2886 4784
1152 350 1194 422 tn

70 451 164 534 quod
190 469 248 514 nec
272 447 377 525 Plato,
400 469 458 513 uec
479 448 533 513 alii
556 453 662 532 graeci
686 451 867 534 philosophi
881 455 1032 518 sudantes
1048 473 1195 537 comprs-

74 554 261 616 henderunt
282 553 314 613 iu
336 550 492 615 Heracliti
513 562 698 633 systemate,
717 554 906 639 hnoopmus
920 557 1088 634 praeclare
1104 559 1198 620 intel·

72 655 182 726 luxit,
205 662 242 716 nt
263 655 335 714 iudo
357 662 517 716 statueret
538 652 633 717 Nosti
656 658 805 735 dogmata
827 657 866 719 de
888 656 956 720 Deo
978 659 1070 721 etde
1092 657 1198 722 Triui-

74 765 143 820 tate
164 757 278 818 erdem
300 756 425 830 haberi,
448 773 533 835 qnae
555 754 740 819 Heraclitus
762 767 854 821 antea
876 760 1081 822 admiserat.-

155 850 256 919 Modn
271 858 380 935 itaque
395 858 606 920 conterantur
621 860 711 922 istius
733 858 916 938 Philosophi
931 880 1042 924 sensns
1054 863 1092 924 de
1110 862 1190 937 beo,

75 958 180 1021 veluti
202 977 256 1021 eos
279 960 440 1021 recensuit
462 960 651 1043 Anonymus
673 978 702 1018 u.
727 955 774 1024 10.
800 980 816 1018 ιι
839 958 923 1022 Dicit
949 968 1059 1023 antem
1089 958 1193 1023 Hera·

72 1061 172 1124 clitus
195 1060 304 1124 muudi
327 1069 359 1122 et
379 1062 538 1135 omnium,
560 1079 644 1140 quae
666 1062 697 1121 iu
718 1061 839 1124 mundo
860 1070 934 1125 snnt
953 1062 1111 1142 judicium
1134 1081 1194 1142 per

71 1165 179 1242 iguem
203 1162 295 1225 lieris
317 1163 405 1241 'quod
430 1163 478 1224 his
500 1164 655 1240 exprimit
678 1164 801 1225 verbis:
825 1160 980 1225 tloioersa
999 1165 1121 1245 fulmen
1134 1182 1194 1243 pu·

71 1263 195 1338 ὸιιιιαι,
218 1265 298 1326 idest
319 1265 470 1343 corrigit3
487 1282 600 1341 nempe
614 1264 736 1326 tulmen
753 1283 869 1328 vocans
887 1268 991 1344 iguem
1006 1275 1187 1328 aeternum.

73 1364 197 1446 Adjicit
216 1375 326 1427 antem
348 1367 452 1444 ignem
473 1383 587 1444 sapere
609 1375 640 1426 et
663 1366 805 1427 universi
826 1366 914 1428 orbis
935 1366 1081 1428 ordinem
1114 1384 1190 1429 cou-

74 1467 230 1529 stitnisse.
256 1485 271 1522 ιι
305 1464 452 1530 Clemens
483 1475 593 1529 antem
622 1466 853 1530 alexandrinus
886 1469 1002 1531 melius
1033 1466 1192 1532 Heracliti

73 1567 263 1629 seutentiam
285 1566 488 1644 explanavit,
511 1569 658 1647 iuquiens
673 1572 704 1630 in
720 1566 942 1630 Admonitiooe
956 1569 1108 1630 aduersus
1121 1586 1196 1648 pen·

70 1674 129 1741 tea,
152 1663 359 1729 Heraclitum
381 1664 486 1746 ipnem
507 1666 617 1729 babere
638 1677 674 1730 ιιι
691 1668 804 1742 Deum,
824 1687 914 1749 qoem
934 1677 1090 1748 tuaquom
1105 1678 1193 1732 ortua

70 1786 180 1831 rerum
197 1766 396 1850 principium
417 1772 535 1834 colunt.
558 1771 600 1834 llt
621 1772 663 1833 ob
684 1773 747 1835 hoc
776 1770 999 1834 Tertullianus
1035 1772 1192 1834 adversus

74 1866 277 1933 Marcionem
299 1868 398 1932 Libro
420 1869 445 1930 l.
469 1891 485 1929 ι
509 1872 674 1951 indignas,
696 1874 753 1948 ait,
775 1871 969 1934 snbstantias
991 1869 1095 1936 Deum
1119 1889 1194 1950 pro·

75 1971 329 2045 nunciaverunt,
353 1980 389 2032 nt
410 1967 527 2033 Thales
549 1987 680 2051 aquam,
705 1981 741 2034 ut
762 1971 949 2034 Heraclitus
965 1971 1082 2049 ignem,
1102 1982 1137 2032 ut
1153 1968 1197 2031 A·

74 2071 261 2133 uaximeues
282 2089 405 2148 aerem,
422 2080 458 2134 nt
481 2071 722 2134 Anaximander
744 2073 892 2134 universa
916 2071 1067 2132 coelestia
1089 2077 1150 2132 etc.
1172 2087 1190 2125 s

74 2170 275 2236 Plutarchus
297 2174 382 2251 apud
406 2172 584 2236 Eusebium
605 2173 704 2236 Libro
724 2171 810 2237 xlv.
826 2170 876 2236 lli.
896 2170 1048 2250 Praepor.
1067 2169 1193 2249 Eooop.

75 2267 284 2352 Heraclitus,
307 2272 435 2352 inquit,
459 2282 491 2336 et
512 2273 674 2354 Hippasus
697 2274 801 2335 omnia
825 2291 865 2334 ex
889 2273 960 2350 igue
982 2273 1085 2346 oriri,
1108 2280 1141 2332 et
1163 2271 1195 2330 in

74 2373 182 2451 iguem
204 2375 310 2436 omnia
331 2374 477 2437 desinere
498 2385 645 2438 asserunt
660 2397 668 2438 ι
686 2399 702 2435 a
720 2372 804 2454 ignis
827 2374 926 2452 igitur
946 2382 978 2434 et
1000 2372 1193 2454 principium

74 2480 138 2548 est,
160 2473 247 2553 quod
271 2493 311 2537 ex
334 2494 372 2537 eo
395 2475 553 2553 prodeant
574 2476 693 2545 omnia,
717 2484 749 2538 ot
772 2476 853 2549 linis,
877 2475 963 2556 quod
989 2476 1019 2535 iu
1042 2474 1192 2536 eumdem

72 2576 181 2637 omnia
204 2575 466 2640 dissolvantur.»
485 2576 627 2657 ideoque
649 2596 725 2640 cum
746 2580 957 2641 substantiam
988 2579 1067 2656 iguis
1090 2574 1193 2638 Hera·

72 2675 172 2738 clitus
195 2674 298 2740 Deum
321 2681 559 2755 pronunciarit,
583 2699 645 2742 nou
668 2683 710 2742 ita
726 2698 801 2741 sane
817 2673 944 2760 putavit
965 2677 1090 2742 Noetus
1102 2699 1113 2753 3
1134 2679 1191 2759 qui

74 2795 140 2840 uon
162 2780 286 2858 ignem,
303 2798 366 2842 nou
388 2780 539 2852 tulmen,
562 2799 620 2843 nec
642 2782 797 2843 muudum
820 2791 965 2844 creatum
990 2782 1102 2844 docuit
1125 2796 1195 2843 esse

74 2877 201 2942 Deum:
225 2879 278 2942 sed
302 2899 343 2942 ex
366 2881 504 2944 adverso
526 2879 584 2944 Hei
606 2893 798 2958 creaturas,
823 2901 904 2963 opns
931 2881 1011 2955 Hei,
1036 2882 1192 2944 muudum

75 2989 109 3044 et
131 2984 251 3055 omnia,
268 3000 353 3060 quae
373 2984 405 3042 in
427 3000 466 3043 eo
488 2994 574 3057 sunt,
598 2985 827 3056 consideravit,
852 3003 981 3046 causam
1009 2986 1049 3044 ab
1071 2982 1191 3045 ellectu

75 3088 152 3160 apte
181 3080 399 3159 distinguens:
428 3099 557 3145 causam
589 3103 702 3164 nempe
731 3085 838 3145 dicens
866 3082 993 3155 ileum,
1019 3085 1189 3143 essentiam

64 3186 137 3261 ‘per
157 3201 192 3246 se
213 3185 427 3253 existentem,
448 3191 482 3246 et
503 3194 683 3247 creatorem
709 3188 853 3247 omnium
865 3205 875 3262 3
900 3186 1087 3246 universum
1113 3200 1190 3244 vero

73 3300 192 3345 vocans
213 3301 291 3371 snae
314 3285 562 3362 omnipotentiae
584 3285 756 3363 ellectum3
775 3286 875 3347 veluti
890 3304 930 3346 ex
949 3284 1106 3361 Apostolo
1123 3285 1190 3361 ipse

74 3383 201 3447 Noetus
224 3404 254 3447 n.
276 3384 306 3450 2.
331 3389 397 3448 ait:
420 3386 478 3465 qni
497 3396 542 3448 est
571 3404 664 3466 snper
695 3385 802 3450 omnio
834 3384 919 3448 Dens
949 3382 1126 3446 benedictos
1156 3382 1193 3444 io

72 3484 198 3547 seculo.

157 3587 348 3670 Anonymus
369 3589 573 3654 Heraclitum
594 3591 781 3671 loquentem
804 3589 948 3652 inducite
967 3587 1189 3659 «Audiamus,

72 3688 135 3763 ait,
157 3705 232 3752 eum
255 3691 412 3754 dicentem
436 3691 566 3755 Patrem
588 3702 773 3756 creatarum
796 3709 908 3754 rerum
930 3691 1073 3753 omnium
1103 3704 1193 3750 crea·

75 3801 148 3853 tum
170 3798 202 3853 et
224 3792 419 3868 increatum,
433 3796 701 3873 conditoremque
723 3812 791 3855 esse
807 3802 838 3854 et
853 3799 1048 3855 creaturam.
1067 3787 1192 3850 Bellum

70 3888 218 3954 omnium
238 3891 364 3970 quidem
390 3893 487 3957 Pater
507 3903 563 3968 est,
586 3893 726 3956 omnium
741 3902 845 3955 antem
858 3910 937 3952 reor:
957 3891 1013 3951 hos
1033 3904 1108 3948 sane
1121 3887 1193 3946 deos

68 3991 221 4064 ostendit,
243 3993 323 4057 alios
344 3993 504 4068 bominem·
525 3996 581 4056 bos
602 4014 707 4056 servos
726 3993 827 4074 fecit,
850 3992 924 4055 iilos
946 4001 1049 4053 cotem
1070 3990 1191 4053 liberos.

71 4091 166 4156 Haec
190 4096 350 4159 tenebrosi
373 4096 559 4177 Philosophi
581 4097 705 4159 locutio
728 4097 832 4158 illusit
854 4095 1037 4176 Anonymo,
1061 4102 1096 4156 ut
1119 4093 1192 4153 biuc

71 4207 223 4274 erueret,
246 4195 388 4264 Nestum
411 4200 523 4264 eadem
545 4201 663 4262 sentire
684 4217 721 4260 ac
744 4196 940 4261 Heraclitus.
964 4195 1085 4258 Tamen
1106 4191 1192 4256 Noe·

970 4296 989 4359 5
