2886 4784
273 420 308 493 ln
329 449 396 511 qno
418 450 480 494 non
502 440 549 494 est
572 440 607 495 nt
631 433 769 495 alterins
788 434 1014 508 immoremur,
1035 452 1110 497 cum
1132 453 1172 497 ex
1195 435 1309 513 priscis
1332 431 1391 500 Pa·

274 531 376 594 tribus
399 533 567 611 perspicue
588 540 724 606 constet,
744 531 921 596 Ecclesiam
937 531 1152 612 catholicam,
1171 544 1388 616 cunctosque,

276 636 400 698 nemine
421 640 570 713 excepto,
594 651 738 696 summos
761 633 928 698 Pontifices
951 646 1024 698 ante
1045 642 1170 717 etpost
1191 636 1318 701 Callisti
1339 656 1388 701 ru·

274 745 373 800 talem
402 745 559 816 perpetuo
592 737 820 815 comprobasse
853 740 1104 816 poenitentiam:
1125 758 1142 798 ι
1165 737 1260 801 Enim
1283 756 1384 813 vero,

273 837 384 902 scribit
406 857 433 899 s.
456 836 653 917 Epiphanius
684 837 840 900 adversus
876 835 1029 900 Gatbmm
1057 837 1192 903 Haeresi
1224 837 1277 905 59.
1304 857 1336 902 ιι.
1356 837 1383 903 1.

273 938 416 1016 perlecta
440 938 471 1000 in
493 937 651 1015 baptismo
673 935 802 1015 quidem
827 939 1021 1015 poenitentia
1044 947 1102 1001 est.
1125 939 1200 1014 Sed,
1217 940 1320 1019 siquis
1333 958 1385 1003 ex·

272 1037 409 1111 ciderit,
434 1056 497 1100 non
519 1038 613 1099 illum
635 1047 741 1100 sancta
766 1036 824 1100 Dei
848 1037 992 1100 Ecclesia
1015 1039 1302 1120 perditnmvelit3
1325 1042 1384 1103 imo

273 1149 306 1203 et
327 1148 516 1219 receptum,
539 1146 664 1219 etpost
685 1140 912 1218 poenitentiam
935 1141 1081 1202 mutandi
1101 1142 1226 1206 consilii
1250 1141 1383 1205 faculta-

278 1250 342 1306 tem
364 1240 521 1319 indulget.
545 1259 561 1297 s

354 1338 428 1403 Hoc
448 1347 558 1411 antem
579 1335 800 1401 Tertullianus
831 1338 863 1399 in
891 1335 992 1402 Libro
1023 1336 1065 1402 De
1088 1337 1285 1418 poenitentia
1304 1335 1382 1410 mi„

273 1440 448 1504 admodum
471 1439 562 1502 nobis
583 1439 614 1500 in
636 1438 686 1501 bis
706 1437 908 1513 inserviens,
931 1437 1058 1519 inquit:
1079 1457 1098 1500 ι
1118 1438 1279 1503 Omnibus
1310 1456 1383 1520 ergo

270 1540 410 1616 delictis,
427 1557 485 1603 sen
507 1557 616 1614 carne,
632 1557 690 1602 sen
706 1539 836 1618 spiritu,
852 1558 909 1602 seu
924 1539 1023 1615 iactu,
1039 1559 1097 1604 sen
1116 1540 1287 1605 volontate
1302 1558 1384 1605 com·

220 1640 224 1646 ’
274 1643 388 1717 missis,
404 1643 460 1722 qui
482 1659 618 1722 poenam
641 1657 699 1720 per
717 1638 877 1719 iudicium
900 1642 1084 1716 destinavit,
1101 1641 1184 1704 idem
1206 1650 1239 1704 et
1262 1642 1383 1705 reniam

272 1760 330 1823 per
350 1745 579 1824 poenitentiam
600 1741 772 1819 spopondit
793 1742 900 1804 diceus
921 1742 961 1803 ad
984 1743 1167 1822 populum:
1187 1739 1385 1822 possesse

271 1845 396 1907 salvum
416 1852 444 1905 te
462 1840 573 1923 saciat.
601 1841 639 1905 Et
662 1844 802 1904 iterum:
828 1840 908 1918 uino,
923 1845 1027 1923 inquit
1049 1841 1217 1918 Dominus,
1234 1851 1267 1906 et
1278 1842 1384 1924 poest-

272 1943 402 2009 teutium
423 1945 506 2006 mulo
526 1962 621 2025 quam
643 1951 779 2006 mortem.
806 1942 891 2023 Ergo
913 1946 1106 2023 poenitentia
1125 1948 1188 2008 rita
1204 1953 1265 2019 est,
1282 1962 1383 2026 quum

272 2048 485 2126 praeponitur
507 2045 613 2106 morti.
638 2063 653 2100 a
677 2040 719 2105 Et
741 2045 839 2123 paulo
862 2054 932 2122 post
954 2063 983 2106 n.
1004 2043 1035 2108 7.
1060 2044 1188 2108 «Haec
1210 2045 1315 2126 igitur
1337 2062 1384 2109 tc·

273 2166 350 2211 nena
374 2148 444 2228 ejus
466 2147 637 2226 providens
660 2142 770 2220 Deus,
791 2147 900 2209 clausa
922 2147 998 2209 licet
1020 2148 1237 2226 ignoscentiae
1262 2148 1383 2229 janua,

272 2257 304 2311 et
326 2247 519 2309 intinctionis
539 2263 612 2307 sera
634 2245 816 2320 obstructa,
838 2246 958 2325 aliquid
982 2246 1089 2310 adbuc
1104 2249 1249 2327 permisit
1265 2256 1382 2327 patere.

270 2347 452 2413 Collocavit
474 2348 505 2408 in
531 2346 691 2408 vestibulo
708 2348 937 2424 poenitentiam
953 2349 1140 2422 secundam,
1156 2366 1241 2427 quae
1256 2348 1383 2428 pulsan·

270 2451 356 2513 tibus
379 2448 553 2527 patefaciat
574 2489 708 2508 .....
734 2446 855 2510 Verum
882 2467 945 2510 nou
972 2451 1079 2512 statim
1106 2450 1323 2513 succidendus
1349 2464 1384 2512 ac

268 2548 475 2611 subruendus
497 2558 545 2608 est
565 2549 692 2608 animus
709 2547 944 2627 desperatione,
960 2550 986 2611 si
1001 2550 1162 2611 secundae
1183 2550 1256 2629 quis
1280 2550 1384 2628 poeni·

269 2652 386 2714 tentiae
408 2650 535 2711 debitor
557 2647 668 2711 tuerit.
695 2648 804 2728 Pigeat
824 2669 900 2712 sane
923 2661 1060 2729 peccare
1082 2668 1212 2724 rursus,
1235 2651 1292 2712 sed
1315 2666 1384 2714 rur·

269 2771 325 2815 sus
349 2751 514 2831 poenitere
536 2768 598 2813 non
622 2751 748 2830 pigent:
773 2753 878 2831 pigeat
901 2754 1019 2814 ilerum
1043 2752 1235 2831 periclitari,
1249 2751 1307 2814 sed
1327 2767 1383 2813 nou

272 2853 390 2913 iterum
407 2849 551 2911 liberari.
569 2849 736 2912 Neminem
750 2850 879 2929 pudeat.
897 2849 1035 2914 iteratae
1048 2851 1241 2915 valetudinis
1256 2848 1382 2930 (morbi)

272 2952 417 3012 iteranda
441 2951 599 3012 medicina
622 2961 680 3013 est.
705 2970 721 3009 n

353 3048 399 3114 lta
422 3053 452 3113 in
475 3054 537 3115 boc
558 3050 714 3116 Tractstu
737 3052 893 3117 disserens
916 3051 1155 3127 Tertullianus,
1168 3053 1320 3133 quamvis
1339 3069 1381 3115 se·

273 3153 339 3214 rius
361 3154 488 3230 putavit
509 3150 667 3231 quaedam
684 3155 880 3231 aspernatis
897 3152 967 3216 iore
983 3153 1228 3229 irremissibilia,
1244 3161 1382 3216 attamen

273 3251 368 3314 modo
391 3252 518 3315 onllnm
543 3251 679 3332 denegat
702 3254 915 3332 poenitentiae
936 3254 1047 3315 locum
1069 3254 1119 3327 iis,
1142 3253 1198 3332 qui
1220 3260 1296 3332 post
1313 3252 1382 3330 bap·

273 3353 401 3414 tisinum
425 3363 607 3430 peccarent.
630 3353 711 3416 Cum
734 3372 824 3432 ergo,
842 3354 956 3431 inquit,
979 3354 1073 3415 sicuti
1095 3354 1208 3426 ceteri,
1231 3355 1382 3432 quicum

273 3470 491 3531 praecessere,
515 3454 664 3516 omnibus
686 3454 822 3525 delictis,
846 3455 943 3516 nnllis
960 3454 1114 3533 exceptis,
1134 3453 1257 3514 veniam
1275 3470 1383 3516 cones-

239 3539 243 3546 ⁶
273 3555 305 3614 di
329 3555 359 3613 in
384 3551 526 3615 Ecclesia
550 3555 604 3629 let
625 3554 655 3615 id
678 3554 788 3617 docuit
810 3552 1031 3617 Tertullianus
1052 3562 1125 3616 aute
1146 3552 1273 3616 Callisti
1301 3563 1383 3618 aetr-

272 3653 359 3727 tem)
383 3651 500 3713 inlsum
523 3653 653 3714 omnino
675 3664 734 3725 est,
757 3655 844 3732 quod
867 3652 980 3733 objicit
1002 3654 1191 3735 Anonymns
1213 3653 1292 3716 bnic
1308 3650 1386 3716 Pon·

273 3751 365 3824 tifici,
389 3752 557 3829 increpans
578 3753 665 3830 qood
689 3754 744 3813 ille
767 3754 891 3832 primus
912 3753 1074 3831 docuerit,
1090 3772 1110 3813 u
1125 3770 1157 3813 se
1174 3762 1308 3831 peccata
1326 3770 1386 3814 om·

271 3849 365 3914 uibus
387 3847 517 3912 dimitti.
543 3850 583 3913 Et
605 3854 634 3913 id
657 3852 790 3915 satisfiat
810 3856 841 3914 in
865 3854 1083 3935 anonymum,
1107 3855 1163 3934 qui
1184 3855 1251 3917 duo
1277 3855 1386 3918 imme·

273 3954 336 4015 rito
358 3950 477 4032 objecit
500 3951 655 4030 Callisto,
679 3973 779 4017 unum
801 3958 888 4034 qnod
912 3957 1035 4035 primns
1056 3956 1292 4036 indulgentiam
1316 3963 1386 4038 post

271 4052 465 4132 baptismum
490 4055 717 4135 peccatoribus
742 4056 924 4131 obtulerit,
945 4058 1088 4122 secundo
1109 4057 1195 4139 quod
1222 4058 1323 4122 talem
1344 4059 1389 4121 ln·

271 4153 469 4234 dulgentiam
486 4157 651 4232 Ecclesiae
672 4157 839 4237 denegarit
860 4159 1016 4222 adversus
1039 4160 1226 4224 immensam
1248 4155 1312 4224 bet
1334 4162 1391 4224 nti·

272 4251 482 4321 sericordiam
505 4265 536 4322 et
559 4259 769 4338 apostolicam
793 4259 1009 4323 traditionem.
