<?xml version="1.0" encoding="UTF-8"?>
<!DOCTYPE html PUBLIC "-//W3C//DTD XHTML 1.0 Transitional//EN"
    "http://www.w3.org/TR/xhtml1/DTD/xhtml1-transitional.dtd">
<html xmlns="http://www.w3.org/1999/xhtml" xml:lang="en" lang="en">
 <head>
  <title>
</title>
<meta http-equiv="Content-Type" content="text/html;charset=utf-8" />
  <meta name='ocr-system' content='tesseract 3.04.00' />
  <meta name='ocr-capabilities' content='ocr_page ocr_carea ocr_par ocr_line ocrx_word'/>
</head>
<body>
  <div class='ocr_page' id='page_1' title='image "./insgregoriinyss00vincgoog/insgregoriinyss00vincgoog_0248.png"; bbox 0 0 2886 4784; ppageno 0'>
   <div class='ocr_carea' id='block_1_1' title="bbox 1234 343 1360 414">
    <p class='ocr_par' dir='ltr' id='par_1_1' title="bbox 1234 343 1360 414">
     <span class='ocr_line' id='line_1_1' title="bbox 1234 343 1360 414; baseline 0 -46"><span class='ocrx_word' id='word_1_1' title='bbox 1234 343 1275 414; x_wconf 77' lang='lat' dir='ltr'>n</span> <span class='ocrx_word' id='word_1_2' title='bbox 1354 355 1360 368; x_wconf 95' lang='lat'><strong><em>.</em></strong></span> 
     </span>
    </p>
   </div>
   <div class='ocr_carea' id='block_1_2' title="bbox 141 451 1273 740">
    <p class='ocr_par' dir='ltr' id='par_1_2' title="bbox 141 451 1273 740">
     <span class='ocr_line' id='line_1_2' title="bbox 144 451 1272 532; baseline -0.009 -10"><span class='ocrx_word' id='word_1_3' title='bbox 144 457 256 522; x_wconf 82' lang='lat' dir='ltr'>Tnmo</span> <span class='ocrx_word' id='word_1_4' title='bbox 282 452 335 520; x_wconf 87' lang='lat' dir='ltr'>lV.</span> <span class='ocrx_word' id='word_1_5' title='bbox 358 477 406 521; x_wconf 88' lang='lat' dir='ltr'>ce.</span> <span class='ocrx_word' id='word_1_6' title='bbox 429 455 516 520; x_wconf 82' lang='lat' dir='ltr'>xvt.</span> <span class='ocrx_word' id='word_1_7' title='bbox 541 453 643 518; x_wconf 81' lang='lat' dir='ltr'>xvii.</span> <span class='ocrx_word' id='word_1_8' title='bbox 672 455 726 516; x_wconf 92' lang='lat' dir='ltr'>ubi</span> <span class='ocrx_word' id='word_1_9' title='bbox 751 455 828 517; x_wconf 91' lang='lat' dir='ltr'>tanti</span> <span class='ocrx_word' id='word_1_10' title='bbox 850 452 990 514; x_wconf 82' lang='lat' dir='ltr'><strong>scandali</strong></span> <span class='ocrx_word' id='word_1_11' title='bbox 1015 451 1205 532; x_wconf 89' lang='lat' dir='ltr'>praesertim</span> <span class='ocrx_word' id='word_1_12' title='bbox 1240 453 1272 512; x_wconf 94' lang='lat' dir='ltr'>in</span> 
     </span>
     <span class='ocr_line' id='line_1_3' title="bbox 143 553 1273 638; baseline -0.008 -14"><span class='ocrx_word' id='word_1_13' title='bbox 143 561 279 634; x_wconf 80' lang='lat' dir='ltr'>Africa,</span> <span class='ocrx_word' id='word_1_14' title='bbox 297 561 328 623; x_wconf 89' lang='lat' dir='ltr'>in</span> <span class='ocrx_word' id='word_1_15' title='bbox 347 557 437 620; x_wconf 89' lang='lat' dir='ltr'>ltalia</span> <span class='ocrx_word' id='word_1_16' title='bbox 460 559 627 638; x_wconf 80' lang='lat' dir='ltr'>Superiori</span> <span class='ocrx_word' id='word_1_17' title='bbox 650 565 682 617; x_wconf 93' lang='lat' dir='ltr'>et</span> <span class='ocrx_word' id='word_1_18' title='bbox 706 555 837 638; x_wconf 74' lang='lat' dir='ltr'>illyrico</span> <span class='ocrx_word' id='word_1_19' title='bbox 859 572 976 616; x_wconf 90' lang='lat' dir='ltr'>causae</span> <span class='ocrx_word' id='word_1_20' title='bbox 1001 555 1197 632; x_wconf 88' lang='lat' dir='ltr'>potissimae,</span> <span class='ocrx_word' id='word_1_21' title='bbox 1214 553 1273 615; x_wconf 89' lang='lat' dir='ltr'>hu·</span> 
     </span>
     <span class='ocr_line' id='line_1_4' title="bbox 141 655 1273 740; baseline -0.008 -14"><span class='ocrx_word' id='word_1_22' title='bbox 141 679 279 740; x_wconf 86' lang='lat' dir='ltr'>cusqne</span> <span class='ocrx_word' id='word_1_23' title='bbox 303 658 438 721; x_wconf 90' lang='lat' dir='ltr'>fortasse</span> <span class='ocrx_word' id='word_1_24' title='bbox 456 661 633 737; x_wconf 79' lang='lat' dir='ltr'>ignoratae,</span> <span class='ocrx_word' id='word_1_25' title='bbox 651 656 804 738; x_wconf 82' lang='lat' dir='ltr'>patefiunt</span> <span class='ocrx_word' id='word_1_26' title='bbox 816 677 827 734; x_wconf 90' lang='lat'>;</span> <span class='ocrx_word' id='word_1_27' title='bbox 850 675 934 736; x_wconf 91' lang='lat' dir='ltr'>quae</span> <span class='ocrx_word' id='word_1_28' title='bbox 957 656 1028 718; x_wconf 91' lang='lat' dir='ltr'>iden</span> <span class='ocrx_word' id='word_1_29' title='bbox 1049 655 1164 717; x_wconf 92' lang='lat' dir='ltr'>lectori</span> <span class='ocrx_word' id='word_1_30' title='bbox 1186 673 1273 718; x_wconf 87' lang='lat' dir='ltr'>snm·</span> 
     </span>
    </p>
   </div>
   <div class='ocr_carea' id='block_1_3' title="bbox 144 760 1274 942">
    <p class='ocr_par' dir='ltr' id='par_1_3' title="bbox 144 760 1274 942">
     <span class='ocr_line' id='line_1_5' title="bbox 144 760 594 840; baseline -0.018 -13"><span class='ocrx_word' id='word_1_31' title='bbox 144 780 291 840; x_wconf 86' lang='lat' dir='ltr'>mopere</span> <span class='ocrx_word' id='word_1_32' title='bbox 315 760 594 824; x_wconf 74' lang='lat' dir='ltr'><strong>commendantur.</strong></span> 
     </span>
     <span class='ocr_line' id='line_1_6' title="bbox 233 855 1274 942; baseline -0.005 -17"><span class='ocrx_word' id='word_1_33' title='bbox 233 862 343 942; x_wconf 84' lang='lat' dir='ltr'>Siquis</span> <span class='ocrx_word' id='word_1_34' title='bbox 366 873 475 924; x_wconf 90' lang='lat' dir='ltr'>autem</span> <span class='ocrx_word' id='word_1_35' title='bbox 501 862 578 924; x_wconf 89' lang='lat' dir='ltr'>relit</span> <span class='ocrx_word' id='word_1_36' title='bbox 600 861 697 941; x_wconf 84' lang='lat' dir='ltr'>hujus</span> <span class='ocrx_word' id='word_1_37' title='bbox 719 861 812 922; x_wconf 92' lang='lat' dir='ltr'>lictae</span> <span class='ocrx_word' id='word_1_38' title='bbox 835 855 1015 922; x_wconf 82' lang='lat' dir='ltr'>discordiae</span> <span class='ocrx_word' id='word_1_39' title='bbox 1030 869 1062 921; x_wconf 92' lang='lat' dir='ltr'>et</span> <span class='ocrx_word' id='word_1_40' title='bbox 1078 859 1274 936; x_wconf 86' lang='lat' dir='ltr'>persecutio·</span> 
     </span>
    </p>
   </div>
   <div class='ocr_carea' id='block_1_4' title="bbox 142 960 1276 2985">
    <p class='ocr_par' dir='ltr' id='par_1_4' title="bbox 142 960 1276 2572">
     <span class='ocr_line' id='line_1_7' title="bbox 142 960 1276 1044; baseline -0.004 -18"><span class='ocrx_word' id='word_1_41' title='bbox 142 983 245 1036; x_wconf 92' lang='lat' dir='ltr'>num,</span> <span class='ocrx_word' id='word_1_42' title='bbox 263 981 344 1042; x_wconf 87' lang='lat' dir='ltr'>quas</span> <span class='ocrx_word' id='word_1_43' title='bbox 361 984 490 1044; x_wconf 84' lang='lat' dir='ltr'>passum</span> <span class='ocrx_word' id='word_1_44' title='bbox 507 983 575 1026; x_wconf 89' lang='lat' dir='ltr'>esse</span> <span class='ocrx_word' id='word_1_45' title='bbox 590 960 746 1042; x_wconf 75' lang='lat' dir='ltr'>vigilium</span> <span class='ocrx_word' id='word_1_46' title='bbox 763 982 779 1023; x_wconf 91' lang='lat' dir='ltr'>a</span> <span class='ocrx_word' id='word_1_47' title='bbox 796 961 815 1025; x_wconf 84' lang='lat' dir='ltr'>J</span> <span class='ocrx_word' id='word_1_48' title='bbox 821 964 980 1024; x_wconf 89' lang='lat' dir='ltr'>nstiniano</span> <span class='ocrx_word' id='word_1_49' title='bbox 997 962 1027 1021; x_wconf 92' lang='lat' dir='ltr'>in</span> <span class='ocrx_word' id='word_1_50' title='bbox 1047 961 1163 1034; x_wconf 76' lang='lat' dir='ltr'>vulgus</span> <span class='ocrx_word' id='word_1_51' title='bbox 1185 979 1276 1039; x_wconf 88' lang='lat' dir='ltr'>spar-</span> 
     </span>
     <span class='ocr_line' id='line_1_8' title="bbox 143 1058 1276 1146; baseline -0.004 -18"><span class='ocrx_word' id='word_1_52' title='bbox 143 1067 273 1146; x_wconf 76' lang='lat' dir='ltr'>gebant</span> <span class='ocrx_word' id='word_1_53' title='bbox 297 1067 458 1140; x_wconf 81' lang='lat' dir='ltr'>nonnulli,</span> <span class='ocrx_word' id='word_1_54' title='bbox 481 1067 675 1141; x_wconf 80' lang='lat' dir='ltr'>investigare</span> <span class='ocrx_word' id='word_1_55' title='bbox 696 1083 825 1137; x_wconf 87' lang='lat' dir='ltr'>causas,</span> <span class='ocrx_word' id='word_1_56' title='bbox 845 1064 900 1125; x_wconf 88' lang='lat' dir='ltr'>bas</span> <span class='ocrx_word' id='word_1_57' title='bbox 925 1065 1083 1124; x_wconf 88' lang='lat' dir='ltr'>invenerit</span> <span class='ocrx_word' id='word_1_58' title='bbox 1104 1081 1120 1123; x_wconf 89' lang='lat' dir='ltr'>a</span> <span class='ocrx_word' id='word_1_59' title='bbox 1144 1058 1276 1123; x_wconf 79' lang='lat' dir='ltr'>Victore</span> 
     </span>
     <span class='ocr_line' id='line_1_9' title="bbox 144 1161 1274 1245; baseline -0.006 -14"><span class='ocrx_word' id='word_1_60' title='bbox 144 1175 183 1231; x_wconf 80' lang='lat' dir='ltr'>et</span> <span class='ocrx_word' id='word_1_61' title='bbox 210 1164 367 1229; x_wconf 80' lang='lat' dir='ltr'>Facundo</span> <span class='ocrx_word' id='word_1_62' title='bbox 388 1176 524 1229; x_wconf 87' lang='lat' dir='ltr'>notatas.</span> <span class='ocrx_word' id='word_1_63' title='bbox 543 1164 608 1242; x_wconf 80' lang='lat' dir='ltr'>Qui</span> <span class='ocrx_word' id='word_1_64' title='bbox 625 1167 738 1245; x_wconf 91' lang='lat' dir='ltr'>utique</span> <span class='ocrx_word' id='word_1_65' title='bbox 762 1175 868 1238; x_wconf 87' lang='lat' dir='ltr'>testes,</span> <span class='ocrx_word' id='word_1_66' title='bbox 891 1167 967 1226; x_wconf 93' lang='lat' dir='ltr'>dum</span> <span class='ocrx_word' id='word_1_67' title='bbox 989 1172 1104 1242; x_wconf 79' lang='lat' dir='ltr'>negant</span> <span class='ocrx_word' id='word_1_68' title='bbox 1125 1165 1204 1226; x_wconf 87' lang='lat' dir='ltr'>banc</span> <span class='ocrx_word' id='word_1_69' title='bbox 1221 1161 1274 1225; x_wconf 88' lang='lat' dir='ltr'>Vi·</span> 
     </span>
     <span class='ocr_line' id='line_1_10' title="bbox 144 1267 1274 1350; baseline -0.002 -20"><span class='ocrx_word' id='word_1_70' title='bbox 144 1269 224 1350; x_wconf 78' lang='lat' dir='ltr'>gilii</span> <span class='ocrx_word' id='word_1_71' title='bbox 246 1268 441 1331; x_wconf 83' lang='lat' dir='ltr'>discordiam</span> <span class='ocrx_word' id='word_1_72' title='bbox 465 1286 538 1332; x_wconf 92' lang='lat' dir='ltr'>eum</span> <span class='ocrx_word' id='word_1_73' title='bbox 561 1267 743 1332; x_wconf 85' lang='lat' dir='ltr'>lnstirriano</span> <span class='ocrx_word' id='word_1_74' title='bbox 765 1277 794 1328; x_wconf 88' lang='lat' dir='ltr'>et</span> <span class='ocrx_word' id='word_1_75' title='bbox 819 1267 891 1329; x_wconf 89' lang='lat' dir='ltr'>bine</span> <span class='ocrx_word' id='word_1_76' title='bbox 912 1271 1093 1345; x_wconf 88' lang='lat' dir='ltr'>suppositas</span> <span class='ocrx_word' id='word_1_77' title='bbox 1123 1284 1274 1345; x_wconf 92' lang='lat' dir='ltr'>persecu·</span> 
     </span>
     <span class='ocr_line' id='line_1_11' title="bbox 145 1368 1275 1452; baseline -0.004 -17"><span class='ocrx_word' id='word_1_78' title='bbox 145 1371 272 1446; x_wconf 86' lang='lat' dir='ltr'>tiones,</span> <span class='ocrx_word' id='word_1_79' title='bbox 295 1390 375 1450; x_wconf 87' lang='lat' dir='ltr'>quas</span> <span class='ocrx_word' id='word_1_80' title='bbox 398 1389 510 1452; x_wconf 89' lang='lat' dir='ltr'>passus</span> <span class='ocrx_word' id='word_1_81' title='bbox 531 1371 653 1434; x_wconf 92' lang='lat' dir='ltr'>dicitur</span> <span class='ocrx_word' id='word_1_82' title='bbox 666 1389 678 1449; x_wconf 88' lang='lat'>;</span> <span class='ocrx_word' id='word_1_83' title='bbox 701 1370 845 1433; x_wconf 88' lang='lat' dir='ltr'>fatentur</span> <span class='ocrx_word' id='word_1_84' title='bbox 869 1380 974 1431; x_wconf 90' lang='lat' dir='ltr'>tamen</span> <span class='ocrx_word' id='word_1_85' title='bbox 996 1388 1169 1433; x_wconf 80' lang='lat' dir='ltr'>aerumnas</span> <span class='ocrx_word' id='word_1_86' title='bbox 1195 1368 1275 1432; x_wconf 90' lang='lat' dir='ltr'>tales</span> 
     </span>
     <span class='ocr_line' id='line_1_12' title="bbox 143 1466 1275 1554; baseline -0.004 -18"><span class='ocrx_word' id='word_1_87' title='bbox 143 1490 311 1554; x_wconf 85' lang='lat' dir='ltr'>procaces</span> <span class='ocrx_word' id='word_1_88' title='bbox 335 1474 433 1535; x_wconf 91' lang='lat' dir='ltr'>trium</span> <span class='ocrx_word' id='word_1_89' title='bbox 457 1466 686 1553; x_wconf 77' lang='lat' dir='ltr'>capitulorum</span> <span class='ocrx_word' id='word_1_90' title='bbox 709 1472 894 1535; x_wconf 89' lang='lat' dir='ltr'>defensores</span> <span class='ocrx_word' id='word_1_91' title='bbox 918 1471 1102 1553; x_wconf 73' lang='lat' dir='ltr'>pertulisse,</span> <span class='ocrx_word' id='word_1_92' title='bbox 1119 1472 1205 1552; x_wconf 91' lang='lat' dir='ltr'>qnod</span> <span class='ocrx_word' id='word_1_93' title='bbox 1221 1472 1275 1533; x_wconf 90' lang='lat' dir='ltr'>de·</span> 
     </span>
     <span class='ocr_line' id='line_1_13' title="bbox 146 1573 1274 1655; baseline -0.001 -16"><span class='ocrx_word' id='word_1_94' title='bbox 146 1587 249 1640; x_wconf 86' lang='lat' dir='ltr'>creto</span> <span class='ocrx_word' id='word_1_95' title='bbox 272 1577 485 1638; x_wconf 88' lang='lat' dir='ltr'>damnationis</span> <span class='ocrx_word' id='word_1_96' title='bbox 518 1576 708 1638; x_wconf 89' lang='lat' dir='ltr'>obstiterint.</span> <span class='ocrx_word' id='word_1_97' title='bbox 734 1575 840 1655; x_wconf 83' lang='lat' dir='ltr'>lnquit</span> <span class='ocrx_word' id='word_1_98' title='bbox 863 1573 992 1638; x_wconf 83' lang='lat' dir='ltr'>Victor:</span> <span class='ocrx_word' id='word_1_99' title='bbox 1017 1597 1033 1634; x_wconf 81' lang='lat' dir='ltr'>rr</span> <span class='ocrx_word' id='word_1_100' title='bbox 1057 1574 1130 1637; x_wconf 88' lang='lat' dir='ltr'>Post</span> <span class='ocrx_word' id='word_1_101' title='bbox 1151 1573 1274 1640; x_wconf 88' lang='lat' dir='ltr'>Consu·</span> 
     </span>
     <span class='ocr_line' id='line_1_14' title="bbox 142 1662 1273 1742; baseline -0.002 -2"><span class='ocrx_word' id='word_1_102' title='bbox 142 1678 258 1740; x_wconf 90' lang='lat' dir='ltr'>latum</span> <span class='ocrx_word' id='word_1_103' title='bbox 282 1675 391 1739; x_wconf 75' lang='lat' dir='ltr'>basilii</span> <span class='ocrx_word' id='word_1_104' title='bbox 415 1695 466 1738; x_wconf 93' lang='lat' dir='ltr'>an.</span> <span class='ocrx_word' id='word_1_105' title='bbox 480 1673 552 1740; x_wconf 82' lang='lat' dir='ltr'>&#39;llll</span> <span class='ocrx_word' id='word_1_106' title='bbox 558 1721 694 1739; x_wconf 91' lang='grc'><strong>.....</strong></span> <span class='ocrx_word' id='word_1_107' title='bbox 719 1675 932 1741; x_wconf 88' lang='lat' dir='ltr'>Verecundus</span> <span class='ocrx_word' id='word_1_108' title='bbox 953 1662 1109 1742; x_wconf 89' lang='lat' dir='ltr'>ecclesiae</span> <span class='ocrx_word' id='word_1_109' title='bbox 1140 1676 1273 1738; x_wconf 82' lang='lat' dir='ltr'>nicensis</span> 
     </span>
     <span class='ocr_line' id='line_1_15' title="bbox 147 1779 1273 1859; baseline -0.004 -16"><span class='ocrx_word' id='word_1_110' title='bbox 147 1779 330 1859; x_wconf 87' lang='lat' dir='ltr'>episcopus</span> <span class='ocrx_word' id='word_1_111' title='bbox 351 1780 382 1840; x_wconf 87' lang='lat' dir='ltr'>iu</span> <span class='ocrx_word' id='word_1_112' title='bbox 404 1779 588 1842; x_wconf 80' lang='lat' dir='ltr'>defensione</span> <span class='ocrx_word' id='word_1_113' title='bbox 611 1790 866 1844; x_wconf 90' lang='lat' dir='ltr'>memoratorum</span> <span class='ocrx_word' id='word_1_114' title='bbox 882 1780 1123 1859; x_wconf 74' lang='lat' dir='ltr'>capitulorum,</span> <span class='ocrx_word' id='word_1_115' title='bbox 1140 1779 1273 1842; x_wconf 82' lang='lat' dir='ltr'>Chalce-</span> 
     </span>
     <span class='ocr_line' id='line_1_16' title="bbox 150 1880 1273 1961; baseline 0 -17"><span class='ocrx_word' id='word_1_116' title='bbox 150 1882 242 1944; x_wconf 87' lang='lat' dir='ltr'>done</span> <span class='ocrx_word' id='word_1_117' title='bbox 266 1880 369 1958; x_wconf 91' lang='lat' dir='ltr'>urbe,</span> <span class='ocrx_word' id='word_1_118' title='bbox 396 1882 449 1943; x_wconf 93' lang='lat' dir='ltr'>ubi</span> <span class='ocrx_word' id='word_1_119' title='bbox 474 1882 637 1961; x_wconf 80' lang='lat' dir='ltr'>refugium</span> <span class='ocrx_word' id='word_1_120' title='bbox 662 1882 805 1954; x_wconf 90' lang='lat' dir='ltr'>fecerat,</span> <span class='ocrx_word' id='word_1_121' title='bbox 835 1886 867 1944; x_wconf 90' lang='lat' dir='ltr'>in</span> <span class='ocrx_word' id='word_1_122' title='bbox 899 1883 1079 1945; x_wconf 85' lang='lat' dir='ltr'>diversorio</span> <span class='ocrx_word' id='word_1_123' title='bbox 1111 1882 1273 1961; x_wconf 80' lang='lat' dir='ltr'>gloriosae</span> 
     </span>
     <span class='ocr_line' id='line_1_17' title="bbox 149 1976 1270 2063; baseline -0.001 -18"><span class='ocrx_word' id='word_1_124' title='bbox 149 1983 271 2045; x_wconf 80' lang='lat' dir='ltr'>matris</span> <span class='ocrx_word' id='word_1_125' title='bbox 298 1979 499 2060; x_wconf 84' lang='lat' dir='ltr'>Euphemiae</span> <span class='ocrx_word' id='word_1_126' title='bbox 531 1976 570 2045; x_wconf 83' lang='lat' dir='ltr'>de</span> <span class='ocrx_word' id='word_1_127' title='bbox 603 1984 662 2046; x_wconf 90' lang='lat' dir='ltr'>bac</span> <span class='ocrx_word' id='word_1_128' title='bbox 693 1984 756 2046; x_wconf 89' lang='lat' dir='ltr'>vita</span> <span class='ocrx_word' id='word_1_129' title='bbox 790 1985 942 2063; x_wconf 79' lang='lat' dir='ltr'>migrarit</span> <span class='ocrx_word' id='word_1_130' title='bbox 972 1985 1010 2045; x_wconf 90' lang='lat' dir='ltr'>ad</span> <span class='ocrx_word' id='word_1_131' title='bbox 1045 1981 1229 2045; x_wconf 85' lang='lat' dir='ltr'>Dominum.</span> <span class='ocrx_word' id='word_1_132' title='bbox 1254 2003 1270 2040; x_wconf 85' lang='lat' dir='ltr'>n</span> 
     </span>
     <span class='ocr_line' id='line_1_18' title="bbox 148 2083 1270 2165; baseline 0 -19"><span class='ocrx_word' id='word_1_133' title='bbox 148 2083 237 2146; x_wconf 88' lang='lat' dir='ltr'>ltem</span> <span class='ocrx_word' id='word_1_134' title='bbox 261 2085 300 2144; x_wconf 89' lang='lat' dir='ltr'>de</span> <span class='ocrx_word' id='word_1_135' title='bbox 321 2098 381 2145; x_wconf 86' lang='lat' dir='ltr'>suo</span> <span class='ocrx_word' id='word_1_136' title='bbox 404 2096 434 2145; x_wconf 91' lang='lat' dir='ltr'>et</span> <span class='ocrx_word' id='word_1_137' title='bbox 449 2084 591 2147; x_wconf 88' lang='lat' dir='ltr'>aliorum</span> <span class='ocrx_word' id='word_1_138' title='bbox 609 2089 835 2164; x_wconf 88' lang='lat' dir='ltr'>episcoporum</span> <span class='ocrx_word' id='word_1_139' title='bbox 851 2087 1029 2148; x_wconf 87' lang='lat' dir='ltr'>schismatis</span> <span class='ocrx_word' id='word_1_140' title='bbox 1046 2094 1270 2165; x_wconf 77' lang='lat' dir='ltr'>promotorum</span> 
     </span>
     <span class='ocr_line' id='line_1_19' title="bbox 147 2185 1270 2265; baseline 0.001 -16"><span class='ocrx_word' id='word_1_141' title='bbox 147 2185 258 2249; x_wconf 80' lang='lat' dir='ltr'>exilio</span> <span class='ocrx_word' id='word_1_142' title='bbox 280 2185 440 2265; x_wconf 87' lang='lat' dir='ltr'>loquitur.</span> <span class='ocrx_word' id='word_1_143' title='bbox 465 2185 601 2249; x_wconf 89' lang='lat' dir='ltr'>Etcum</span> <span class='ocrx_word' id='word_1_144' title='bbox 624 2190 719 2251; x_wconf 84' lang='lat' dir='ltr'>ambo</span> <span class='ocrx_word' id='word_1_145' title='bbox 741 2191 780 2250; x_wconf 92' lang='lat' dir='ltr'>de</span> <span class='ocrx_word' id='word_1_146' title='bbox 802 2208 836 2251; x_wconf 88' lang='lat' dir='ltr'>se</span> <span class='ocrx_word' id='word_1_147' title='bbox 858 2188 948 2251; x_wconf 90' lang='lat' dir='ltr'>etde</span> <span class='ocrx_word' id='word_1_148' title='bbox 970 2191 1035 2251; x_wconf 90' lang='lat' dir='ltr'>suis</span> <span class='ocrx_word' id='word_1_149' title='bbox 1057 2192 1099 2250; x_wconf 91' lang='lat' dir='ltr'>ita</span> <span class='ocrx_word' id='word_1_150' title='bbox 1123 2199 1270 2263; x_wconf 89' lang='lat' dir='ltr'>narrant,</span> 
     </span>
     <span class='ocr_line' id='line_1_20' title="bbox 147 2288 1271 2370; baseline 0.003 -19"><span class='ocrx_word' id='word_1_151' title='bbox 147 2296 270 2367; x_wconf 83' lang='lat' dir='ltr'>aperte</span> <span class='ocrx_word' id='word_1_152' title='bbox 293 2298 406 2366; x_wconf 80' lang='lat' dir='ltr'>negant</span> <span class='ocrx_word' id='word_1_153' title='bbox 430 2290 503 2351; x_wconf 90' lang='lat' dir='ltr'>talia</span> <span class='ocrx_word' id='word_1_154' title='bbox 527 2308 543 2352; x_wconf 94' lang='lat' dir='ltr'>a</span> <span class='ocrx_word' id='word_1_155' title='bbox 567 2289 749 2354; x_wconf 69' lang='lat' dir='ltr'>,lustinianu</span> <span class='ocrx_word' id='word_1_156' title='bbox 782 2291 955 2370; x_wconf 87' lang='lat' dir='ltr'>pertulisse</span> <span class='ocrx_word' id='word_1_157' title='bbox 987 2291 1161 2370; x_wconf 87' lang='lat' dir='ltr'>aliquando</span> <span class='ocrx_word' id='word_1_158' title='bbox 1184 2288 1271 2370; x_wconf 77' lang='lat' dir='ltr'>Vigi-</span> 
     </span>
     <span class='ocr_line' id='line_1_21' title="bbox 146 2380 1271 2475; baseline 0.003 -22"><span class='ocrx_word' id='word_1_159' title='bbox 146 2393 249 2455; x_wconf 85' lang='lat' dir='ltr'>linur.</span> <span class='ocrx_word' id='word_1_160' title='bbox 275 2387 370 2464; x_wconf 89' lang='lat' dir='ltr'>Quod</span> <span class='ocrx_word' id='word_1_161' title='bbox 394 2391 451 2454; x_wconf 90' lang='lat' dir='ltr'>sibi</span> <span class='ocrx_word' id='word_1_162' title='bbox 477 2393 560 2468; x_wconf 84' lang='lat' dir='ltr'>vult,</span> <span class='ocrx_word' id='word_1_163' title='bbox 583 2380 760 2475; x_wconf 79' lang='lat' dir='ltr'>utrumque</span> <span class='ocrx_word' id='word_1_164' title='bbox 782 2395 975 2457; x_wconf 85' lang='lat' dir='ltr'>concordem</span> <span class='ocrx_word' id='word_1_165' title='bbox 992 2395 1126 2473; x_wconf 88' lang='lat' dir='ltr'>parique</span> <span class='ocrx_word' id='word_1_166' title='bbox 1145 2393 1217 2455; x_wconf 86' lang='lat' dir='ltr'>zelo</span> <span class='ocrx_word' id='word_1_167' title='bbox 1238 2413 1271 2456; x_wconf 89' lang='lat' dir='ltr'>e·</span> 
     </span>
     <span class='ocr_line' id='line_1_22' title="bbox 146 2492 684 2572; baseline 0.002 -20"><span class='ocrx_word' id='word_1_168' title='bbox 146 2493 234 2572; x_wconf 73' lang='lat' dir='ltr'>gissa</span> <span class='ocrx_word' id='word_1_169' title='bbox 258 2493 415 2553; x_wconf 89' lang='lat' dir='ltr'>adversus</span> <span class='ocrx_word' id='word_1_170' title='bbox 440 2493 498 2553; x_wconf 88' lang='lat' dir='ltr'>tria</span> <span class='ocrx_word' id='word_1_171' title='bbox 523 2492 684 2571; x_wconf 88' lang='lat' dir='ltr'>Capitnla.</span> 
     </span>
    </p>

    <p class='ocr_par' dir='ltr' id='par_1_5' title="bbox 145 2590 1272 2985">
     <span class='ocr_line' id='line_1_23' title="bbox 240 2590 1272 2680; baseline 0.006 -24"><span class='ocrx_word' id='word_1_172' title='bbox 240 2591 397 2656; x_wconf 80' lang='lat' dir='ltr'>Similiter</span> <span class='ocrx_word' id='word_1_173' title='bbox 418 2595 548 2658; x_wconf 88' lang='lat' dir='ltr'>dicatur</span> <span class='ocrx_word' id='word_1_174' title='bbox 568 2597 607 2659; x_wconf 91' lang='lat' dir='ltr'>de</span> <span class='ocrx_word' id='word_1_175' title='bbox 628 2599 766 2661; x_wconf 87' lang='lat' dir='ltr'>decretis</span> <span class='ocrx_word' id='word_1_176' title='bbox 787 2617 804 2660; x_wconf 93' lang='lat' dir='ltr'>a</span> <span class='ocrx_word' id='word_1_177' title='bbox 830 2597 946 2679; x_wconf 83' lang='lat' dir='ltr'>Vigiliu</span> <span class='ocrx_word' id='word_1_178' title='bbox 968 2598 1072 2672; x_wconf 90' lang='lat' dir='ltr'>editis,</span> <span class='ocrx_word' id='word_1_179' title='bbox 1092 2608 1195 2661; x_wconf 89' lang='lat' dir='ltr'>stante</span> <span class='ocrx_word' id='word_1_180' title='bbox 1215 2590 1272 2680; x_wconf 69' lang='lat' dir='ltr'>Sy·</span> 
     </span>
     <span class='ocr_line' id='line_1_24' title="bbox 147 2695 1271 2786; baseline 0.005 -28"><span class='ocrx_word' id='word_1_181' title='bbox 147 2695 254 2769; x_wconf 90' lang='lat' dir='ltr'>nudo,</span> <span class='ocrx_word' id='word_1_182' title='bbox 272 2696 356 2757; x_wconf 88' lang='lat' dir='ltr'>eirca</span> <span class='ocrx_word' id='word_1_183' title='bbox 381 2716 417 2759; x_wconf 92' lang='lat' dir='ltr'>ea</span> <span class='ocrx_word' id='word_1_184' title='bbox 435 2695 596 2786; x_wconf 87' lang='lat' dir='ltr'>Cupitula.</span> <span class='ocrx_word' id='word_1_185' title='bbox 613 2696 686 2760; x_wconf 87' lang='lat' dir='ltr'>Tria</span> <span class='ocrx_word' id='word_1_186' title='bbox 703 2704 787 2762; x_wconf 92' lang='lat' dir='ltr'>enim</span> <span class='ocrx_word' id='word_1_187' title='bbox 805 2709 1031 2764; x_wconf 89' lang='lat' dir='ltr'>numerantur.</span> <span class='ocrx_word' id='word_1_188' title='bbox 1048 2697 1167 2777; x_wconf 91' lang='lat' dir='ltr'>Unum,</span> <span class='ocrx_word' id='word_1_189' title='bbox 1184 2701 1271 2781; x_wconf 89' lang='lat' dir='ltr'>quod</span> 
     </span>
     <span class='ocr_line' id='line_1_25' title="bbox 147 2793 1272 2882; baseline 0.004 -22"><span class='ocrx_word' id='word_1_190' title='bbox 147 2798 267 2876; x_wconf 87' lang='lat' dir='ltr'>incipit</span> <span class='ocrx_word' id='word_1_191' title='bbox 288 2793 371 2858; x_wconf 83' lang='lat' dir='ltr'>inter</span> <span class='ocrx_word' id='word_1_192' title='bbox 391 2797 578 2861; x_wconf 85' lang='lat' dir='ltr'>innumerus</span> <span class='ocrx_word' id='word_1_193' title='bbox 600 2800 829 2864; x_wconf 77' lang='lat' dir='ltr'>sollicitudines</span> <span class='ocrx_word' id='word_1_194' title='bbox 860 2803 900 2863; x_wconf 87' lang='lat' dir='ltr'>ab</span> <span class='ocrx_word' id='word_1_195' title='bbox 929 2821 968 2865; x_wconf 90' lang='lat' dir='ltr'>en</span> <span class='ocrx_word' id='word_1_196' title='bbox 997 2802 1217 2882; x_wconf 88' lang='lat' dir='ltr'>subscriptum</span> <span class='ocrx_word' id='word_1_197' title='bbox 1240 2810 1272 2865; x_wconf 95' lang='lat' dir='ltr'>et</span> 
     </span>
     <span class='ocr_line' id='line_1_26' title="bbox 145 2900 1272 2985; baseline 0.003 -22"><span class='ocrx_word' id='word_1_198' title='bbox 145 2900 365 2964; x_wconf 83' lang='lat' dir='ltr'>novendecim</span> <span class='ocrx_word' id='word_1_199' title='bbox 388 2903 544 2981; x_wconf 89' lang='lat' dir='ltr'>episcopis</span> <span class='ocrx_word' id='word_1_200' title='bbox 577 2912 669 2965; x_wconf 81' lang='lat' dir='ltr'>extra</span> <span class='ocrx_word' id='word_1_201' title='bbox 700 2903 887 2985; x_wconf 77' lang='lat' dir='ltr'>Synodum,</span> <span class='ocrx_word' id='word_1_202' title='bbox 910 2924 983 2967; x_wconf 91' lang='lat' dir='ltr'>curn</span> <span class='ocrx_word' id='word_1_203' title='bbox 1015 2905 1114 2967; x_wconf 88' lang='lat' dir='ltr'>ceteri</span> <span class='ocrx_word' id='word_1_204' title='bbox 1144 2905 1174 2966; x_wconf 91' lang='lat' dir='ltr'>in</span> <span class='ocrx_word' id='word_1_205' title='bbox 1205 2902 1272 2984; x_wconf 51' lang='lat' dir='ltr'>ple&amp;</span> 
     </span>
    </p>
   </div>
   <div class='ocr_carea' id='block_1_5' title="bbox 147 3005 1382 3086">
    <p class='ocr_par' dir='ltr' id='par_1_6' title="bbox 147 3005 1382 3086">
     <span class='ocr_line' id='line_1_27' title="bbox 147 3005 1382 3086; baseline 0.002 -20"><span class='ocrx_word' id='word_1_206' title='bbox 147 3005 247 3066; x_wconf 74' lang='lat' dir='ltr'>uario</span> <span class='ocrx_word' id='word_1_207' title='bbox 276 3012 372 3065; x_wconf 90' lang='lat' dir='ltr'>coetu</span> <span class='ocrx_word' id='word_1_208' title='bbox 396 3005 603 3069; x_wconf 86' lang='lat' dir='ltr'>discuterent.</span> <span class='ocrx_word' id='word_1_209' title='bbox 636 3007 670 3067; x_wconf 90' lang='lat' dir='ltr'>ln</span> <span class='ocrx_word' id='word_1_210' title='bbox 698 3007 759 3068; x_wconf 88' lang='lat' dir='ltr'>boc</span> <span class='ocrx_word' id='word_1_211' title='bbox 784 3025 923 3086; x_wconf 88' lang='lat' dir='ltr'>namque</span> <span class='ocrx_word' id='word_1_212' title='bbox 948 3009 1079 3070; x_wconf 89' lang='lat' dir='ltr'>decreto</span> <span class='ocrx_word' id='word_1_213' title='bbox 1107 3005 1270 3069; x_wconf 85' lang='lat' dir='ltr'>Theodori</span> <span class='ocrx_word' id='word_1_214' title='bbox 1379 3015 1382 3019; x_wconf 77' lang='grc'>’</span> 
     </span>
    </p>
   </div>
   <div class='ocr_carea' id='block_1_6' title="bbox 145 3107 1270 4308">
    <p class='ocr_par' dir='ltr' id='par_1_7' title="bbox 145 3107 1270 4308">
     <span class='ocr_line' id='line_1_28' title="bbox 149 3107 1269 3189; baseline 0.002 -21"><span class='ocrx_word' id='word_1_215' title='bbox 149 3107 372 3183; x_wconf 85' lang='lat' dir='ltr'>mopsuesteni</span> <span class='ocrx_word' id='word_1_216' title='bbox 394 3109 511 3185; x_wconf 88' lang='lat' dir='ltr'>scripta</span> <span class='ocrx_word' id='word_1_217' title='bbox 533 3108 728 3170; x_wconf 90' lang='lat' dir='ltr'>damnantur</span> <span class='ocrx_word' id='word_1_218' title='bbox 758 3118 792 3171; x_wconf 90' lang='lat' dir='ltr'>ut</span> <span class='ocrx_word' id='word_1_219' title='bbox 824 3110 999 3183; x_wconf 85' lang='lat' dir='ltr'>haeretica,</span> <span class='ocrx_word' id='word_1_220' title='bbox 1033 3111 1131 3189; x_wconf 87' lang='lat' dir='ltr'>ipsius</span> <span class='ocrx_word' id='word_1_221' title='bbox 1165 3118 1269 3171; x_wconf 88' lang='lat' dir='ltr'>tamen</span> 
     </span>
     <span class='ocr_line' id='line_1_29' title="bbox 146 3206 1269 3290; baseline 0.004 -22"><span class='ocrx_word' id='word_1_222' title='bbox 146 3223 291 3286; x_wconf 85' lang='lat' dir='ltr'>persone</span> <span class='ocrx_word' id='word_1_223' title='bbox 322 3207 513 3270; x_wconf 78' lang='lat' dir='ltr'>absolvitur.</span> <span class='ocrx_word' id='word_1_224' title='bbox 538 3206 615 3285; x_wconf 88' lang='lat' dir='ltr'>ltem</span> <span class='ocrx_word' id='word_1_225' title='bbox 651 3206 724 3271; x_wconf 87' lang='lat' dir='ltr'>lbae</span> <span class='ocrx_word' id='word_1_226' title='bbox 756 3210 905 3290; x_wconf 89' lang='lat' dir='ltr'>inscripta</span> <span class='ocrx_word' id='word_1_227' title='bbox 938 3211 1082 3288; x_wconf 88' lang='lat' dir='ltr'>Epistola</span> <span class='ocrx_word' id='word_1_228' title='bbox 1115 3210 1269 3273; x_wconf 90' lang='lat' dir='ltr'>orthodo-</span> 
     </span>
     <span class='ocr_line' id='line_1_30' title="bbox 147 3305 1270 3388; baseline 0.005 -18"><span class='ocrx_word' id='word_1_229' title='bbox 147 3325 192 3370; x_wconf 84' lang='lat' dir='ltr'>xa</span> <span class='ocrx_word' id='word_1_230' title='bbox 227 3305 416 3370; x_wconf 89' lang='lat' dir='ltr'>declaratur</span> <span class='ocrx_word' id='word_1_231' title='bbox 448 3311 606 3388; x_wconf 89' lang='lat' dir='ltr'>quippen</span> <span class='ocrx_word' id='word_1_232' title='bbox 633 3309 780 3373; x_wconf 85' lang='lat' dir='ltr'>Patribus</span> <span class='ocrx_word' id='word_1_233' title='bbox 806 3312 1113 3375; x_wconf 84' lang='lat' dir='ltr'>chalcedonensibus</span> <span class='ocrx_word' id='word_1_234' title='bbox 1144 3315 1186 3375; x_wconf 90' lang='lat' dir='ltr'>ita</span> <span class='ocrx_word' id='word_1_235' title='bbox 1216 3312 1270 3376; x_wconf 90' lang='lat' dir='ltr'>de·</span> 
     </span>
     <span class='ocr_line' id='line_1_31' title="bbox 145 3408 1270 3494; baseline 0.007 -24"><span class='ocrx_word' id='word_1_236' title='bbox 145 3408 276 3470; x_wconf 86' lang='lat' dir='ltr'>clarata</span> <span class='ocrx_word' id='word_1_237' title='bbox 300 3418 358 3470; x_wconf 86' lang='lat' dir='ltr'>est.</span> <span class='ocrx_word' id='word_1_238' title='bbox 385 3410 420 3470; x_wconf 93' lang='lat' dir='ltr'>ln</span> <span class='ocrx_word' id='word_1_239' title='bbox 442 3413 585 3474; x_wconf 90' lang='lat' dir='ltr'>secundo</span> <span class='ocrx_word' id='word_1_240' title='bbox 615 3411 774 3476; x_wconf 64' lang='lat' dir='ltr'>meretum</span> <span class='ocrx_word' id='word_1_241' title='bbox 801 3412 1051 3494; x_wconf 80' lang='lat' dir='ltr'>confirmationis</span> <span class='ocrx_word' id='word_1_242' title='bbox 1073 3411 1193 3494; x_wconf 78' lang='lat' dir='ltr'>Synodi</span> <span class='ocrx_word' id='word_1_243' title='bbox 1224 3415 1270 3478; x_wconf 93' lang='lat' dir='ltr'>in·</span> 
     </span>
     <span class='ocr_line' id='line_1_32' title="bbox 145 3507 1267 3596; baseline 0.008 -27"><span class='ocrx_word' id='word_1_244' title='bbox 145 3508 289 3585; x_wconf 87' lang='lat' dir='ltr'>scripto,</span> <span class='ocrx_word' id='word_1_245' title='bbox 313 3510 356 3570; x_wconf 86' lang='lat' dir='ltr'>ait</span> <span class='ocrx_word' id='word_1_246' title='bbox 381 3507 543 3587; x_wconf 81' lang='lat' dir='ltr'>Pontifex,</span> <span class='ocrx_word' id='word_1_247' title='bbox 559 3534 592 3576; x_wconf 90' lang='lat' dir='ltr'>se</span> <span class='ocrx_word' id='word_1_248' title='bbox 614 3533 632 3576; x_wconf 89' lang='lat' dir='ltr'>a</span> <span class='ocrx_word' id='word_1_249' title='bbox 655 3516 809 3576; x_wconf 90' lang='lat' dir='ltr'>daemone</span> <span class='ocrx_word' id='word_1_250' title='bbox 831 3516 964 3578; x_wconf 90' lang='lat' dir='ltr'>illusum</span> <span class='ocrx_word' id='word_1_251' title='bbox 986 3524 1214 3596; x_wconf 85' lang='lat' dir='ltr'>errantemque</span> <span class='ocrx_word' id='word_1_252' title='bbox 1230 3536 1267 3578; x_wconf 86' lang='lat' dir='ltr'>ea</span> 
     </span>
     <span class='ocr_line' id='line_1_33' title="bbox 147 3610 1269 3694; baseline 0.011 -24"><span class='ocrx_word' id='word_1_253' title='bbox 147 3610 333 3674; x_wconf 81' lang='lat' dir='ltr'>defendisse</span> <span class='ocrx_word' id='word_1_254' title='bbox 355 3611 503 3692; x_wconf 84' lang='lat' dir='ltr'>Capitule</span> <span class='ocrx_word' id='word_1_255' title='bbox 520 3638 530 3694; x_wconf 81' lang='lat'>3</span> <span class='ocrx_word' id='word_1_256' title='bbox 553 3626 694 3680; x_wconf 89' lang='lat' dir='ltr'>attamen</span> <span class='ocrx_word' id='word_1_257' title='bbox 710 3619 797 3681; x_wconf 87' lang='lat' dir='ltr'>addit</span> <span class='ocrx_word' id='word_1_258' title='bbox 811 3639 845 3681; x_wconf 93' lang='lat' dir='ltr'>se</span> <span class='ocrx_word' id='word_1_259' title='bbox 862 3638 923 3681; x_wconf 92' lang='lat' dir='ltr'>nou</span> <span class='ocrx_word' id='word_1_260' title='bbox 939 3621 1132 3683; x_wconf 88' lang='lat' dir='ltr'>erubescere</span> <span class='ocrx_word' id='word_1_261' title='bbox 1147 3622 1269 3682; x_wconf 90' lang='lat' dir='ltr'>erroris</span> 
     </span>
     <span class='ocr_line' id='line_1_34' title="bbox 147 3711 1268 3803; baseline 0.008 -28"><span class='ocrx_word' id='word_1_262' title='bbox 147 3711 204 3776; x_wconf 82' lang='lat' dir='ltr'>sui</span> <span class='ocrx_word' id='word_1_263' title='bbox 226 3712 473 3787; x_wconf 89' lang='lat' dir='ltr'>confessionem,</span> <span class='ocrx_word' id='word_1_264' title='bbox 497 3737 533 3779; x_wconf 87' lang='lat' dir='ltr'>ea</span> <span class='ocrx_word' id='word_1_265' title='bbox 556 3722 780 3782; x_wconf 90' lang='lat' dir='ltr'>condemnans.</span> <span class='ocrx_word' id='word_1_266' title='bbox 806 3721 840 3785; x_wconf 90' lang='lat' dir='ltr'>ln</span> <span class='ocrx_word' id='word_1_267' title='bbox 863 3722 957 3803; x_wconf 88' lang='lat' dir='ltr'>cujus</span> <span class='ocrx_word' id='word_1_268' title='bbox 980 3722 1040 3784; x_wconf 88' lang='lat' dir='ltr'>[ine</span> <span class='ocrx_word' id='word_1_269' title='bbox 1062 3723 1100 3783; x_wconf 86' lang='lat' dir='ltr'>ad</span> <span class='ocrx_word' id='word_1_270' title='bbox 1124 3722 1268 3784; x_wconf 86' lang='lat' dir='ltr'>litteram</span> 
     </span>
     <span class='ocr_line' id='line_1_35' title="bbox 149 3812 1268 3903; baseline 0.008 -28"><span class='ocrx_word' id='word_1_271' title='bbox 149 3812 268 3875; x_wconf 90' lang='lat' dir='ltr'>eadem</span> <span class='ocrx_word' id='word_1_272' title='bbox 291 3821 507 3881; x_wconf 81' lang='lat' dir='ltr'>enuncientur</span> <span class='ocrx_word' id='word_1_273' title='bbox 530 3821 610 3883; x_wconf 89' lang='lat' dir='ltr'>lecta</span> <span class='ocrx_word' id='word_1_274' title='bbox 634 3823 664 3883; x_wconf 92' lang='lat' dir='ltr'>in</span> <span class='ocrx_word' id='word_1_275' title='bbox 688 3826 784 3885; x_wconf 89' lang='lat' dir='ltr'>tertio</span> <span class='ocrx_word' id='word_1_276' title='bbox 812 3825 964 3898; x_wconf 86' lang='lat' dir='ltr'>decretu,</span> <span class='ocrx_word' id='word_1_277' title='bbox 987 3823 1098 3885; x_wconf 92' lang='lat' dir='ltr'>endem</span> <span class='ocrx_word' id='word_1_278' title='bbox 1124 3835 1268 3903; x_wconf 92' lang='lat' dir='ltr'>tempure</span> 
     </span>
     <span class='ocr_line' id='line_1_36' title="bbox 147 3916 1268 4006; baseline 0.007 -29"><span class='ocrx_word' id='word_1_279' title='bbox 147 3916 335 3995; x_wconf 89' lang='lat' dir='ltr'>eademque</span> <span class='ocrx_word' id='word_1_280' title='bbox 360 3919 399 3980; x_wconf 91' lang='lat' dir='ltr'>de</span> <span class='ocrx_word' id='word_1_281' title='bbox 420 3939 517 3983; x_wconf 86' lang='lat' dir='ltr'>cansa</span> <span class='ocrx_word' id='word_1_282' title='bbox 541 3923 640 3999; x_wconf 88' lang='lat' dir='ltr'>edito,</span> <span class='ocrx_word' id='word_1_283' title='bbox 662 3925 748 4003; x_wconf 87' lang='lat' dir='ltr'>quod</span> <span class='ocrx_word' id='word_1_284' title='bbox 774 3927 881 4006; x_wconf 91' lang='lat' dir='ltr'>incipit</span> <span class='ocrx_word' id='word_1_285' title='bbox 903 3923 1028 3988; x_wconf 81' lang='lat' dir='ltr'>Aelius:</span> <span class='ocrx_word' id='word_1_286' title='bbox 1052 3933 1084 3988; x_wconf 89' lang='lat' dir='ltr'>et</span> <span class='ocrx_word' id='word_1_287' title='bbox 1105 3926 1191 4006; x_wconf 91' lang='lat' dir='ltr'>qnod</span> <span class='ocrx_word' id='word_1_288' title='bbox 1215 3944 1268 4005; x_wconf 80' lang='lat' dir='ltr'>ge·</span> 
     </span>
     <span class='ocr_line' id='line_1_37' title="bbox 147 4019 1266 4107; baseline 0.012 -29"><span class='ocrx_word' id='word_1_289' title='bbox 147 4019 288 4080; x_wconf 90' lang='lat' dir='ltr'>nninnm</span> <span class='ocrx_word' id='word_1_290' title='bbox 312 4019 461 4098; x_wconf 87' lang='lat' dir='ltr'>facimus,</span> <span class='ocrx_word' id='word_1_291' title='bbox 486 4026 532 4086; x_wconf 93' lang='lat' dir='ltr'>uti</span> <span class='ocrx_word' id='word_1_292' title='bbox 556 4025 722 4101; x_wconf 86' lang='lat' dir='ltr'>ludicato,</span> <span class='ocrx_word' id='word_1_293' title='bbox 737 4029 879 4107; x_wconf 88' lang='lat' dir='ltr'>epistolis</span> <span class='ocrx_word' id='word_1_294' title='bbox 902 4026 1009 4107; x_wconf 76' lang='lat' dir='ltr'>Vigilii</span> <span class='ocrx_word' id='word_1_295' title='bbox 1031 4028 1070 4090; x_wconf 89' lang='lat' dir='ltr'>ad</span> <span class='ocrx_word' id='word_1_296' title='bbox 1095 4027 1266 4093; x_wconf 86' lang='lat' dir='ltr'>Rusticum</span> 
     </span>
     <span class='ocr_line' id='line_1_38' title="bbox 145 4117 1266 4215; baseline 0.013 -37"><span class='ocrx_word' id='word_1_297' title='bbox 145 4127 180 4180; x_wconf 86' lang='lat' dir='ltr'>et</span> <span class='ocrx_word' id='word_1_298' title='bbox 203 4117 441 4198; x_wconf 86' lang='lat' dir='ltr'>Sebastianum,</span> <span class='ocrx_word' id='word_1_299' title='bbox 465 4125 503 4185; x_wconf 92' lang='lat' dir='ltr'>ad</span> <span class='ocrx_word' id='word_1_300' title='bbox 529 4124 801 4203; x_wconf 80' lang='lat' dir='ltr'>Valentinianum,</span> <span class='ocrx_word' id='word_1_301' title='bbox 819 4133 857 4191; x_wconf 87' lang='lat' dir='ltr'>ad</span> <span class='ocrx_word' id='word_1_302' title='bbox 882 4130 1097 4193; x_wconf 75' lang='lat' dir='ltr'>Aurelianum</span> <span class='ocrx_word' id='word_1_303' title='bbox 1121 4141 1152 4193; x_wconf 91' lang='lat' dir='ltr'>et</span> <span class='ocrx_word' id='word_1_304' title='bbox 1172 4148 1266 4215; x_wconf 75' lang='lat' dir='ltr'>synn-</span> 
     </span>
     <span class='ocr_line' id='line_1_39' title="bbox 145 4217 1264 4308; baseline 0.014 -28"><span class='ocrx_word' id='word_1_305' title='bbox 145 4217 213 4283; x_wconf 84' lang='lat' dir='ltr'>dali</span> <span class='ocrx_word' id='word_1_306' title='bbox 237 4221 412 4288; x_wconf 90' lang='lat' dir='ltr'>definitioni</span> <span class='ocrx_word' id='word_1_307' title='bbox 436 4235 698 4308; x_wconf 88' lang='lat' dir='ltr'>consentaneum,</span> <span class='ocrx_word' id='word_1_308' title='bbox 722 4240 754 4295; x_wconf 90' lang='lat' dir='ltr'>et</span> <span class='ocrx_word' id='word_1_309' title='bbox 777 4233 915 4296; x_wconf 80' lang='lat' dir='ltr'>maxime</span> <span class='ocrx_word' id='word_1_310' title='bbox 936 4252 953 4296; x_wconf 91' lang='lat' dir='ltr'>a</span> <span class='ocrx_word' id='word_1_311' title='bbox 977 4232 1184 4298; x_wconf 84' lang='lat' dir='ltr'>Pontificibus</span> <span class='ocrx_word' id='word_1_312' title='bbox 1207 4231 1264 4296; x_wconf 89' lang='lat' dir='ltr'>Pe-</span> 
     </span>
    </p>
   </div>
   <div class='ocr_carea' id='block_1_7' title="bbox 0 0 1448 4784">
    <p class='ocr_par' dir='ltr' id='par_1_8' title="bbox 0 0 1448 4784">
     <span class='ocr_line' id='line_1_40' title="bbox 0 0 1448 4784; baseline 0 1"><span class='ocrx_word' id='word_1_313' title='bbox 0 0 1448 4784; x_wconf 95' lang='lat' dir='ltr'> </span> 
     </span>
    </p>
   </div>
  </div>
 </body>
</html>
