2886 4784
1144 393 1186 463 39

68 497 116 558 sia
141 541 149 556 .
176 540 182 554 .
208 540 216 556 .
241 539 248 554 .
273 496 395 556 reverti
417 510 479 556 tran
504 494 626 566 valuit,
649 495 744 556 etiam
767 494 805 556 ad
829 495 891 558 hoe
921 496 1072 559 incitatus
1092 517 1109 559 a
1133 517 1189 563 no·

68 600 130 671 bis,
147 606 179 660 et
202 597 346 659 directus
358 616 369 674 3
393 597 449 676 qui
471 599 557 659 omni
580 596 687 659 studio
710 596 758 660 usi
780 615 893 659 sumus
914 597 953 658 ad
977 599 1076 678 ipsios
1097 601 1186 664 salu·

69 714 144 763 tero.
171 700 309 779 Propter
332 701 411 761 haee
435 699 534 777 igitur
559 699 664 760 omnia
697 698 885 770 sententiam
920 698 1126 777 depositionis
1156 703 1188 763 in

70 805 177 883 ipsum
199 819 216 862 a
239 811 348 862 sancta
369 801 494 883 synodo
515 799 655 874 laetam,
679 801 846 865 occasione
870 818 931 863 oon
956 801 1061 875 liciti,
1083 820 1189 881 neque

68 923 86 964 a
109 904 227 966 sanctis
249 902 424 965 canonibus
446 901 614 980 adprobati
637 909 748 980 raptus
779 906 947 965 sacrarum
975 902 1099 966 sedium
1127 905 1187 967 bu·

67 1005 122 1085 jos
146 1005 253 1082 regiae
275 976 383 1078 Urbis,
405 1012 438 1066 et
457 1004 635 1066 aversionis
658 1021 675 1064 a
700 1003 794 1066 rectis
815 1013 847 1066 et
871 1004 954 1066 veris
968 1004 1185 1082 dogmatibus,

69 1118 101 1186 et
125 1094 250 1166 firmam
275 1104 386 1166 reddet
408 1113 555 1167 nostrum
577 1105 771 1183 imperinm,
795 1113 826 1166 et
848 1113 959 1167 contra
981 1105 1076 1166 istum
1093 1123 1186 1185 prae·

66 1217 190 1270 sentem
222 1205 341 1268 scribet
372 1207 487 1285 legem.
513 1224 529 1261 n
561 1204 672 1267 Postea
703 1205 806 1266 eidem
835 1212 920 1267 vetat
955 1206 1186 1268 habitationem

68 1308 100 1370 in
123 1305 211 1371 Urbe
234 1308 333 1386 regia,
357 1326 395 1369 ne
417 1298 582 1386 aliquibus
605 1310 833 1380 communicet,
858 1325 963 1385 neque
984 1327 1038 1371 eos
1061 1307 1185 1394 imbuat

68 1410 257 1486 dogmatum
279 1406 432 1470 falsitate.

152 1504 201 1568 Ex
224 1507 348 1569 eunctis
370 1502 453 1569 intes
474 1525 507 1569 se
529 1506 658 1570 collatis
683 1506 830 1588 agapeti,
854 1506 988 1572 Concilii
1019 1514 1051 1570 et
1079 1507 1179 1572 lusti·

67 1609 153 1672 niani
177 1609 375 1683 testimoniis,
399 1608 492 1686 plane
514 1607 655 1670 interior
675 1609 879 1672 orthodoxus
901 1610 1000 1687 ipsius
1028 1607 1204 1676 lastinia»

67 1711 98 1772 oi
122 1727 233 1772 sensus
246 1729 256 1787 3
280 1727 317 1771 ac
339 1709 462 1770 nonnisi
484 1708 628 1789 eiusdem
650 1713 683 1772 in
705 1709 786 1772 bona
809 1709 871 1771 lide
892 1728 987 1772 error
1009 1711 1018 1788 l
1041 1711 1093 1772 cni
1115 1729 1184 1772 om·

68 1829 124 1874 nes
143 1811 330 1873 subduntur
353 1810 527 1885 mortales)
550 1811 591 1871 ob
614 1811 757 1872 hothimi
780 1811 1018 1873 simulationem
1037 1820 1069 1872 et
1093 1811 1187 1890 perti·

66 1915 166 1988 diam,
191 1930 330 1993 quacum
353 1914 455 1975 eidem
479 1913 618 1975 illudere
635 1921 768 1975 conatus
784 1919 841 1973 est.
859 1912 931 1987 Qua
949 1921 1055 1974 tamen
1072 1911 1184 1974 hathi-

67 2018 110 2078 mi
132 2014 337 2076 simulatione
359 2014 399 2075 ab
421 2034 459 2077 eo
481 2014 619 2087 detecta,
635 2016 742 2075 statim
764 2013 932 2075 damnatus
949 2012 1105 2091 expulsus
1119 2022 1176 2075 est.

68 2115 142 2179 Hoc
164 2124 272 2176 antem
296 2114 463 2176 manifeste
485 2126 517 2176 et
537 2115 604 2176 sine
625 2113 813 2191 ambagibus
836 2112 981 2175 declarat
1007 2112 1186 2190 lmperator

66 2221 98 2278 in
122 2218 218 2279 citata
243 2214 392 2280 Novella.
415 2213 589 2277 Testaotur
613 2213 724 2276 Patres
757 2216 786 2274 in
812 2212 941 2298 Synodo
970 2215 1179 2292 congregati,

64 2326 246 2381 asserentes
267 2319 370 2395 ipsum
393 2324 539 2397 quatuor
559 2315 758 2398 synodorum
782 2316 874 2378 tidem
894 2316 1052 2394 profiteri,
1071 2317 1182 2378 haere·

67 2421 138 2482 sicis
159 2419 326 2498 quibusvis
359 2417 517 2480 refutatis.
543 2415 696 2478 Testatur
719 2416 882 2495 agapetus
916 2417 998 2495 Papa
1034 2418 1180 2498 inquiens

65 2539 113 2595 se,
132 2515 357 2599 adjuvantibus
376 2516 570 2596 fidelissimis
586 2515 825 2597 imperatoribus
842 2536 858 2578 a
875 2519 949 2580 sede
964 2516 1058 2581 Urbis
1075 2521 1183 2598 regiae

63 2623 225 2684 amovisse
248 2621 458 2693 homimum,
481 2620 592 2699 eisque
629 2617 763 2680 Mennae
797 2621 942 2682 arrisisse
978 2621 1179 2682 electionem.

67 2724 275 2802 proindeque
298 2741 355 2785 nec
387 2741 527 2800 unquam
559 2720 791 2798 acephalorum
826 2723 984 2784 haeresim
1018 2723 1183 2803 protessus

65 2833 115 2887 est
136 2823 359 2888 lastinianus:
384 2841 489 2904 neque
510 2822 664 2884 Anthimo
687 2830 798 2901 utpote
831 2824 995 2886 haeretico
1029 2828 1181 2887 convenit

67 2944 212 3004 unquam
238 2925 430 3004 lmperator,
453 2934 491 2988 ut
512 2933 620 3002 partes
643 2923 730 2985 illius
753 2925 944 3005 susciperet,
968 2944 1110 3004 eumque
1132 2945 1182 2988 re·

65 3029 218 3089 stitueret
239 3029 270 3087 in
291 3026 399 3088 sedem
422 3025 647 3104 episcopalem.

147 3128 228 3193 Cam
251 3146 330 3206 ergo
349 3130 391 3189 ita
413 3146 447 3190 se
469 3128 585 3188 habeat
606 3145 669 3200 res,
692 3127 856 3206 quomodo
878 3146 918 3188 ex
941 3128 1085 3204 genuinis
1115 3127 1181 3189 lon·

66 3232 151 3292 tibus
173 3229 537 3309 emanansaeceptanda
560 3231 623 3291 erit
645 3229 802 3291 nnasrasti
825 3230 991 3303 narratio,
1017 3230 1069 3290 ubi
1101 3228 1180 3291 diei·

67 3341 124 3394 tur
145 3329 346 3394 lastinianus
367 3330 544 3407 acephalus
566 3330 645 3394 duas
667 3347 784 3408 negans
806 3331 838 3391 in
863 3329 991 3393 Christo
1012 3326 1093 3391 lesu
1126 3346 1180 3390 na·

65 3429 187 3494 taras?
208 3441 240 3493 et
263 3433 316 3494 nbi
340 3431 460 3493 dieitur
483 3432 667 3493 violentiam
692 3430 835 3493 intulisse
860 3433 1026 3509 agapeto,
1051 3441 1088 3492 ut
1110 3448 1181 3493 ace·

65 3535 240 3612 pbalorum
263 3532 481 3594 subscriberet
505 3535 640 3604 haeresi,
665 3551 703 3594 ac
725 3531 914 3593 Anthimum
940 3535 1128 3595 restitueret
1151 3533 1181 3593 in

63 3634 174 3696 sedem
197 3629 291 3696 Urbis
313 3637 442 3712 regiae3
464 3645 496 3694 et
519 3635 603 3695 unde
627 3634 710 3712 Papa
733 3634 886 3694 subderat
907 3653 940 3694 se
962 3651 1026 3695 reon
1057 3631 1181 3694 Princi-

54 3722 131 3818 p'em
158 3730 459 3797 christianissimum
486 3734 539 3796 sed
570 3730 805 3796 Diocletianum
837 3732 989 3812 reperisse
1018 3732 1055 3794 r‘n
1069 3729 1182 3793 ducti·

63 3832 200 3896 niano?

148 3935 283 4015 lnsnper
304 3953 364 4013 pro
385 3939 508 3999 sincera
532 3935 704 3999 lastiniani
735 3934 929 3997 orthodoxia
961 3934 1038 3995 lacit
1068 3931 1182 3996 Anthi·

63 4038 106 4098 mi
123 4036 257 4116 pertidia
272 4036 452 4101 simulantis
467 4050 635 4100 externam
654 4055 748 4099 serae
760 4037 832 4098 fidei
846 4035 1089 4115 professionem,
1103 4055 1178 4100 eum

63 4138 151 4198 intus
173 4144 256 4198 esset
277 4136 375 4219 lupus
398 4155 510 4217 rapax.
527 4136 655 4201 Sciebat
668 4139 751 4200 enim
767 4154 835 4216 quo
850 4135 981 4199 lerrore
996 4153 1072 4216 erga
1088 4134 1182 4198 fidem

63 4236 260 4303 catholicam
283 4239 452 4302 aestuabat
477 4237 627 4320 Princeps
640 4259 651 4318 3
676 4256 733 4301 nec
754 4237 826 4301 ideo
849 4256 866 4300 a
890 4239 1102 4318 perversitate
1127 4237 1182 4299 do·
