2886 4784
158 451 273 516 ctionis
295 451 485 519 varictatem
506 453 648 518 miretur
668 452 700 517 iu
719 451 828 518 iatiuis
849 448 1033 518 Bihiiorum
1055 449 1218 532 codicibus
1234 457 1263 515 st

158 553 359 632 potissimum
392 552 644 635 Evangeliornm
666 555 708 618 ah
729 554 829 632 ipsius
847 571 874 618 s.
896 551 1049 617 Bostaris
1071 569 1179 630 aeso;
1199 569 1263 616 cum

160 651 380 740 Hieronymus
399 654 439 718 ad
457 652 644 733 damasum,
666 654 705 718 de
727 655 776 719 his
796 653 951 729 scribens,
967 653 1096 734 inquit:
1114 649 1182 717 «st
1193 650 1266 718 enisa

157 751 272 818 latinis
290 752 523 836 cnempiuridus
543 757 620 837 tides
640 764 686 819 cst
704 755 881 819 adhihenda
885 772 901 827 ,·
921 753 1132 832 respondeant
1151 750 1266 834 quidus.

163 850 221 917 Tot
239 852 325 920 anias
341 864 419 920 sunt
437 852 630 937 coemptos-io
646 873 725 937 pane
744 850 1009 935 praetendisse.»
1034 850 1107 916 Non
1129 860 1179 915 cst
1198 868 1268 932 erpo

162 957 335 1033 mirumst
352 956 533 1023 Pollentina
553 964 586 1020 et
606 975 682 1021 cum
703 973 743 1020 co
758 974 783 1020 a.
796 955 1000 1036 Augustinus
1019 952 1164 1034 tegerint
1185 969 1270 1032 prae·

163 1055 268 1122 iatum
289 1055 446 1122 Matthaei
468 1055 686 1121 testimouium
709 1057 836 1120 narium
857 1057 889 1119 in
910 1054 1051 1119 dictione
1071 1054 1116 1116 ah
1137 1053 1270 1133 antiquis

163 1157 287 1241 graecis
308 1157 495 1239 codicibus3
510 1175 550 1222 ac
574 1157 708 1240 proinde
723 1157 905 1221 notaverint
924 1154 1166 1231 difficultatem,
1182 1171 1271 1236 quam

161 1261 362 1342 antiquiores
394 1259 506 1326 Patres
537 1259 727 1342 praesertim
762 1260 870 1340 praeci
903 1259 1037 1323 minime
1070 1257 1272 1322 animadver-

162 1368 285 1426 terunt.
1101 1375 1105 1382 ’

243 1460 414 1541 Deinceps,
430 1462 456 1525 si
476 1469 612 1527 cunctae
632 1480 673 1527 cx
688 1461 859 1543 Augustini
879 1461 972 1525 libris
992 1461 1166 1526 citationes
1186 1458 1270 1523 istius

161 1564 331 1628 commatis
351 1572 555 1638 censeantur,
574 1564 620 1626 his
639 1572 762 1628 tantum
779 1563 861 1627 hanc
875 1581 991 1626 noram
1006 1562 1183 1627 lectionem
1205 1578 1271 1641 pro·

162 1665 245 1740 icrt,
268 1663 300 1727 iu
321 1663 412 1728 lihris
433 1663 472 1726 ad
496 1662 691 1728 Pollentiam
713 1673 745 1730 et
767 1667 798 1728 iu
821 1662 972 1746 Speculo,
995 1664 1073 1727 alibi
1099 1673 1209 1727 vetera
1228 1661 1269 1723 di·

161 1765 270 1828 ctione
288 1771 431 1840 serrata,
447 1772 479 1829 ct
499 1766 703 1845 praesertim,
727 1765 830 1829 vetuti
852 1767 1015 1846 praemisi,
1029 1766 1061 1827 in
1079 1763 1181 1826 Lihso
1200 1780 1269 1824 coo·

161 1873 211 1929 tra
235 1863 442 1929 Adimantum
466 1872 498 1929 et
519 1864 736 1940 inl'saimum
757 1863 827 1933 103.
850 1884 888 1930 ac
910 1867 1045 1946 insuper
1064 1865 1097 1928 iu
1111 1863 1209 1927 Libro
1230 1861 1268 1925 Dc

161 1964 628 2047 consensassooapeiistorum.
653 1965 687 2030 iu
719 1986 785 2048 quo
813 1967 957 2033 studiose
978 1964 1139 2031 Matthaei
1167 1980 1270 2026 narra·

163 2069 257 2132 tionis
282 2086 357 2133 cum
376 2067 497 2133 Marco
524 2069 610 2133 circa
643 2070 889 2151 pharisaeorum
921 2069 1148 2151 quaestionem
1168 2067 1207 2131 dc
1227 2063 1268 2127 di·

164 2172 294 2247 nortio,
316 2172 521 2236 concordiam
544 2189 725 2253 quaerens,
749 2173 832 2236 iuter
863 2180 970 2237 cetera
997 2171 1132 2234 minime
1152 2166 1269 2233 notavit

162 2271 410 2353 discrepantiam
441 2275 527 2337 inter
552 2273 750 2337 versiculum
769 2270 801 2338 9.
824 2292 851 2338 c.
874 2271 964 2336 XIX.
989 2271 1148 2336 Matthaei
1177 2268 1270 2349 ipsius

162 2391 202 2438 ac
221 2374 363 2440 alterum
379 2393 410 2437 r.
426 2370 477 2438 ii.
498 2393 527 2439 c.
544 2372 584 2437 X.
594 2373 717 2448 Marci,
733 2392 818 2455 quae
838 2362 1125 2452 praetermittenda
1147 2389 1209 2435 uon
1230 2368 1270 2431 si·

161 2476 312 2556 debatur,
335 2479 460 2543 tametsi
480 2479 513 2541 in
533 2479 650 2543 ceteris
671 2477 804 2542 minoris
824 2479 978 2541 momenti
999 2476 1175 2558 quamdam
1197 2472 1270 2537 iudi·

163 2584 266 2642 cassat
287 2576 512 2641 differentiam.

243 2679 455 2760 Quapropter
475 2678 582 2743 neseio
603 2697 706 2760 quare
727 2700 753 2744 s.
776 2677 920 2757 Doctor‘,
943 2686 1117 2760 postquam
1147 2679 1270 2743 Pollen-

164 2780 227 2843 tina
248 2781 277 2844 ei
299 2781 464 2863 objecerat
485 2783 547 2847 hoo
564 2781 719 2847 Matthaei
735 2803 777 2848 ex
792 2801 818 2846 c.
835 2782 924 2847 xtx.
943 2785 1176 2856 testimonium,
1190 2780 1271 2863 quod

164 2881 272 2946 iacere
294 2865 467 2947 videbatur
486 2883 642 2949 adsersus
665 2885 806 2967 coniugii
832 2886 1123 2961 immobilitatem,
1157 2886 1271 2949 obiitus
1312 2862 1321 2893 ⁸

164 2985 206 3048 sit
219 2992 364 3048 uetustae
386 2994 419 3049 et
440 2987 571 3066 quidem
593 2987 750 3066 genuinae
772 2986 917 3065 ejusdem
933 2989 1104 3050 commatis
1126 3003 1144 3048 a
1165 3005 1200 3049 se
1221 3001 1271 3046 an·

165 3092 217 3148 tea
246 3088 357 3162 citati,
379 3087 527 3153 lectionis
568 3088 742 3152 admodum
767 3095 863 3168 aptae
891 3087 931 3150 ad
962 3088 1201 3161 refellendam,
1224 3085 1270 3146 vel

57 3227 60 3231 ι
162 3186 277 3250 saitem
299 3190 549 3253 imminuendam
569 3190 628 3253 sibi
651 3190 848 3269 propositam
871 3189 911 3251 ab
932 3189 1001 3267 ipso
1016 3186 1182 3252 Pollentio
1197 3184 1273 3248 didi·

163 3286 329 3362 enitatem.
352 3287 394 3351 Et
414 3291 553 3369 amplios
575 3291 694 3353 mirum
716 3298 784 3364 est,
808 3307 882 3352 oum
907 3290 1066 3351 variantes
1088 3292 1212 3353 notarit
1230 3287 1272 3349 ie·

163 3388 284 3453 ctiones
317 3390 468 3456 versiculi
488 3389 539 3455 32.
567 3409 595 3454 c.
622 3388 661 3454 V.
684 3391 763 3455 aiias
792 3390 1069 3472 praetermiserit,
1093 3387 1271 3469 etquidem

164 3500 437 3568 argumentosae
458 3493 533 3554 satis
555 3510 728 3572 congruas,
743 3493 856 3570 capitis
870 3489 957 3555 xtx.
974 3510 1017 3553 ex
1040 3493 1169 3571 graecis
1191 3487 1271 3552 codi-

165 3587 256 3654 cibus
277 3593 442 3672 repctitas.
463 3591 512 3656 Dc
532 3594 602 3656 hoc‘
623 3595 705 3656 enim
738 3595 842 3671 eapite
863 3600 895 3654 et
917 3610 980 3653 uon
1001 3591 1041 3654 de
1061 3607 1091 3652 e.
1117 3587 1157 3653 V.
1180 3606 1273 3670 quac·

163 3689 225 3752 stin
247 3690 331 3755 inter
352 3711 406 3756 ens
428 3702 508 3756 erat.
532 3694 579 3756 Ac
603 3694 799 3756 tantumdem
823 3692 984 3772 praesumi
1006 3693 1142 3771 nequit,
1164 3711 1190 3754 s.
1213 3688 1269 3752 Do·

164 3801 301 3867 ctorem,
318 3810 356 3855 aa
378 3795 551 3872 praecipuo
571 3795 727 3856 adversus
750 3794 976 3867 Adimantum,
1000 3793 1040 3852 ad
1062 3792 1207 3855 litteram
1233 3806 1269 3851 ex

166 3887 323 3955 Matthaei
344 3910 372 3955 o.
397 3890 485 3954 xtx.
509 3893 690 3955 describens
721 3903 819 3955 totam
852 3894 1078 3972 phariseorum
1101 3910 1177 3954 cum
1198 3888 1269 3952 iesu

166 3994 385 4070 quaestionem
407 3993 448 4055 de
471 3993 636 4066 divortio,
665 4011 819 4056 exorsum
841 4011 859 4054 a
882 4011 913 4055 a.
934 3990 965 4057 d.
989 4009 1095 4073 usque
1118 3992 1157 4055 ad
1178 3989 1208 4056 9.
1229 3989 1269 4049 iu·

166 4092 303 4165 cinsive,
322 4094 416 4156 istius
437 4094 605 4157 commatis
625 4092 655 4158 9.
672 4093 883 4174 praetereatis
897 4093 1064 4172 antiquam
1084 4092 1268 4160 lectionem,

167 4202 224 4272 pue
250 4190 405 4255 dimiserit
425 4212 554 4258 acorem
575 4212 665 4257 snam
696 4192 761 4257 nisi
777 4194 813 4256 od
833 4213 962 4260 eausam
982 4191 1208 4274 fornicationis
1226 4189 1268 4268 s·
