2886 4784
261 438 339 513 psit,
354 442 385 498 st
400 453 424 496 s.
444 433 643 515 Epiphanius
662 433 722 496 snb
744 430 947 495 ratiarnam
967 432 1049 496 idest
1067 433 1265 498 mundorum
1282 433 1383 500 nomi-

262 557 301 599 ne
324 536 599 615 comprehendens
622 536 853 615 sapientissimo
886 534 1064 609 refutarit,
1096 536 1233 616 singulis
1262 538 1386 599 notatis

264 639 434 701 barreseos
456 638 643 717 capitibus,
665 637 850 716 eisdemque
871 637 911 697 ab
935 635 1105 718 Anonymo
1126 638 1157 698 ia
1180 637 1242 700 boc
1271 637 1385 701 libello

266 741 451 812 recensitis,
467 749 543 801 tunc
568 741 708 817 primum
730 745 802 800 orta
825 748 897 806 est,
921 737 1100 802 Ecclesiam
1130 737 1311 801 Romanam
1335 757 1381 800 re·

264 852 356 923 persto
371 839 522 905 Cornelio
539 839 623 919 Papa
638 843 723 903 circa
740 856 859 902 annum
873 837 946 904 255.
962 843 1062 914 (teste
1080 839 1220 904 Eusebio
1234 843 1267 903 in
1281 839 1382 904 (ibro-

266 946 358 1018 nico)
381 954 412 1006 et
435 944 563 1019 triginta
586 943 668 1003 dnos
689 943 821 1004 circiter
841 958 940 1004 annos
962 953 1032 1020 post
1047 941 1172 1007 Callisti
1190 941 1299 1020 Papae
1313 942 1377 1005 obi

268 1057 352 1131 tom,
372 1054 500 1123 sumpta
523 1045 693 1106 occasione
714 1060 757 1104 ex
778 1045 995 1120 quorumdam
1017 1043 1271 1106 christianorum
1291 1042 1381 1121 lapsu

264 1149 295 1210 in
318 1145 404 1209 lieoii
418 1189 432 1223 ,
450 1148 488 1207 iis
508 1145 623 1207 diebus
645 1143 883 1218 invalescente,
906 1147 1140 1224 persecutione.
1165 1143 1216 1208 Ex
1237 1144 1381 1223 epistolis

149 1286 152 1291 -
267 1247 410 1314 Cornelii
431 1249 470 1308 sd
492 1267 518 1308 s.
541 1245 740 1330 cyprianum
756 1244 873 1323 liquet,
889 1247 1047 1307 neminem
1069 1255 1142 1308 aute
1164 1246 1226 1308 boc
1242 1255 1380 1324 tempus,

269 1362 400 1434 praeter
422 1347 587 1412 Nouatum
610 1356 642 1409 ct
664 1347 883 1410 librationum
910 1348 1090 1409 istiusmodi
1123 1351 1263 1411 tenuisse
1295 1364 1383 1410 erro·

267 1470 357 1514 rem:
380 1469 438 1512 nco
462 1451 534 1512 ideo
558 1448 728 1513 Callistum
756 1460 840 1511 cnm¹
855 1450 891 1511 iis
912 1449 1107 1511 contendere
1133 1451 1303 1528 potuisse,
1325 1464 1379 1535 nso

266 1555 306 1615 ab
330 1551 571 1629 ipsis-corripi,
588 1552 643 1629 qui
667 1559 773 1628 partes
795 1555 1003 1628 susceperant
1024 1548 1153 1613 Novati.
1177 1546 1236 1612 ttts
1257 1556 1382 1613 tantum

267 1655 380 1717 diebus
402 1652 550 1732 quaestio
571 1653 711 1714 excitata
734 1659 794 1726 est,
816 1649 970 1715 Cornelio
987 1649 1152 1714 Pontiiice.
1168 1636 1381 1713 Tunc-solnm

266 1761 298 1817 ot
320 1769 383 1816 noo
404 1764 511 1827 antea,
529 1750 730 1815 Novatiaons
745 1755 873 1832 signnm
890 1752 1007 1816 extulit
1025 1752 1211 1814 rebellionis
1226 1750 1385 1815 odiamus

269 1855 447 1920 Ecclesiam
464 1851 842 1942 Catholicam,absolute
862 1854 979 1916 docens
1002 1860 1071 1932 post
1094 1852 1291 1933 baptismum
1313 1870 1384 1933 pec·

267 1959 352 2022 canti
374 1957 500 2019 nultum
524 1956 594 2018 tisri
616 1956 830 2034 poenitentiae
854 1955 973 2018 locum.
997 1953 1118 2019 Nullus
1139 1973 1198 2018 nec
1218 1956 1264 2018 ibt
1280 1974 1386 2037 neque

266 2058 344 2120 alibi
359 2069 450 2119 antea
474 2058 535 2119 boc
557 2057 722 2119 doctrinae
738 2075 837 2136 genus
856 2056 1049 2119 introdusit.

349 2156 392 2221 Et
419 2159 462 2220 ob
489 2158 551 2220 boc
582 2155 739 2221 Pacianns
761 2159 792 2220 in
815 2158 897 2220 hanc
920 2159 1086 2220 decertans
1108 2159 1139 2219 in
1159 2157 1300 2237 epistola
1326 2154 1384 2231 ΙΙΙ,
1416 2144 1418 2147 ’

268 2260 307 2321 ad
328 2258 610 2338 Sempronianum,
634 2261 677 2320 ait
692 2280 700 2321 s
718 2280 735 2319 s
754 2258 955 2325 Norntianns
976 2260 1038 2323 hoc
1058 2256 1182 2334 docuit,
1204 2246 1384 2359 quodposi

265 2361 461 2441 baptismum
485 2360 650 2438 poenitere
671 2379 734 2422 non
756 2361 842 2435 licet.
866 2361 908 2423 At
932 2361 982 2422 rel
1004 2361 1135 2439 qnando
1157 2356 1385 2439 trasericus·

267 2463 369 2525 busre
392 2459 615 2539 temporibus?
635 2464 745 2523 statim
765 2473 836 2541 post
858 2461 984 2525 Domini
1007 2463 1185 2539 passionem
1199 2458 1216 2524 l
1232 2460 1309 2524 l’oal
1326 2459 1384 2524 lin·

267 2565 307 2625 cii
329 2564 568 2642 principatum:
592 2561 671 2623 idest
694 2571 765 2640 post
786 2570 946 2627 trecentos
969 2581 1069 2644 prope
1090 2579 1189 2624 annos
1204 2560 1386 2625 dominicae

269 2662 453 2739 passionis.
478 2704 485 2721 .
511 2705 519 2722 .
543 2659 746 2724 Novatianns
765 2666 811 2724 sic
834 2664 1021 2741 intellexit,
1045 2666 1192 2744 inquies:
1213 2665 1269 2726 sed
1294 2663 1384 2727 cnst-

267 2774 337 2826 stus
360 2764 422 2826 boc
454 2762 578 2825 docuit.
603 2745 691 2841 Ergo
712 2783 729 2826 a
752 2764 881 2828 Christo
913 2784 1017 2844 usqne
1049 2762 1137 2828 Decii
1168 2764 1385 2845 principatu·

269 2865 380 2927 nullus
404 2862 610 2944 inlelligens?
626 2885 643 2937 n
660 2864 710 2927 Ex
731 2868 851 2944 quibus
872 2868 1021 2929 omnibus
1041 2867 1262 2941 concluditur,
1286 2866 1385 2946 gratis

268 2964 396 3042 culpari
417 2963 588 3027 Callistum
611 2965 699 3042 quod
722 2966 804 3027 banc
825 2983 942 3028 noram
965 2969 995 3027 in
1020 2965 1197 3028 Ecclesiam
1220 2967 1383 3029 invexerit

268 3059 461 3138 doctrinam,
483 3083 558 3128 cum
580 3065 621 3126 ab
642 3065 713 3146 ejus
735 3067 824 3127 initio
847 3068 969 3145 ubique
984 3067 1025 3128 ab
1041 3067 1385 3146 Apostolisprnedica·

268 3175 298 3229 ta
320 3178 352 3230 ct
372 3168 504 3230 exculta
527 3167 624 3229 luerit
636 3187 648 3246 3
670 3170 766 3230 sicuti
788 3170 989 3231 tantumdem
1012 3170 1127 3232 laisum
1143 3187 1213 3230 esse
1230 3177 1310 3231 tunc
1324 3167 1384 3231 snb

188 3316 193 3323 .
271 3268 462 3332 Pontificatn
484 3268 608 3333 Callisti
631 3270 782 3349 reperiri,
806 3273 862 3350 qui
884 3272 1011 3333 divinae
1034 3270 1277 3333 misericordiae
1299 3270 1385 3334 cobi-

269 3369 383 3432 bercnt
397 3370 562 3441 terminos,
578 3386 654 3448 erga
670 3369 815 3450 cujusvis
830 3372 952 3450 peccati
970 3387 1055 3445 reos,
1074 3370 1249 3431 verborum
1267 3387 1386 3433 memo·

268 3490 336 3532 res:
353 3487 418 3531 oon
439 3469 510 3531 dico
531 3465 589 3532 tibi
610 3488 709 3550 usquc
729 3469 854 3550 septica,
876 3473 931 3532 sed
951 3490 1050 3552 nsque
1070 3469 1247 3549 septuapies
1265 3468 1384 3551 septim.

348 3570 396 3649 Ac
417 3570 547 3633 demum
569 3571 655 3632 circa
681 3573 759 3634 baec
781 3570 860 3636 Jesu
883 3573 922 3633 ad
948 3572 1078 3635 Petrum
1101 3574 1186 3633 dicta
1202 3571 1383 3650 plurimum

271 3673 348 3735 iacit
368 3672 455 3752 qnod
485 3674 552 3752 ipse
573 3692 598 3735 s.
621 3671 821 3753 Epiphanius
850 3675 1009 3736 adversus
1038 3673 1167 3735 eosdem
1196 3676 1383 3737 norattaaos

269 3773 381 3836 scribit
412 3775 444 3834 in
473 3791 524 3836 nn.
545 3772 576 3838 l.
608 3782 641 3837 et
671 3773 701 3839 8.
736 3795 753 3834 «
783 3774 912 3854 Excipit
933 3777 1036 3854 igitur
1054 3774 1253 3852 poenitentes
1281 3773 1385 3837 Domi·

268 3889 352 3948 nus,
381 3891 440 3936 nec
468 3893 532 3939 non
561 3884 593 3940 et
622 3875 693 3955 ejus
719 3874 886 3952 Ecclesia,
917 3875 1191 3956 quemadmodum
1220 3873 1386 3939 Manassoi‘

268 3970 428 4038 Ezechiae
449 3974 535 4039 filins
561 3994 738 4040 conversus
764 3986 864 4039 estet
893 3995 910 4039 a
938 3976 1075 4040 Domino
1101 3985 1263 4055 receptus.
1294 3975 1382 4040 liem-

272 4092 343 4153 que,
358 4076 505 4157 princeps
527 4077 762 4160 Apostolorum
787 4075 916 4153 Petrus,
938 4079 994 4158 qui
1016 4077 1191 4157 aliqnando
1214 4074 1381 4141 Dominum

272 4178 408 4256 aspasii.
432 4175 496 4256 Qui
517 4181 648 4261 quidem
669 4179 791 4244 aolidae
812 4189 925 4258 petrae
946 4182 1047 4242 instar
1068 4180 1158 4242 nobis
1179 4179 1290 4244 extitit
1297 4198 1310 4258 3
1331 4177 1379 4242 aui
