2886 4784
162 302 223 372 tac

158 409 198 479 de
219 409 336 471 ceteris
358 406 505 470 absurdis
527 414 558 467 et
580 402 862 482 superstitionibus
883 405 1013 485 quibus,
1038 402 1117 465 baec
1133 403 1282 465 haeresis

158 509 314 584 scatebat,
339 509 489 572 describit
505 507 673 587 quomodo
691 506 872 569 Alcibiades
891 506 1056 582 discipulis
1070 506 1137 568 suis
1153 504 1282 566 lormu·

158 612 223 674 lam
247 612 392 688 baptismi
416 609 609 688 praeberet3
632 611 780 671 invocato
803 609 924 670 scilicet
946 608 986 668 ab
1008 609 1053 669 eis
1073 615 1200 685 septem
1222 623 1279 667 au·

161 713 311 790 pelorum
334 713 481 774 nomine:
506 710 572 772 Hos
593 720 704 789 septem
726 720 812 772 testes
833 709 958 785 iucocu,
983 709 1089 789 ajebat
1111 709 1279 781 initiatus,

162 814 243 892 quud
264 811 404 892 deinceps
426 831 491 872 nun
512 811 572 873 sim
591 821 795 890 peccaturus,
817 829 874 873 uec
895 808 1131 883 moechaturus,
1153 827 1211 870 nec
1230 809 1282 887 fu·

158 925 304 987 rcturus,
327 934 382 976 uec
403 912 560 995 injurium
580 897 757 987 illaturus,
777 934 833 975 nce
855 912 956 976 nimiu
977 909 1201 993 appetiturus,
1223 925 1282 970 nec

160 1016 233 1078 odiu
252 1033 441 1096 quemquam
461 1025 709 1092 prosecuturus,
733 1034 788 1076 nce
809 1017 934 1095 saedere
950 1016 1066 1094 perfide
1085 1013 1277 1092 fracturus,

159 1136 217 1182 uec
236 1117 273 1179 in
293 1119 361 1179 ullo
383 1119 465 1180 mulo
486 1115 563 1178 milti
582 1117 642 1178 sim
660 1114 939 1196 placiturus-Hac
960 1126 1072 1178 exacta
1089 1114 1276 1176 obtestatio·

160 1237 201 1282 ne
216 1228 247 1281 et
265 1217 320 1280 ttet
339 1222 539 1281 invocatione
562 1231 682 1298 septem
704 1220 908 1297 angelorum,
926 1217 1152 1296 baptizabatur
1170 1215 1276 1278 detrun

161 1321 342 1381 innomine
366 1321 470 1398 magni
493 1330 524 1382 et
545 1323 663 1382 summi
687 1319 755 1382 Dei.
780 1340 796 1378 a
821 1320 861 1382 Et
884 1321 963 1381 hacc
985 1323 1029 1381 ait
1052 1318 1254 1398 Anonymus.

245 1419 316 1496 Qua
341 1441 440 1500 porro
462 1424 595 1484 audacia
618 1426 677 1484 iste
699 1432 843 1495 asserat,
867 1420 1037 1484 Callistum
1061 1419 1275 1481 lundomeata

163 1521 289 1586 Rornae
307 1526 424 1604 jecisse
444 1527 559 1602 impiae
574 1534 605 1585 et
623 1526 810 1586 vanissimae
826 1522 1001 1586 Alcibiadis
1021 1523 1166 1596 scholae,
1183 1537 1276 1582 nemu

165 1633 214 1687 est
234 1626 289 1704 qui
309 1645 369 1687 non
388 1628 525 1688 miretur
539 1636 570 1688 et
585 1627 799 1704 obstupescat.
819 1624 857 1688 Et
872 1634 987 1704 stupor
1001 1625 1158 1704 augescit,
1175 1641 1277 1702 quum

39 1749 46 1761 ·
166 1727 257 1788 uubis
278 1729 434 1789 advorsus
458 1730 539 1788 banc
560 1727 814 1789 criminationem
830 1726 934 1788 adstet
948 1729 1093 1788 omnium
1108 1725 1278 1786 historico·

167 1844 240 1889 rum
262 1829 425 1891 silentium
437 1849 448 1906 3
472 1831 663 1907 etamplius
687 1829 849 1892 Ecclesiae
872 1828 1034 1891 Romanae
1052 1826 1218 1906 disciplina
1236 1826 1280 1887 iu·

167 1935 256 2006 tegra
272 1937 413 2002 servata,
430 1931 472 1991 ita
490 1941 525 1991 ut
546 1930 730 2011 hujusmodi
753 1930 940 1992 scandalum
962 1930 993 1989 iu
1014 1937 1111 1990 coetu
1132 1927 1279 1989 fidelium

166 2031 344 2092 excitatum
368 2050 436 2093 esse
458 2049 515 2110 per
538 2031 712 2094 Alcibiadis
735 2032 915 2103 baeresim,
938 2030 1072 2092 Callisto
1101 2028 1188 2108 Papa
1213 2027 1282 2090 sui·

167 2130 325 2210 lragaute,
349 2152 387 2194 ne
408 2135 564 2211 suspicari
587 2134 717 2212 quidem
733 2134 840 2194 liceat.
860 2129 963 2193 Nemo
977 2149 1091 2212 reapse
1107 2132 1281 2210 hucusque

168 2250 209 2295 ex
233 2233 392 2295 historicis
415 2244 526 2294 narrat
548 2234 746 2296 Alcibiadem
770 2235 1016 2296 belcesaitarum
1041 2233 1214 2294 haerescos
1237 2235 1282 2291 iu·

165 2339 385 2394 stauratorem
404 2331 539 2394 Rumam
559 2334 723 2396 advenisse
735 2333 913 2413 praestipic
928 2353 986 2395 suu
1000 2343 1161 2406 saturum,
1175 2332 1214 2392 in
1225 2350 1281 2392 uu·

167 2443 276 2512 pentes
296 2433 520 2513 irrumpentem
546 2432 671 2498 Callisti
690 2454 779 2498 ones:
797 2437 849 2498 cui
867 2437 1056 2517 Anonymus
1073 2453 1107 2496 se
1127 2433 1283 2496 restitisse

168 2536 257 2607 dicit,
279 2537 372 2597 sicuti
397 2545 488 2596 antea
512 2533 694 2620 Zephyrion
716 2546 749 2599 el
769 2535 902 2599 Callisto
926 2539 1098 2599 restiterat.

250 2634 407 2698 Eusebius
432 2638 522 2699 solus
546 2639 576 2697 iu
599 2635 720 2700 Hister.
739 2636 911 2702 Ecclesiae.
927 2637 1026 2701 Libro
1042 2636 1097 2700 vt.
1116 2657 1142 2699 c.
1159 2635 1283 2700 xxxt.

168 2737 300 2800 scribit:
324 2758 341 2796 n
364 2736 403 2799 Et
425 2739 507 2800 alius
529 2756 624 2801 error
645 2749 722 2802 tunc
745 2743 896 2818 temporis
918 2759 1055 2802 exorsus
1076 2749 1125 2801 est
1145 2740 1208 2800 sub
1224 2756 1283 2801 nu·

171 2840 255 2901 mine
276 2838 411 2902 haeresis
430 2840 689 2904 belcesaitarume
713 2860 796 2919 quae
816 2841 945 2921 quidem
962 2841 1059 2903 simul
1081 2848 1156 2900 nata
1180 2841 1285 2902 extio·

172 2952 222 3002 cta
245 2948 303 3002 est.
328 2939 487 3004 Memorat
508 2953 616 3004 autern
638 2961 708 3004 eam
724 2943 879 3021 Origenes
894 2945 924 3003 in
941 2941 1095 3014 Humilia,
1111 2959 1211 3020 quam
1227 2942 1284 3002 ba-

172 3041 242 3104 buit
262 3042 301 3101 ad
325 3043 480 3121 populum
503 3041 539 3102 iu
563 3041 723 3104 Psalmum
743 3040 794 3107 82.
819 3044 866 3104 his
887 3044 1005 3104 serbis.
1030 3039 1192 3115 Quidam,
1215 3041 1282 3113 ait,

173 3144 233 3204 bac
253 3152 358 3205 aetate
378 3147 535 3218 surrexit,
558 3145 597 3206 de
618 3163 652 3206 se
674 3145 840 3222 magnifice
855 3145 1003 3218 sentiens,
1024 3152 1135 3223 utpute
1151 3145 1210 3223 qui
1225 3145 1284 3206 im·

174 3246 258 3322 piam
280 3255 312 3306 et
334 3247 488 3308 nelariam
511 3247 783 3319 belcesaitarum‚
807 3265 891 3326 qnae
917 3246 1072 3307 adversus
1102 3244 1284 3307 Ecclesiam

174 3363 285 3408 recens
305 3356 417 3408 coorta
440 3356 509 3421 est,
533 3350 631 3425 possit
652 3345 835 3423 defendere.
860 3345 1027 3424 Exponam
1060 3354 1170 3407 autem
1195 3345 1284 3407 rubis

175 3466 260 3527 quae
282 3455 314 3508 et
335 3458 454 3525 quauta
478 3464 649 3526 perperam
670 3457 793 3510 asserat
807 3449 886 3510 baec
903 3458 1003 3519 secta,
1017 3468 1056 3509 ne
1072 3448 1155 3509 lorte
1174 3466 1230 3509 vus
1247 3445 1287 3506 ab

173 3547 349 3624 illaabripi
364 3549 484 3607 sinatis.
500 3545 550 3608 Er
567 3548 718 3610 universo
730 3567 824 3611 sacru
840 3548 1028 3626 Scripturas
1043 3547 1172 3611 Canonc
1184 3565 1284 3628 quae·

175 3639 247 3710 da'm
270 3649 396 3728 rejicit:
421 3649 613 3727 quibusdam
639 3668 718 3711 vero
740 3651 844 3711 utitur
867 3650 1053 3711 testimoniis
1078 3659 1144 3710 turn
1168 3668 1210 3712 ex
1234 3668 1285 3710 se·

176 3757 245 3812 tere
269 3747 497 3822 instrumento,
522 3761 589 3811 turn
612 3769 653 3811 ex
680 3749 866 3827 Evangelio.
893 3751 1027 3811 Paulum
1050 3751 1180 3827 quidem
1202 3751 1287 3828 Apu

175 3852 296 3913 stolum
321 3853 481 3929 repudiat,
498 3849 573 3914 dicit
591 3863 757 3930 praeterea
782 3871 848 3914 rem
862 3870 929 3914 esse
945 3853 1177 3913 indillerentem
1194 3852 1288 3915 Cbri·

175 3960 262 4015 stum
283 3952 462 4032 abnegare:
486 3963 517 4016 et
538 3972 626 4029 cum,
649 3954 705 4032 qui
726 3954 820 4031 sapit,
837 3971 894 4014 cre
914 3953 1043 4032 quidem
1065 3961 1157 4014 tenus
1172 3953 1203 4013 iu
1218 3955 1289 4030 ipsu

177 4054 359 4116 discrimine
381 4062 573 4134 negaturum
597 4073 687 4130 esse,
710 4056 762 4116 sed
788 4073 848 4116 non
871 4074 912 4116 ex
934 4056 1029 4116 animi
1051 4055 1218 4144 sententia.
1235 4051 1289 4116 Li·

180 4155 274 4216 brum
295 4167 404 4220 autem
426 4157 609 4236 proferunt,
633 4174 729 4234 quem
751 4157 790 4218 de
812 4156 905 4219 coelo
920 4156 1088 4236 delapsum
1102 4152 1288 4232 affirmant3
