2886 4784
546 474 786 542 CONCLUSlO
1180 379 1220 443 ⁷5

184 679 323 744 Demum
344 679 423 759 qnid
446 677 574 758 prolicit
596 677 729 740 illorum
751 676 943 740 documenta
962 679 1088 756 rimari,
1103 676 1221 743 consu·

140 799 185 854 rc,
209 781 428 861 interpretari,
446 781 501 860 qui
523 776 633 858 Vigilii
659 779 763 855 Papae
784 786 817 842 et
837 778 973 843 Consilii
990 777 1028 843 V.
1042 788 1114 842 acta
1127 798 1220 843 enar·

140 890 244 961 run13
266 900 341 944 cum
364 881 542 943 universim
565 878 662 959 hujus
685 879 837 942 historiae
861 887 1055 944 tractatores
1078 898 1138 959 pro
1167 882 1221 943 tri·

140 1000 164 1046 is
184 982 343 1061 Capitulis
365 978 578 1061 pugnarunt?
601 980 641 1042 tis
661 980 738 1059 quid
762 999 802 1042 ex
825 980 959 1044 illorum
983 967 1171 1044 testimoniis
1187 1001 1219 1043 e·

142 1080 269 1146 emus?
296 1082 410 1146 Cuncti
441 1084 525 1144 enim
558 1081 710 1158 perfidiae
741 1099 841 1142 coeno
875 1083 1013 1144 involuti
1045 1083 1076 1144 iu
1108 1082 1216 1162 Vigilii

140 1201 211 1261 ipae
239 1193 337 1264 atque
366 1183 506 1245 aliorum
538 1183 597 1242 tria
628 1179 778 1259 Capitula
811 1183 1065 1261 expugnantium
1094 1184 1219 1262 vitupe-

140 1303 185 1347 tm
212 1285 434 1347 tantummodo
456 1285 658 1345 incumbunt.
683 1280 750 1344 Nisi
777 1281 863 1360 quod
889 1301 989 1360 super
1016 1284 1217 1344 mendacium
1248 1290 1251 1295 '

140 1394 293 1447 struentes
315 1384 449 1447 illorum
470 1385 568 1457 dicta,
592 1400 675 1444 unus
696 1391 808 1442 contra
831 1381 931 1443 alium
960 1382 1100 1444 dimicat.
1123 1379 1213 1446 Unus

140 1486 192 1558 tit,
216 1483 367 1564 vigilium
392 1494 505 1561 sponte
528 1482 630 1545 Roma
653 1483 846 1554 discessisse,
863 1483 947 1544 alter
968 1472 1104 1544 invitum
1127 1492 1159 1546 et
1183 1486 1213 1545 ai

140 1597 251 1648 actum
273 1585 585 1664 Constantinopolim
609 1583 800 1664 proiectum.
819 1582 913 1644 Alius
927 1585 971 1644 ait
989 1583 1105 1664 Papam
1121 1603 1217 1665 saepe

140 1687 287 1748 stantiam
303 1705 394 1749 suam
413 1689 497 1747 circa
517 1689 576 1746 tria
593 1683 740 1761 Capitula
759 1691 911 1757 mutasse,
930 1685 1024 1746 modo
1041 1685 1212 1747 detenden-

140 1803 174 1859 n,
197 1803 284 1849 nunc
315 1804 352 1848 ea
386 1787 592 1848 relutantem.
616 1784 710 1845 Alter
730 1782 838 1843 subdit
867 1802 1035 1862 nunqnam
1059 1783 1212 1863 Vigilinm

140 1895 290 1950 tractasse
312 1889 527 1960 sententiam,
550 1884 603 1946 sed
626 1885 667 1945 ab
689 1884 778 1945 initio
802 1882 1010 1948 Pontificatus
1039 1905 1141 1965 usque
1168 1886 1208 1948 ad

140 1987 250 2050 timum
272 2007 306 2051 se
329 1987 466 2051 tirmiter
488 1987 681 2049 continuisse
703 1988 733 2047 in
748 1982 977 2062 Capitulorum
993 1987 1206 2049 damnatione.

140 2106 183 2150 ins
205 2089 249 2150 ait
273 2086 458 2151 Pontificem
480 2096 605 2150 secreto
633 2104 707 2148 cum
733 2084 916 2149 iustiniano
942 2090 1151 2162 convenisse,
1173 2106 1211 2152 ac

140 2204 220 2251 rasse
241 2208 274 2250 so
295 2208 332 2251 ea
355 2188 503 2267 Capitula
528 2189 813 2265 proscriptorum,
836 2204 874 2248 ac
895 2187 1008 2249 deinde
1032 2188 1202 2268 pejerasse.

141 2296 189 2351 ter
210 2298 322 2352 narrat
343 2286 497 2369 Vigilium
519 2306 651 2350 carcere
673 2288 853 2361 detentum,
877 2305 915 2349 ac
938 2289 1034 2365 variis
1057 2278 1208 2351 afflictum

140 2405 163 2451 ie
184 2391 348 2452 aerumnis
364 2376 466 2452 donec
481 2389 700 2452 subscriberet
721 2390 852 2450 decreto
875 2389 1096 2451 damnationis.
1114 2389 1207 2452 Alius

141 2492 205 2553 erit
225 2492 256 2553 in
281 2492 414 2556 exilium
439 2486 622 2571 relegatuul
643 2489 781 2570 Papam,
806 2491 908 2554 donec
931 2498 1102 2554 revocatus
1132 2493 1207 2555 sub·

142 2589 220 2671 ipsit
242 2594 436 2656 anathemati
459 2590 698 2672 capitulorum.
714 2590 803 2657 Unus
819 2594 929 2656 scribit
946 2591 1111 2672 Pelagium
1128 2612 1207 2673 quo·

140 2709 156 2753 a
177 2693 216 2754 ab
238 2694 337 2756 exilio
362 2702 551 2757 revocatum
575 2712 591 2753 a
615 2690 821 2767 Iustiniana,
846 2694 979 2756 illorum
1011 2693 1207 2756 damnationi

140 2794 276 2855 evenisse
288 2813 299 2870 3
323 2794 407 2855 alter
428 2803 533 2873 negat.
558 2791 647 2855 Unus
667 2792 710 2853 ait
725 2790 878 2871 Vigilium
894 2791 1072 2855 se'finaisse
1094 2812 1207 2873 aegro·

140 2908 162 2951 n
181 2911 217 2954 ne
233 2882 362 2976 Synodo
384 2895 524 2956 adstaret
532 2915 543 2971 3
559 2894 643 2955 alius
663 2893 771 2954 subdit
786 2892 879 2955 illum
895 2890 1025 2976 Synodo
1041 2895 1200 2957 adunatae

142 2998 215 3055 tare
237 2994 390 3067 noluisse,
408 2995 495 3071 quod
520 2993 630 3073 plures
654 2992 696 3053 ibi
713 2993 858 3053 adessent
874 2995 1013 3070 episcopi
1029 2996 1203 3058 orientales

143 3095 328 3168 paucissimi
350 3094 579 3157 occidentales.
600 3093 663 3154 alit
685 3092 724 3154 de
747 3092 849 3154 tribus
872 3092 1028 3173 Capitulis
1050 3095 1081 3154 in
1102 3093 1201 3178 Syno-

153 3189 188 3253 t.
211 3197 434 3258 tantummodo
451 3196 648 3273 disputatum
665 3194 901 3270 epistimarunt.
921 3194 1023 3255 Alteri
1041 3213 1119 3257 vero
1134 3201 1198 3260 ori·

142 3289 248 3357 ianam
272 3301 492 3376 quaestionem
515 3296 546 3356 in
568 3296 713 3375 ejusdem
735 3297 813 3357 actis
838 3294 972 3358 voluere
994 3306 1194 3370 consertam,

140 3390 190 3456 tlii
212 3406 385 3474 negarunt.

160 3490 220 3560 Sed
244 3497 321 3576 quid
343 3515 424 3574 opus
447 3506 494 3558 cst
515 3497 580 3560 buc
601 3497 681 3560 illuc
702 3496 887 3558 discurrere
911 3499 995 3559 inter
1028 3496 1191 3560 discordes

140 3595 203 3659 es?
224 3594 311 3671 Quid
334 3615 462 3659 necesse
485 3606 532 3658 est
551 3598 725 3677 impervias
740 3597 869 3660 calcare
883 3600 1027 3674 semitas,
1045 3616 1103 3677 per
1116 3615 1198 3676 quas

140 3704 196 3758 dm
221 3715 386 3775 nunqnam
409 3700 535 3776 assequi
558 3697 743 3776 contingit?
760 3696 819 3759 Vel
835 3717 920 3778 quae
936 3698 1059 3761 utilitas
1075 3698 1198 3761 calum·

142 3804 222 3860 ores
243 3806 275 3859 et
296 3797 449 3877 perfidiae
471 3801 640 3877 magistros
661 3807 718 3862 aut
738 3799 852 3862 illusos
880 3800 1093 3877 interrogare,
1116 3798 1193 3878 quid

140 3901 199 3959 um
232 3899 273 3958 sit
294 3901 325 3959 in
347 3898 477 3980 Synndo
501 3896 537 3960 V.
561 3917 635 3960 cum
658 3900 791 3963 illorum
814 3901 941 3962 adserta
971 3901 1191 3963 commentitia

140 4001 209 4058 ise
226 4010 343 4062 mutuo
364 3999 556 4061 contendant
578 4018 615 4061 ac
638 3999 854 4064 refutentur?

149 4088 216 4160 Sed
241 4099 305 4163 buc
326 4100 441 4175 adsint,
461 4100 544 4180 siqui
568 4101 674 4164 adbuc
689 4101 799 4165 dubii:
816 4102 948 4165 audiant
965 4120 1075 4164 vocem
1094 4098 1194 4180 Magi·

140 4230 142 4245 ·
171 4199 318 4279 quisine
342 4199 470 4277 frande,
493 4201 614 4280 absque
637 4200 825 4282 ambagibus
847 4202 878 4264 in
900 4201 1102 4282 simplicitate
1126 4220 1195 4263 ser·
