2886 4784
157 356 197 425 88

240 460 385 538 luterim,
401 476 479 540 prae
500 462 616 523 ceteris
632 460 776 545 Dionysii
797 463 932 524 instante
956 460 1139 524 testimonio
1159 458 1260 525 iolau·

160 564 231 627 dem
248 565 326 627 tanti
345 566 417 639 viri,
432 564 582 626 dubitare
604 566 675 643 quis
691 565 810 644 poterit
832 565 871 626 de
892 563 1042 644 Origenis
1063 563 1155 626 obitu
1170 564 1200 624 in
1213 562 1260 626 Ec·

159 667 256 730 clesia
278 664 473 731 catholica?
494 663 659 746 Numquid
682 685 706 728 s.
732 664 903 750 Dionysius
928 665 977 726 vir
1005 665 1121 729 doctus
1154 666 1261 728 illusis

159 787 231 830 nem
253 787 365 849 passus
386 775 446 844 esi,
469 786 542 831 cum
565 770 607 831 ita
631 786 689 848 pro
711 768 850 846 Origene
872 763 1021 846 pugnet?
1044 766 1112 830 dut
1139 766 1260 830 fortasse

161 869 242 931 adeo
264 870 415 932 laudibus
437 869 586 931 eumdem
609 869 866 949 extuleritqnod
885 868 963 930 ialsa
980 877 1012 930 et
1033 868 1131 948 impia
1148 867 1261 946 dogna·

163 981 193 1031 ta
216 970 386 1045 docuerit,
411 988 495 1049 quae
525 976 557 1032 et
585 970 652 1048 ipse
678 977 787 1048 postea
815 969 988 1054 Dionysius
1014 965 1179 1032 sentiret?
1203 967 1264 1032 Non

163 1072 246 1134 cuim
270 1072 542 1150 praesumendum
564 1079 634 1147 est,
662 1071 849 1156 Dionysium
882 1080 959 1134 tune
986 1072 1174 1150 ignorasse,
1195 1086 1264 1151 quaa

162 1188 263 1252 prave
284 1173 323 1234 de
346 1169 427 1246 Deo,
444 1172 483 1234 de
500 1170 608 1234 Verbo
630 1170 701 1246 liei,
725 1174 830 1252 deque
851 1172 1010 1235 similibus
1032 1173 1263 1250 pronunciasset

162 1271 340 1354 Origenes,
362 1274 388 1336 si
411 1291 526 1335 revera
560 1274 824 1351 blasphemasset.
859 1273 1030 1336 Praeterea
1055 1291 1082 1335 s.
1107 1271 1266 1354 lliougsins

165 1378 206 1438 ita
229 1376 360 1438 locutus
382 1376 421 1437 de
442 1375 606 1454 Origene,
639 1395 696 1439 nec
726 1394 856 1438 errores
878 1374 949 1455 ejus
977 1376 1140 1455 corripit,
1162 1376 1214 1438 scd
1232 1393 1266 1439 ex

163 1477 302 1540 adverso
325 1478 430 1540 virum
452 1477 605 1541 laudibus
626 1478 847 1557 prosequitur.
872 1473 941 1539 Nec
961 1475 1102 1555 amplius
1121 1495 1148 1538 s.
1164 1474 1267 1560 lliony·

165 1578 201 1641 sil
226 1578 336 1641 illusio
358 1578 432 1658 tingi
454 1586 571 1657 potest,
587 1582 678 1658 qnasi
701 1579 786 1641 hand
809 1579 953 1651 sentiret,
970 1594 1056 1655 qnae
1076 1575 1189 1641 docuit
1207 1575 1266 1638 Ori·

165 1696 281 1759 genesr
305 1697 364 1743 nec
385 1680 489 1742 mnlto
511 1675 617 1744 minus
637 1683 780 1759 cogitare
810 1679 857 1741 ias
888 1684 935 1740 est
962 1678 1163 1754 scientibus,
1193 1693 1266 1757 qnae

166 1779 340 1864 Dionysius
360 1783 539 1859 scripserit,
558 1794 649 1861 quae*
662 1781 827 1860 professus
848 1788 897 1843 est
912 1779 1075 1859 dogmata,
1092 1797 1181 1860 quae
1194 1777 1267 1841 rein·

166 1883 284 1944 laverit
305 1881 337 1942 in
359 1881 449 1944 libris
471 1884 556 1958 suis,
579 1890 611 1944 et
633 1899 716 1960 qnae
738 1881 778 1943 de
799 1881 856 1943 illo
878 1880 1028 1942 obtestati
1049 1888 1128 1943 sunt
1149 1878 1266 1959 posteri.

165 1980 338 2065 Dionysius
359 2003 412 2048 ex.
434 2002 464 2063 g.
487 1986 641 2064 pugnavit
662 1993 773 2046 contra
795 1982 985 2057 Sabellium,
1003 1988 1119 2045 contra
1142 1980 1267 2045 Paulum

164 2092 414 2149 samosatenum.
438 2084 479 2148 Et
501 2103 576 2149 cnm
598 2086 641 2148 ita
663 2085 823 2147 dimicarit
850 2091 962 2149 contra
989 2085 1047 2146 hos
1076 2083 1265 2146 haereticos:

166 2201 227 2248 cnr
247 2183 419 2263 Origenem
441 2189 594 2249 encomiis
615 2186 781 2247 ornaverit
803 2193 840 2247 nt
860 2185 1105 2256 orthodoxum,
1138 2197 1267 2246 asserens

167 2287 210 2346 ita
232 2287 359 2360 obiisse,
383 2287 441 2348 nisi
463 2305 522 2365 pro
544 2296 633 2349 certo
655 2287 810 2360 baberet,
837 2286 987 2347 eumdem
1017 2285 1060 2345 ab
1092 2285 1179 2346 omui
1208 2283 1266 2345 me

169 2403 276 2448 reseos
299 2388 394 2465 culpa
417 2389 604 2461 immunem,
627 2405 815 2467 supremum
838 2388 955 2448 obiisse
976 2383 1111 2448 iatum?
1133 2383 1265 2464 Quaprn

168 2495 241 2566 pter
262 2506 325 2550 non
346 2491 404 2550 nisi
428 2497 547 2551 temere
575 2490 745 2569 rejicienda
769 2497 862 2554 ests.
886 2485 1028 2569 Dionysii
1052 2487 1228 2551 auctoritas
1244 2486 1266 2546 ia

133 2588 136 2592 ’
168 2589 274 2667 elogio
296 2607 371 2668 erga
393 2588 565 2669 Origenem
588 2590 776 2652 defunctum
799 2588 966 2649 cumulato
988 2586 1030 2649 ob
1055 2589 1211 2648 sinceram
1238 2583 1266 2646 il·

167 2691 231 2751 lius
254 2689 325 2751 fidei
348 2691 591 2754 confessionem.
609 2691 763 2768 Alioquin
787 2707 844 2751 nec
867 2691 984 2750 mirum
1002 2687 1147 2761 ridetur,
1164 2683 1266 2764 Diony·

56 2839 58 2844 ,
169 2792 253 2853 sium
269 2792 417 2855 laudasse
432 2791 605 2872 Origenem
627 2800 699 2869 post
721 2799 871 2863 mortem,
888 2808 961 2852 cum
981 2789 1080 2867 paulo
1102 2799 1178 2850 aute
1192 2787 1267 2850 istius

167 2892 292 2954 obitum
315 2895 418 2955 cidem
441 2896 646 2972 inscripserat
668 2894 789 2955 librum
813 2890 856 2952 De
877 2887 1045 2968 martyrio,
1068 2891 1209 2952 amicum
1227 2905 1265 2950 so·

169 2990 254 3054 latus
275 2994 317 3053 ob
340 3002 522 3068 tormenta,
545 3012 629 3072 quae
651 3011 761 3072 passus
783 3001 853 3054 erat
875 2994 905 3052 in
929 2991 1155 3069 persecutione
1181 2987 1267 3051 Decii

171 3091 217 3155 De
240 3092 391 3177 Dionysio
413 3096 545 3174 loquor,
562 3099 617 3172 qui
641 3096 671 3154 in
694 3095 933 3155 baereticorum
955 3092 1163 3171 opinionibus
1178 3089 1267 3169 perle-

169 3195 290 3271 gendis,
303 3196 408 3258 seduli
426 3199 599 3275 trapezitae
615 3199 726 3269 instar,
741 3197 796 3273 qui
812 3202 981 3273 argeutum
996 3193 1127 3272 probat,
1145 3193 1190 3253 uti
1205 3189 1269 3251 diri·

170 3295 255 3357 nitus
276 3297 410 3358 edoctus
433 3298 533 3374 (teste
550 3295 691 3359 Eusebio
709 3298 739 3356 in
755 3293 837 3356 Hisl.
857 3293 945 3356 Eccl.
965 3291 1061 3354 Libro
1079 3290 1152 3354 vll.
1171 3310 1199 3354 ο.
1213 3285 1269 3361 Vl.)

169 3398 244 3457 satis
266 3400 368 3475 perite
391 3397 468 3458 laisa
492 3416 509 3458 a
535 3401 617 3459 veris
639 3398 836 3458 secernebat.
862 3394 975 3472 quue
997 3394 1123 3472 magis,
1151 3394 1211 3455 hnc
1230 3389 1269 3450 ad·

170 3497 267 3569 dam,
289 3499 412 3558 cunctis
435 3506 511 3559 tunc
531 3496 678 3575 Origenis
702 3498 810 3575 pietati
839 3481 1093 3575 suffragantibus
1122 3496 1154 3555 in
1176 3492 1270 3556 Eccle·

170 3598 214 3657 sia
237 3598 354 3658 sanctis
378 3598 454 3658 viris
476 3607 507 3659 ct
529 3598 739 3680 martyribus.

251 3695 382 3775 Utique,
407 3707 482 3760 tunc
502 3697 752 3776 suifragantibus
773 3695 890 3757 sanctis
913 3695 1004 3765 viris,
1029 3693 1114 3767 dixi,
1138 3690 1270 3770 Origenis

170 3797 349 3877 discipulis:
368 3815 509 3876 quorum
532 3798 585 3858 alii
608 3797 808 3860 confessores
829 3795 884 3857 alii
909 3802 1069 3875 martyres
1085 3795 1117 3857 in
1135 3792 1271 3871 regimine

171 3900 381 3963 ecclesiarum
407 3899 499 3960 valde
520 3899 665 3972 scientia,
690 3898 762 3958 fidei
786 3896 981 3974 integritate,
1005 3895 1077 3957 zelo
1100 3906 1198 3974 atque
1220 3894 1269 3971 pie

169 4008 233 4059 tate
264 4001 399 4077 insignes
426 3997 616 4077 proiecere,
643 3996 821 4077 Gregorius
846 3995 1116 4071 Neocaesareae,
1140 3996 1267 4058 Atheon·

168 4100 290 4170 dorus,
318 4098 505 4160 Alexander
527 4099 853 4180 hierosolymitanus,
877 4095 1081 4159 Tbeoctistus
1105 4095 1267 4160 caesarien

168 4202 222 4276 sis,
240 4196 445 4263 Firmilianus
461 4197 637 4264 Caesareae
653 4199 874 4280 Cappadociae
890 4198 1023 4276 aliique.
1043 4197 1097 4261 lsti
1113 4205 1267 4274 uunquam
