2886 4784
148 496 226 572 tius,
246 491 426 556 dillcrentia
441 490 525 553 inter
538 488 687 570 Origenis
703 498 854 570 patronos
870 491 1071 559 orthodoxos
1089 503 1119 555 et
1138 494 1267 558 hetero-

149 595 404 662 doxos.·Cuncti
427 615 468 657 ex
491 594 605 674 quavis
628 597 758 674 regione
779 606 811 656 et
833 596 1014 657 conditione
1038 595 1158 670 forent,
1182 615 1269 658 esm-

151 701 225 762 dem
250 698 386 779 professi
409 696 502 756 fidem
525 696 756 768 orthodoxam,
779 696 924 756 earudem
949 706 1124 759 tenuerunt
1145 706 1270 759 senten-

151 803 253 875 tium,
278 800 412 879 genuina
437 797 582 876 eiusdem
605 798 723 875 scripta
749 796 847 859 luisse
877 796 1013 868 ialsatn,
1037 816 1094 859 nec
1124 816 1268 876 unquam

150 906 257 985 ipsurn
280 901 474 980 applicuisse
501 901 643 962 animum
667 900 697 960 in
719 899 887 977 quibusvis
916 900 1188 973 discussionibus,
1216 900 1268 962 vel

150 1005 320 1071 doctrinae
342 1002 539 1080 apostolicae
563 1001 741 1072 resistendi,
762 1002 812 1063 sel
832 1001 1067 1063 ecclesiastieae
1091 1002 1269 1074 traditioni,

153 1125 211 1169 nec
234 1105 307 1166 ideo
327 1103 402 1183 iuro
426 1110 461 1166 ut
484 1103 682 1165 haereticum
705 1102 899 1163 anathemati
927 1101 1161 1190 subjiciendum
1190 1122 1269 1164 esse.

237 1205 278 1269 tu
300 1207 361 1267 hoc
383 1205 466 1268 idem
489 1205 659 1266 dicendum
683 1214 731 1264 est
752 1205 791 1264 de
813 1203 862 1272 iis,
885 1221 967 1281 quos
990 1201 1133 1283 Cyrillus
1162 1221 1269 1265 mona·

152 1309 248 1382 chus,
265 1306 446 1380 Liberatus,
466 1315 498 1366 et
520 1303 693 1367 Facundus
715 1306 801 1365 circa
824 1304 991 1366 dimidium
1014 1305 1115 1377 seculi
1141 1303 1193 1368 Vl.
1219 1326 1273 1369 ro·

152 1415 272 1473 carnut
293 1409 481 1486 origenistas
504 1407 584 1468 idest
607 1406 799 1480 haereticos,
819 1424 893 1468 curn
916 1425 974 1469 nec
995 1407 1036 1466 ab
1057 1426 1171 1469 eorum
1195 1411 1272 1470 scri-

155 1512 240 1592 ptis,
264 1529 324 1572 nire
344 1512 384 1590 ab
406 1511 551 1586 ipsorum
575 1494 774 1571 confessione
797 1526 835 1567 ne
858 1527 957 1570 unum
983 1510 1116 1570 verbunr
1139 1510 1271 1587 quidern

152 1612 374 1676 audieruuta
410 1611 554 1671 doctrina
588 1610 748 1673 catholica
781 1613 947 1685 alienum,
976 1611 1043 1673 sivo
1064 1611 1104 1671 ab
1129 1609 1272 1673 Ecclesia

153 1713 355 1777 damnatum.
464 1713 466 1718 '
1204 1720 1206 1724 '

233 1815 266 1881 st
290 1834 369 1879 vero
389 1817 461 1895 quis
480 1814 568 1889 velit,
585 1833 626 1876 ex
648 1815 696 1876 his
718 1817 890 1877 nonnullos
905 1817 935 1876 in
950 1816 1142 1895 quibusdam
1167 1835 1272 1879 erras·

152 1935 208 1979 se:
232 1918 359 1978 nonita
384 1926 489 1978 tamen
511 1935 565 1979 eos
587 1933 714 1978 errasse
736 1918 906 1979 dicendum
922 1927 981 1988 cst,
999 1917 1085 1994 quod
1103 1927 1195 1978 antea
1219 1937 1272 1978 ea·

155 2017 228 2082 dem
251 2018 415 2081 docuisset
435 2016 614 2097 Origenes,
638 2036 699 2079 non
723 2027 758 2080 ut
782 2020 939 2081 haeresim
970 2001 1192 2091 instituerent,
1218 2020 1269 2080 sel

155 2118 230 2182 fidei
254 2122 405 2181 nicaenae
427 2120 696 2182 contradicerent.
722 2118 803 2194 Ast,
826 2123 852 2182 si
880 2119 925 2182 sic
947 2128 1123 2194 errarunt,
1148 2120 1271 2198 proprii

153 2221 272 2300 ingenii
294 2221 471 2283 infirmitati
497 2221 559 2282 hoc
588 2220 828 2283 concedendum
851 2229 910 2283 est.
933 2218 992 2282 Vel
1013 2221 1109 2283 aliter
1131 2222 1269 2284 dicatur.

156 2319 188 2385 Si
211 2337 273 2400 pro
294 2320 435 2400 Origene
458 2330 651 2400 pugnassent
672 2320 714 2382 ob
736 2320 935 2399 peculiarem
967 2321 1054 2385 illins
1086 2324 1269 2400 opinionem

156 2422 326 2486 doctrinae
347 2424 527 2486 catholicae
548 2423 725 2496 intensam,
748 2425 842 2486 sicuti
865 2424 970 2502 pelam
994 2431 1118 2487 constat
1141 2425 1171 2485 in
1194 2425 1271 2486 hsc-

155 2526 398 2589 rcsiarcharum
420 2526 544 2600 schola,
562 2545 704 2605 quorum
726 2527 877 2603 specialia
900 2527 1061 2588 haeretica
1084 2527 1268 2605 dogmataa

155 2626 322 2707 discipulis
345 2629 514 2690 haereticis
535 2627 775 2691 defenduntur:
802 2636 877 2690 tunc
893 2629 1152 2702 concludendum
1169 2628 1268 2704 foret,

155 2729 322 2808 praefatos
346 2731 432 2792 viros
454 2729 598 2810 ejusdem
622 2739 728 2810 partes
753 2733 933 2811 suscepisse
965 2731 1135 2811 cuiusdam
1167 2741 1275 2793 sectae

156 2838 255 2894 extra
279 2829 457 2895 Ecclesiam
479 2831 663 2895 instituendi
687 2850 795 2893 causa.
819 2830 1036 2896 Nihilominus
1058 2834 1120 2896 hoc
1141 2833 1274 2896 illorum

156 2933 318 2996 neminem
343 2932 483 2996 truditur
505 2933 687 3012 concepisse
706 2934 887 3023 consilium.
906 2933 1040 3008 Verum,
1057 2942 1094 2996 ut
1109 2934 1190 3008 dixi,
1208 2952 1273 2996 uno

154 3052 215 3097 ora
237 3034 269 3094 in
291 3034 353 3096 hoe
374 3041 499 3098 tantum
522 3035 752 3108 incubuerunt,
771 3042 819 3110 ut,
833 3037 924 3113 prius
945 3054 979 3098 se
1001 3036 1136 3114 professi
1160 3035 1272 3097 ortho-

154 3134 274 3207 doxos,
296 3134 468 3214 Origenem
499 3154 632 3216 quoque
660 3135 701 3196 ab
730 3137 900 3199 haerescos
930 3137 1112 3217 suspicione
1136 3137 1274 3198 vindica·

155 3246 241 3301 rent.
264 3235 333 3301 Nec
355 3255 439 3300 unus
460 3255 536 3300 sane
559 3238 722 3318 reperitur
750 3257 791 3300 ex
817 3239 965 3300 omnibus
988 3237 1076 3301 illius
1098 3238 1274 3300 detonseri-

154 3339 241 3413 bus,
264 3339 319 3418 qui
345 3339 522 3418 aliquando
547 3358 587 3401 ex
617 3340 807 3402 conscientia
836 3341 994 3414 senserit,
1022 3341 1072 3402 vel
1101 3342 1272 3416 docuerit,

155 3448 215 3504 aut
236 3441 405 3516 scripserit
426 3440 604 3519 quidquam
627 3450 738 3502 contra
762 3442 954 3505 catholicam
977 3443 1083 3506 fidem.
1102 3444 1149 3506 hc
1164 3445 1274 3523 itaque

153 3539 244 3622 quod
269 3541 364 3602 utodo
388 3550 478 3602 teneo
504 3542 533 3601 in
556 3559 651 3603 causa
675 3541 835 3621 Origenis,
859 3553 1017 3623 perpetuo
1040 3546 1116 3627 J‘ure
1144 3545 1271 3619 tenebo,

155 3650 227 3707 tum
251 3643 425 3705 monachos
446 3649 477 3702 et
499 3661 724 3722 quoscumque
748 3645 826 3705 velis
849 3645 936 3707 illius
966 3645 1126 3727 cujusque
1157 3647 1270 3708 aetatis

153 3744 414 3823 patrocinatores
436 3742 476 3803 ab
498 3743 582 3804 omni
606 3744 776 3807 haereseos
805 3745 877 3808 labo
909 3747 1006 3808 inisse
1039 3748 1219 3810 imnruoes:
1244 3755 1275 3808 et

152 3852 318 3925 quotquot
337 3822 496 3907 dicuntur
518 3845 652 3907 illorum
675 3855 905 3929 accusatores,
928 3849 1107 3926 incipiendo
1129 3867 1146 3908 a
1169 3846 1273 3909 Theo·

152 3946 258 4025 philo,
274 3966 348 4008 cum
372 3967 434 4008 non
459 3947 620 4009 valuerint
642 3948 681 4009 de
704 3946 873 4010 manifesto
895 3967 1009 4010 errore
1031 3948 1104 4010 illos
1127 3949 1271 4024 increpa·

151 4063 201 4118 re,
226 4047 464 4124 iniquissimum
489 4047 600 4108 tulisse
619 4047 779 4127 judicium
811 4048 841 4108 in
869 4050 1136 4110 constitutionum
1170 4049 1272 4110 eccle·

153 4148 361 4225 siasticarunr
402 4151 611 4229 vituperium.
650 4148 745 4224 Quod
782 4151 1045 4210 constitutionum
1082 4150 1273 4210 ecclesiasti·

152 4264 269 4311 carum
295 4249 492 4328 vituperium
516 4258 648 4313 cunctos
672 4249 766 4312 hodie
787 4252 968 4315 necessario
995 4252 1196 4330 partecipare
1226 4250 1272 4312 di·
