<?xml version="1.0" encoding="UTF-8"?>
<!DOCTYPE html PUBLIC "-//W3C//DTD XHTML 1.0 Transitional//EN"
    "http://www.w3.org/TR/xhtml1/DTD/xhtml1-transitional.dtd">
<html xmlns="http://www.w3.org/1999/xhtml" xml:lang="en" lang="en">
 <head>
  <title>
</title>
<meta http-equiv="Content-Type" content="text/html;charset=utf-8" />
  <meta name='ocr-system' content='tesseract 3.04.00' />
  <meta name='ocr-capabilities' content='ocr_page ocr_carea ocr_par ocr_line ocrx_word'/>
</head>
<body>
  <div class='ocr_page' id='page_1' title='image "./insgregoriinyss00vincgoog/insgregoriinyss00vincgoog_0246.png"; bbox 0 0 2886 4784; ppageno 0'>
   <div class='ocr_carea' id='block_1_1' title="bbox 151 353 1281 545">
    <p class='ocr_par' dir='ltr' id='par_1_1' title="bbox 151 353 1281 545">
     <span class='ocr_line' id='line_1_1' title="bbox 151 353 1281 545; baseline -0.008 -13"><span class='ocrx_word' id='word_1_1' title='bbox 151 458 339 532; x_wconf 67' lang='lat' dir='ltr'><strong>Iustiniani</strong></span> <span class='ocrx_word' id='word_1_2' title='bbox 363 463 511 545; x_wconf 76' lang='lat' dir='ltr'><strong>Pelagius</strong></span> <span class='ocrx_word' id='word_1_3' title='bbox 535 434 699 526; x_wconf 79' lang='lat' dir='ltr'><strong>llnmtnns</strong></span> <span class='ocrx_word' id='word_1_4' title='bbox 730 459 902 526; x_wconf 85' lang='lat' dir='ltr'><strong>nrtlinstur</strong></span> <span class='ocrx_word' id='word_1_5' title='bbox 932 454 1110 541; x_wconf 82' lang='lat' dir='ltr'><strong>episcopus.</strong></span> <span class='ocrx_word' id='word_1_6' title='bbox 1135 479 1150 518; x_wconf 76' lang='lat' dir='ltr'><strong>&gt;s</strong></span> <span class='ocrx_word' id='word_1_7' title='bbox 1177 459 1210 523; x_wconf 91' lang='lat' dir='ltr'><strong>ln</strong></span> <span class='ocrx_word' id='word_1_8' title='bbox 1233 353 1281 523; x_wconf 65' lang='lat' dir='ltr'><strong>llll</strong></span> 
     </span>
    </p>
   </div>
   <div class='ocr_carea' id='block_1_2' title="bbox 140 563 1354 4398">
    <p class='ocr_par' dir='ltr' id='par_1_2' title="bbox 142 563 1354 1154">
     <span class='ocr_line' id='line_1_2' title="bbox 149 563 1354 646; baseline -0.003 -14"><span class='ocrx_word' id='word_1_9' title='bbox 149 570 289 632; x_wconf 87' lang='lat' dir='ltr'><strong>cernito</strong></span> <span class='ocrx_word' id='word_1_10' title='bbox 309 568 435 628; x_wconf 83' lang='lat' dir='ltr'><strong>inanem</strong></span> <span class='ocrx_word' id='word_1_11' title='bbox 459 567 681 646; x_wconf 67' lang='lat' dir='ltr'><strong>repetitionem</strong></span> <span class='ocrx_word' id='word_1_12' title='bbox 704 581 742 627; x_wconf 90' lang='lat' dir='ltr'><strong>se</strong></span> <span class='ocrx_word' id='word_1_13' title='bbox 766 563 931 634; x_wconf 81' lang='lat' dir='ltr'><strong>verimode</strong></span> <span class='ocrx_word' id='word_1_14' title='bbox 956 581 1142 642; x_wconf 84' lang='lat' dir='ltr'><strong>expressam</strong></span> <span class='ocrx_word' id='word_1_15' title='bbox 1164 563 1205 626; x_wconf 82' lang='lat' dir='ltr'><strong>‹ie</strong></span> <span class='ocrx_word' id='word_1_16' title='bbox 1225 581 1278 624; x_wconf 89' lang='lat' dir='ltr'><strong>ea·</strong></span> <span class='ocrx_word' id='word_1_17' title='bbox 1349 621 1354 628; x_wconf 87' lang='lat'><em>.</em></span> 
     </span>
     <span class='ocr_line' id='line_1_3' title="bbox 148 664 1277 748; baseline -0.004 -17"><span class='ocrx_word' id='word_1_18' title='bbox 148 671 235 733; x_wconf 84' lang='lat' dir='ltr'><strong>siem</strong></span> <span class='ocrx_word' id='word_1_19' title='bbox 258 685 407 747; x_wconf 88' lang='lat' dir='ltr'><strong>persons.</strong></span> <span class='ocrx_word' id='word_1_20' title='bbox 425 668 471 730; x_wconf 77' lang='lat' dir='ltr'><strong>Ao</strong></span> <span class='ocrx_word' id='word_1_21' title='bbox 486 667 625 748; x_wconf 89' lang='lat' dir='ltr'><strong>amplios</strong></span> <span class='ocrx_word' id='word_1_22' title='bbox 647 668 769 728; x_wconf 79' lang='lat' dir='ltr'><strong>cernito</strong></span> <span class='ocrx_word' id='word_1_23' title='bbox 792 664 957 746; x_wconf 85' lang='lat' dir='ltr'><strong>quomodo</strong></span> <span class='ocrx_word' id='word_1_24' title='bbox 979 664 1205 727; x_wconf 76' lang='lat' dir='ltr'><strong>schismaticis</strong></span> <span class='ocrx_word' id='word_1_25' title='bbox 1224 682 1277 726; x_wconf 89' lang='lat' dir='ltr'><strong>ve·</strong></span> 
     </span>
     <span class='ocr_line' id='line_1_4' title="bbox 147 766 1278 848; baseline -0.005 -12"><span class='ocrx_word' id='word_1_26' title='bbox 147 772 260 836; x_wconf 81' lang='lat' dir='ltr'><strong>ritate</strong></span> <span class='ocrx_word' id='word_1_27' title='bbox 275 770 360 832; x_wconf 83' lang='lat' dir='ltr'><strong>tosti</strong></span> <span class='ocrx_word' id='word_1_28' title='bbox 383 770 467 832; x_wconf 87' lang='lat' dir='ltr'><strong>inter</strong></span> <span class='ocrx_word' id='word_1_29' title='bbox 487 788 521 832; x_wconf 90' lang='lat' dir='ltr'><strong>se</strong></span> <span class='ocrx_word' id='word_1_30' title='bbox 543 769 707 832; x_wconf 84' lang='lat' dir='ltr'><strong>decertent</strong></span> <span class='ocrx_word' id='word_1_31' title='bbox 720 787 821 848; x_wconf 88' lang='lat' dir='ltr'><strong>seque</strong></span> <span class='ocrx_word' id='word_1_32' title='bbox 838 776 954 831; x_wconf 89' lang='lat' dir='ltr'><strong>mutuo</strong></span> <span class='ocrx_word' id='word_1_33' title='bbox 969 766 1123 830; x_wconf 88' lang='lat' dir='ltr'><strong>collidant</strong></span> <span class='ocrx_word' id='word_1_34' title='bbox 1138 768 1169 828; x_wconf 92' lang='lat' dir='ltr'><strong>in</strong></span> <span class='ocrx_word' id='word_1_35' title='bbox 1184 785 1278 830; x_wconf 85' lang='lat' dir='ltr'><strong>enar·</strong></span> 
     </span>
     <span class='ocr_line' id='line_1_5' title="bbox 145 867 1275 950; baseline -0.004 -16"><span class='ocrx_word' id='word_1_36' title='bbox 145 870 270 935; x_wconf 84' lang='lat' dir='ltr'><strong>rsudis</strong></span> <span class='ocrx_word' id='word_1_37' title='bbox 286 870 384 950; x_wconf 84' lang='lat' dir='ltr'><strong>hujus</strong></span> <span class='ocrx_word' id='word_1_38' title='bbox 399 870 594 950; x_wconf 84' lang='lat' dir='ltr'><strong>quaestionis</strong></span> <span class='ocrx_word' id='word_1_39' title='bbox 613 869 875 937; x_wconf 72' lang='lat' dir='ltr'><strong>circumstantiis:</strong></span> <span class='ocrx_word' id='word_1_40' title='bbox 893 879 924 931; x_wconf 92' lang='lat' dir='ltr'><strong>et</strong></span> <span class='ocrx_word' id='word_1_41' title='bbox 939 877 1058 948; x_wconf 80' lang='lat' dir='ltr'><strong>quanta</strong></span> <span class='ocrx_word' id='word_1_42' title='bbox 1076 867 1207 946; x_wconf 78' lang='lat' dir='ltr'><strong>periistis</strong></span> <span class='ocrx_word' id='word_1_43' title='bbox 1225 870 1275 930; x_wconf 88' lang='lat' dir='ltr'><strong>nsi</strong></span> 
     </span>
     <span class='ocr_line' id='line_1_6' title="bbox 146 967 1278 1050; baseline -0.006 -12"><span class='ocrx_word' id='word_1_44' title='bbox 146 974 280 1038; x_wconf 85' lang='lat' dir='ltr'><strong>sintin</strong></span> <span class='ocrx_word' id='word_1_45' title='bbox 304 971 526 1035; x_wconf 84' lang='lat' dir='ltr'><strong>Romanorum</strong></span> <span class='ocrx_word' id='word_1_46' title='bbox 551 970 740 1032; x_wconf 88' lang='lat' dir='ltr'><strong>Pontiiicum</strong></span> <span class='ocrx_word' id='word_1_47' title='bbox 764 967 871 1049; x_wconf 85' lang='lat' dir='ltr'><strong>Vigiiii</strong></span> <span class='ocrx_word' id='word_1_48' title='bbox 893 980 925 1033; x_wconf 92' lang='lat' dir='ltr'><strong>et</strong></span> <span class='ocrx_word' id='word_1_49' title='bbox 947 971 1067 1050; x_wconf 78' lang='lat' dir='ltr'><strong>Pelagii</strong></span> <span class='ocrx_word' id='word_1_50' title='bbox 1097 971 1192 1049; x_wconf 86' lang='lat' dir='ltr'><strong>gestis</strong></span> <span class='ocrx_word' id='word_1_51' title='bbox 1221 970 1278 1032; x_wconf 82' lang='lat' dir='ltr'><strong>olt-</strong></span> 
     </span>
     <span class='ocr_line' id='line_1_7' title="bbox 142 1058 908 1154; baseline -0.008 -12"><span class='ocrx_word' id='word_1_52' title='bbox 142 1076 332 1142; x_wconf 79' lang='lat' dir='ltr'><strong>snursndls</strong></span> <span class='ocrx_word' id='word_1_53' title='bbox 354 1094 535 1154; x_wconf 86' lang='lat' dir='ltr'><strong>eorumque</strong></span> <span class='ocrx_word' id='word_1_54' title='bbox 558 1074 710 1136; x_wconf 82' lang='lat' dir='ltr'><strong>falsandis</strong></span> <span class='ocrx_word' id='word_1_55' title='bbox 731 1073 837 1136; x_wconf 84' lang='lat' dir='ltr'><strong>dietis.</strong></span> <span class='ocrx_word' id='word_1_56' title='bbox 905 1058 908 1063; x_wconf 44' lang='grc'><strong><em>’</em></strong></span> 
     </span>
    </p>

    <p class='ocr_par' dir='ltr' id='par_1_3' title="bbox 142 1175 1278 2784">
     <span class='ocr_line' id='line_1_8' title="bbox 241 1175 1276 1239; baseline -0.003 0"><span class='ocrx_word' id='word_1_57' title='bbox 241 1176 293 1239; x_wconf 79' lang='lat' dir='ltr'><strong>nt</strong></span> <span class='ocrx_word' id='word_1_58' title='bbox 315 1183 447 1238; x_wconf 86' lang='lat' dir='ltr'><strong>onnotns</strong></span> <span class='ocrx_word' id='word_1_59' title='bbox 466 1194 543 1239; x_wconf 90' lang='lat' dir='ltr'><strong>vero</strong></span> <span class='ocrx_word' id='word_1_60' title='bbox 567 1177 759 1238; x_wconf 76' lang='lat' dir='ltr'><strong>refellendas</strong></span> <span class='ocrx_word' id='word_1_61' title='bbox 782 1176 957 1238; x_wconf 84' lang='lat' dir='ltr'><strong>eslnmnins</strong></span> <span class='ocrx_word' id='word_1_62' title='bbox 980 1184 1090 1237; x_wconf 89' lang='lat' dir='ltr'><strong>eontra</strong></span> <span class='ocrx_word' id='word_1_63' title='bbox 1115 1175 1172 1238; x_wconf 83' lang='lat' dir='ltr'><strong>lios</strong></span> <span class='ocrx_word' id='word_1_64' title='bbox 1197 1176 1276 1238; x_wconf 89' lang='lat' dir='ltr'><strong>Pon·</strong></span> 
     </span>
     <span class='ocr_line' id='line_1_9' title="bbox 145 1262 1275 1358; baseline -0.006 -16"><span class='ocrx_word' id='word_1_65' title='bbox 145 1277 263 1342; x_wconf 80' lang='lat' dir='ltr'><strong>tlflces</strong></span> <span class='ocrx_word' id='word_1_66' title='bbox 283 1276 398 1358; x_wconf 79' lang='lat' dir='ltr'><strong>jactos,</strong></span> <span class='ocrx_word' id='word_1_67' title='bbox 414 1262 574 1338; x_wconf 81' lang='lat' dir='ltr'><strong>satisfiunt</strong></span> <span class='ocrx_word' id='word_1_68' title='bbox 597 1276 715 1355; x_wconf 76' lang='lat' dir='ltr'><strong>Pelagii</strong></span> <span class='ocrx_word' id='word_1_69' title='bbox 740 1274 763 1336; x_wconf 89' lang='lat' dir='ltr'><strong>l.</strong></span> <span class='ocrx_word' id='word_1_70' title='bbox 788 1276 870 1338; x_wconf 88' lang='lat' dir='ltr'><strong>diets</strong></span> <span class='ocrx_word' id='word_1_71' title='bbox 888 1279 919 1338; x_wconf 88' lang='lat' dir='ltr'><strong>in</strong></span> <span class='ocrx_word' id='word_1_72' title='bbox 936 1277 1069 1354; x_wconf 89' lang='lat' dir='ltr'><strong>epistola</strong></span> <span class='ocrx_word' id='word_1_73' title='bbox 1086 1273 1140 1337; x_wconf 87' lang='lat' dir='ltr'><strong>Vi.</strong></span> <span class='ocrx_word' id='word_1_74' title='bbox 1156 1275 1195 1336; x_wconf 86' lang='lat' dir='ltr'><strong>ad</strong></span> <span class='ocrx_word' id='word_1_75' title='bbox 1209 1280 1275 1354; x_wconf 89' lang='lat' dir='ltr'><strong>apt·</strong></span> 
     </span>
     <span class='ocr_line' id='line_1_10' title="bbox 142 1375 1278 1459; baseline -0.003 -14"><span class='ocrx_word' id='word_1_76' title='bbox 142 1396 277 1459; x_wconf 77' lang='lat' dir='ltr'><strong>scopos</strong></span> <span class='ocrx_word' id='word_1_77' title='bbox 298 1375 447 1454; x_wconf 86' lang='lat' dir='ltr'><strong>Tusciae,</strong></span> <span class='ocrx_word' id='word_1_78' title='bbox 470 1379 525 1441; x_wconf 84' lang='lat' dir='ltr'><strong>nbi</strong></span> <span class='ocrx_word' id='word_1_79' title='bbox 548 1379 652 1458; x_wconf 85' lang='lat' dir='ltr'><strong>(sient</strong></span> <span class='ocrx_word' id='word_1_80' title='bbox 674 1386 765 1439; x_wconf 85' lang='lat' dir='ltr'><strong>entes</strong></span> <span class='ocrx_word' id='word_1_81' title='bbox 791 1375 947 1457; x_wconf 81' lang='lat' dir='ltr'><strong>vigilius)</strong></span> <span class='ocrx_word' id='word_1_82' title='bbox 971 1379 1038 1440; x_wconf 80' lang='lat' dir='ltr'><strong>aits</strong></span> <span class='ocrx_word' id='word_1_83' title='bbox 1060 1375 1141 1440; x_wconf 81' lang='lat' dir='ltr'><strong>satis</strong></span> <span class='ocrx_word' id='word_1_84' title='bbox 1167 1375 1278 1442; x_wconf 77' lang='lat' dir='ltr'><strong>mirati</strong></span> 
     </span>
     <span class='ocr_line' id='line_1_11' title="bbox 143 1476 1277 1561; baseline -0.004 -16"><span class='ocrx_word' id='word_1_85' title='bbox 143 1498 272 1545; x_wconf 70' lang='lat' dir='ltr'><strong>umus</strong></span> <span class='ocrx_word' id='word_1_86' title='bbox 292 1476 338 1542; x_wconf 83' lang='lat' dir='ltr'><strong>ito</strong></span> <span class='ocrx_word' id='word_1_87' title='bbox 359 1497 412 1541; x_wconf 86' lang='lat' dir='ltr'><strong>ons</strong></span> <span class='ocrx_word' id='word_1_88' title='bbox 433 1479 624 1561; x_wconf 84' lang='lat' dir='ltr'><strong>apostolicos</strong></span> <span class='ocrx_word' id='word_1_89' title='bbox 644 1477 844 1542; x_wconf 75' lang='lat' dir='ltr'><strong>auctoritatis</strong></span> <span class='ocrx_word' id='word_1_90' title='bbox 865 1478 976 1542; x_wconf 87' lang='lat' dir='ltr'><strong>ollitns</strong></span> <span class='ocrx_word' id='word_1_91' title='bbox 984 1524 996 1555; x_wconf 87' lang='lat'><strong>,</strong></span> <span class='ocrx_word' id='word_1_92' title='bbox 1025 1487 1062 1541; x_wconf 82' lang='lat' dir='ltr'><strong>nt</strong></span> <span class='ocrx_word' id='word_1_93' title='bbox 1088 1476 1277 1542; x_wconf 79' lang='lat' dir='ltr'><strong>divisionem</strong></span> 
     </span>
     <span class='ocr_line' id='line_1_12' title="bbox 142 1578 1276 1662; baseline -0.001 -16"><span class='ocrx_word' id='word_1_94' title='bbox 142 1591 296 1647; x_wconf 78' lang='lat' dir='ltr'><strong>nostrum</strong></span> <span class='ocrx_word' id='word_1_95' title='bbox 316 1580 354 1644; x_wconf 75' lang='lat' dir='ltr'><strong>ol&gt;</strong></span> <span class='ocrx_word' id='word_1_96' title='bbox 372 1578 554 1645; x_wconf 78' lang='lat' dir='ltr'><strong>universali</strong></span> <span class='ocrx_word' id='word_1_97' title='bbox 579 1580 741 1656; x_wconf 77' lang='lat' dir='ltr'><strong>Ecclesia,</strong></span> <span class='ocrx_word' id='word_1_98' title='bbox 762 1599 827 1644; x_wconf 88' lang='lat' dir='ltr'><strong>meo</strong></span> <span class='ocrx_word' id='word_1_99' title='bbox 856 1578 950 1644; x_wconf 80' lang='lat' dir='ltr'><strong>stiam</strong></span> <span class='ocrx_word' id='word_1_100' title='bbox 981 1579 1145 1644; x_wconf 81' lang='lat' dir='ltr'><strong>nolueritis</strong></span> <span class='ocrx_word' id='word_1_101' title='bbox 1167 1583 1184 1659; x_wconf 93' lang='lat'><em>(</em></span> <span class='ocrx_word' id='word_1_102' title='bbox 1192 1582 1276 1662; x_wconf 76' lang='lat' dir='ltr'><strong>quod</strong></span> 
     </span>
     <span class='ocr_line' id='line_1_13' title="bbox 143 1680 1272 1763; baseline -0.002 -14"><span class='ocrx_word' id='word_1_103' title='bbox 143 1681 267 1759; x_wconf 73' lang='lat' dir='ltr'><strong>costr)</strong></span> <span class='ocrx_word' id='word_1_104' title='bbox 290 1699 444 1745; x_wconf 65' lang='lat' dir='ltr'><strong>coenoso</strong></span> <span class='ocrx_word' id='word_1_105' title='bbox 463 1681 596 1762; x_wconf 72' lang='lat' dir='ltr'><strong>firmari.</strong></span> <span class='ocrx_word' id='word_1_106' title='bbox 625 1681 667 1746; x_wconf 81' lang='lat' dir='ltr'><strong>Et</strong></span> <span class='ocrx_word' id='word_1_107' title='bbox 694 1701 760 1747; x_wconf 84' lang='lat' dir='ltr'><strong>nur</strong></span> <span class='ocrx_word' id='word_1_108' title='bbox 775 1680 911 1746; x_wconf 84' lang='lat' dir='ltr'><strong>Tusciae</strong></span> <span class='ocrx_word' id='word_1_109' title='bbox 935 1683 1074 1763; x_wconf 74' lang='lat' dir='ltr'><strong>episcopi</strong></span> <span class='ocrx_word' id='word_1_110' title='bbox 1105 1684 1272 1757; x_wconf 83' lang='lat' dir='ltr'><strong>latentur,</strong></span> 
     </span>
     <span class='ocr_line' id='line_1_14' title="bbox 144 1781 1270 1864; baseline -0.003 -13"><span class='ocrx_word' id='word_1_111' title='bbox 144 1804 188 1851; x_wconf 74' lang='lat' dir='ltr'><strong>so</strong></span> <span class='ocrx_word' id='word_1_112' title='bbox 211 1786 280 1849; x_wconf 83' lang='lat' dir='ltr'><strong>tris</strong></span> <span class='ocrx_word' id='word_1_113' title='bbox 301 1781 453 1864; x_wconf 73' lang='lat' dir='ltr'><strong>capitula</strong></span> <span class='ocrx_word' id='word_1_114' title='bbox 475 1784 661 1864; x_wconf 84' lang='lat' dir='ltr'><strong>deiendere,</strong></span> <span class='ocrx_word' id='word_1_115' title='bbox 683 1785 740 1846; x_wconf 87' lang='lat' dir='ltr'><strong>nisi</strong></span> <span class='ocrx_word' id='word_1_116' title='bbox 765 1784 852 1862; x_wconf 85' lang='lat' dir='ltr'><strong>qnod</strong></span> <span class='ocrx_word' id='word_1_117' title='bbox 876 1783 1002 1846; x_wconf 84' lang='lat' dir='ltr'><strong>illusis</strong></span> <span class='ocrx_word' id='word_1_118' title='bbox 1026 1783 1113 1846; x_wconf 84' lang='lat' dir='ltr'><strong>loisis</strong></span> <span class='ocrx_word' id='word_1_119' title='bbox 1137 1784 1270 1847; x_wconf 85' lang='lat' dir='ltr'><strong>vocibus</strong></span> 
     </span>
     <span class='ocr_line' id='line_1_15' title="bbox 144 1885 1276 1970; baseline -0.004 -17"><span class='ocrx_word' id='word_1_120' title='bbox 144 1897 184 1953; x_wconf 81' lang='lat' dir='ltr'><strong>et</strong></span> <span class='ocrx_word' id='word_1_121' title='bbox 207 1886 344 1967; x_wconf 84' lang='lat' dir='ltr'><strong>scriptis</strong></span> <span class='ocrx_word' id='word_1_122' title='bbox 364 1906 423 1968; x_wconf 88' lang='lat' dir='ltr'><strong>per</strong></span> <span class='ocrx_word' id='word_1_123' title='bbox 443 1888 657 1970; x_wconf 78' lang='lat' dir='ltr'><strong>sycophantas</strong></span> <span class='ocrx_word' id='word_1_124' title='bbox 679 1885 832 1966; x_wconf 78' lang='lat' dir='ltr'><strong>vulgetis,</strong></span> <span class='ocrx_word' id='word_1_125' title='bbox 846 1886 937 1965; x_wconf 85' lang='lat' dir='ltr'><strong>qnasi</strong></span> <span class='ocrx_word' id='word_1_126' title='bbox 954 1885 1103 1966; x_wconf 82' lang='lat' dir='ltr'><strong>Pelagius</strong></span> <span class='ocrx_word' id='word_1_127' title='bbox 1123 1888 1276 1950; x_wconf 68' lang='lat' dir='ltr'><strong>schisma⁴</strong></span> 
     </span>
     <span class='ocr_line' id='line_1_16' title="bbox 146 1986 1275 2067; baseline -0.001 -14"><span class='ocrx_word' id='word_1_128' title='bbox 146 1991 173 2053; x_wconf 93' lang='lat' dir='ltr'><strong>il</strong></span> <span class='ocrx_word' id='word_1_129' title='bbox 197 1986 430 2053; x_wconf 69' lang='lat' dir='ltr'><strong>adhaesisset?</strong></span> <span class='ocrx_word' id='word_1_130' title='bbox 456 1989 497 2054; x_wconf 83' lang='lat' dir='ltr'><strong>Et</strong></span> <span class='ocrx_word' id='word_1_131' title='bbox 524 2007 585 2052; x_wconf 88' lang='lat' dir='ltr'><strong>cur</strong></span> <span class='ocrx_word' id='word_1_132' title='bbox 620 1987 767 2067; x_wconf 87' lang='lat' dir='ltr'><strong>Pelagius</strong></span> <span class='ocrx_word' id='word_1_133' title='bbox 800 1989 845 2050; x_wconf 89' lang='lat' dir='ltr'><strong>bis</strong></span> <span class='ocrx_word' id='word_1_134' title='bbox 877 1989 1055 2051; x_wconf 84' lang='lat' dir='ltr'><strong>obtestatus</strong></span> <span class='ocrx_word' id='word_1_135' title='bbox 1086 1997 1134 2051; x_wconf 90' lang='lat' dir='ltr'><strong>est</strong></span> <span class='ocrx_word' id='word_1_136' title='bbox 1164 2007 1275 2052; x_wconf 89' lang='lat' dir='ltr'><strong>coram</strong></span> 
     </span>
     <span class='ocr_line' id='line_1_17' title="bbox 147 2088 1278 2171; baseline -0.005 -15"><span class='ocrx_word' id='word_1_137' title='bbox 147 2090 322 2166; x_wconf 74' lang='lat' dir='ltr'><strong>Ecclesia,</strong></span> <span class='ocrx_word' id='word_1_138' title='bbox 342 2109 377 2153; x_wconf 87' lang='lat' dir='ltr'><strong>se</strong></span> <span class='ocrx_word' id='word_1_139' title='bbox 400 2108 575 2171; x_wconf 79' lang='lat' dir='ltr'><strong>numquam</strong></span> <span class='ocrx_word' id='word_1_140' title='bbox 598 2090 661 2151; x_wconf 86' lang='lat' dir='ltr'><strong>illis</strong></span> <span class='ocrx_word' id='word_1_141' title='bbox 683 2089 865 2169; x_wconf 80' lang='lat' dir='ltr'><strong>adunesisse</strong></span> <span class='ocrx_word' id='word_1_142' title='bbox 886 2088 1055 2170; x_wconf 83' lang='lat' dir='ltr'><strong>Capitulis,</strong></span> <span class='ocrx_word' id='word_1_143' title='bbox 1077 2089 1187 2152; x_wconf 87' lang='lat' dir='ltr'><strong>intime</strong></span> <span class='ocrx_word' id='word_1_144' title='bbox 1208 2109 1278 2152; x_wconf 56' lang='lat' dir='ltr'><strong>sena</strong></span> 
     </span>
     <span class='ocr_line' id='line_1_18' title="bbox 148 2189 1276 2272; baseline -0.004 -15"><span class='ocrx_word' id='word_1_145' title='bbox 148 2196 241 2257; x_wconf 90' lang='lat' dir='ltr'><strong>tiens</strong></span> <span class='ocrx_word' id='word_1_146' title='bbox 272 2193 407 2255; x_wconf 89' lang='lat' dir='ltr'><strong>illorum</strong></span> <span class='ocrx_word' id='word_1_147' title='bbox 428 2189 655 2272; x_wconf 69' lang='lat' dir='ltr'><strong>impietatem?</strong></span> <span class='ocrx_word' id='word_1_148' title='bbox 678 2191 717 2255; x_wconf 88' lang='lat' dir='ltr'><strong>Et</strong></span> <span class='ocrx_word' id='word_1_149' title='bbox 738 2194 763 2255; x_wconf 91' lang='lat' dir='ltr'><strong>si</strong></span> <span class='ocrx_word' id='word_1_150' title='bbox 787 2190 954 2270; x_wconf 80' lang='lat' dir='ltr'><strong>praeterea</strong></span> <span class='ocrx_word' id='word_1_151' title='bbox 979 2208 1156 2270; x_wconf 85' lang='lat' dir='ltr'><strong>numquam</strong></span> <span class='ocrx_word' id='word_1_152' title='bbox 1184 2189 1276 2254; x_wconf 82' lang='lat' dir='ltr'><strong>Pela·</strong></span> 
     </span>
     <span class='ocr_line' id='line_1_19' title="bbox 147 2293 1276 2378; baseline -0.004 -19"><span class='ocrx_word' id='word_1_153' title='bbox 147 2296 231 2378; x_wconf 90' lang='lat' dir='ltr'><strong>gius</strong></span> <span class='ocrx_word' id='word_1_154' title='bbox 253 2302 395 2357; x_wconf 89' lang='lat' dir='ltr'><strong>mentem</strong></span> <span class='ocrx_word' id='word_1_155' title='bbox 417 2312 509 2358; x_wconf 85' lang='lat' dir='ltr'><strong>susm</strong></span> <span class='ocrx_word' id='word_1_156' title='bbox 532 2294 666 2358; x_wconf 90' lang='lat' dir='ltr'><strong>mutarit</strong></span> <span class='ocrx_word' id='word_1_157' title='bbox 677 2314 689 2374; x_wconf 88' lang='lat'>;</span> <span class='ocrx_word' id='word_1_158' title='bbox 713 2313 815 2375; x_wconf 80' lang='lat' dir='ltr'><strong>qnare</strong></span> <span class='ocrx_word' id='word_1_159' title='bbox 835 2313 853 2356; x_wconf 93' lang='lat' dir='ltr'><strong>a</strong></span> <span class='ocrx_word' id='word_1_160' title='bbox 876 2293 1060 2357; x_wconf 84' lang='lat' dir='ltr'><strong>iustiniano</strong></span> <span class='ocrx_word' id='word_1_161' title='bbox 1082 2293 1222 2357; x_wconf 84' lang='lat' dir='ltr'><strong>mittitur</strong></span> <span class='ocrx_word' id='word_1_162' title='bbox 1243 2295 1276 2356; x_wconf 93' lang='lat' dir='ltr'><strong>in</strong></span> 
     </span>
     <span class='ocr_line' id='line_1_20' title="bbox 144 2392 1271 2477; baseline -0.003 -18"><span class='ocrx_word' id='word_1_163' title='bbox 144 2392 328 2460; x_wconf 75' lang='lat' dir='ltr'><strong>exilium?</strong></span> <span class='ocrx_word' id='word_1_164' title='bbox 349 2392 409 2459; x_wconf 84' lang='lat' dir='ltr'><strong>um</strong></span> <span class='ocrx_word' id='word_1_165' title='bbox 431 2404 714 2473; x_wconf 77' lang='lat' dir='ltr'><strong>monstrosius,</strong></span> <span class='ocrx_word' id='word_1_166' title='bbox 748 2414 852 2477; x_wconf 90' lang='lat' dir='ltr'><strong>neque</strong></span> <span class='ocrx_word' id='word_1_167' title='bbox 883 2413 983 2474; x_wconf 89' lang='lat' dir='ltr'><strong>poena</strong></span> <span class='ocrx_word' id='word_1_168' title='bbox 1013 2394 1180 2476; x_wconf 85' lang='lat' dir='ltr'><strong>iniligendo</strong></span> <span class='ocrx_word' id='word_1_169' title='bbox 1212 2404 1271 2458; x_wconf 91' lang='lat' dir='ltr'><strong>est.</strong></span> 
     </span>
     <span class='ocr_line' id='line_1_21' title="bbox 145 2495 1274 2584; baseline -0.002 -22"><span class='ocrx_word' id='word_1_170' title='bbox 145 2495 372 2577; x_wconf 78' lang='lat' dir='ltr'><strong>Quapropter</strong></span> <span class='ocrx_word' id='word_1_171' title='bbox 390 2499 415 2561; x_wconf 88' lang='lat' dir='ltr'><strong>si</strong></span> <span class='ocrx_word' id='word_1_172' title='bbox 432 2498 576 2578; x_wconf 82' lang='lat' dir='ltr'><strong>praelata</strong></span> <span class='ocrx_word' id='word_1_173' title='bbox 600 2510 636 2562; x_wconf 91' lang='lat' dir='ltr'><strong>nt</strong></span> <span class='ocrx_word' id='word_1_174' title='bbox 656 2498 842 2584; x_wconf 78' lang='lat' dir='ltr'><strong>apocrypho</strong></span> <span class='ocrx_word' id='word_1_175' title='bbox 858 2507 890 2561; x_wconf 90' lang='lat' dir='ltr'><strong>et</strong></span> <span class='ocrx_word' id='word_1_176' title='bbox 907 2498 984 2560; x_wconf 87' lang='lat' dir='ltr'><strong>laisa</strong></span> <span class='ocrx_word' id='word_1_177' title='bbox 1002 2499 1170 2581; x_wconf 78' lang='lat' dir='ltr'><strong>reiecerim</strong></span> <span class='ocrx_word' id='word_1_178' title='bbox 1187 2499 1274 2561; x_wconf 92' lang='lat' dir='ltr'><strong>testi·</strong></span> 
     </span>
     <span class='ocr_line' id='line_1_22' title="bbox 145 2597 1275 2679; baseline 0 -15"><span class='ocrx_word' id='word_1_179' title='bbox 145 2601 280 2676; x_wconf 85' lang='lat' dir='ltr'><strong>monia,</strong></span> <span class='ocrx_word' id='word_1_180' title='bbox 303 2601 334 2662; x_wconf 95' lang='lat' dir='ltr'><strong>in</strong></span> <span class='ocrx_word' id='word_1_181' title='bbox 357 2597 539 2664; x_wconf 82' lang='lat' dir='ltr'><strong>Marcellini</strong></span> <span class='ocrx_word' id='word_1_182' title='bbox 561 2610 594 2664; x_wconf 90' lang='lat' dir='ltr'><strong>et</strong></span> <span class='ocrx_word' id='word_1_183' title='bbox 614 2600 752 2665; x_wconf 86' lang='lat' dir='ltr'><strong>Victoris</strong></span> <span class='ocrx_word' id='word_1_184' title='bbox 773 2601 935 2666; x_wconf 83' lang='lat' dir='ltr'><strong>Chronico</strong></span> <span class='ocrx_word' id='word_1_185' title='bbox 955 2603 1065 2679; x_wconf 80' lang='lat' dir='ltr'><strong>plinta,</strong></span> <span class='ocrx_word' id='word_1_186' title='bbox 1088 2620 1147 2666; x_wconf 90' lang='lat' dir='ltr'><strong>uec</strong></span> <span class='ocrx_word' id='word_1_187' title='bbox 1168 2604 1275 2665; x_wconf 88' lang='lat' dir='ltr'><strong>innon·</strong></span> 
     </span>
     <span class='ocr_line' id='line_1_23' title="bbox 144 2702 557 2784; baseline -0.007 -17"><span class='ocrx_word' id='word_1_188' title='bbox 144 2702 247 2767; x_wconf 72' lang='lat' dir='ltr'><strong>culto</strong></span> <span class='ocrx_word' id='word_1_189' title='bbox 270 2720 330 2764; x_wconf 89' lang='lat' dir='ltr'><strong>neo</strong></span> <span class='ocrx_word' id='word_1_190' title='bbox 354 2712 475 2767; x_wconf 85' lang='lat' dir='ltr'><strong>temere</strong></span> <span class='ocrx_word' id='word_1_191' title='bbox 497 2705 557 2784; x_wconf 88' lang='lat' dir='ltr'><strong>egi.</strong></span> 
     </span>
    </p>

    <p class='ocr_par' dir='ltr' id='par_1_4' title="bbox 140 2800 1275 4207">
     <span class='ocr_line' id='line_1_24' title="bbox 239 2800 1268 2888; baseline 0.003 -22"><span class='ocrx_word' id='word_1_192' title='bbox 239 2800 338 2887; x_wconf 76' lang='lat' dir='ltr'><strong>Quotl</strong></span> <span class='ocrx_word' id='word_1_193' title='bbox 361 2822 439 2866; x_wconf 90' lang='lat' dir='ltr'><strong>vern</strong></span> <span class='ocrx_word' id='word_1_194' title='bbox 460 2805 500 2867; x_wconf 88' lang='lat' dir='ltr'><strong>de</strong></span> <span class='ocrx_word' id='word_1_195' title='bbox 523 2804 654 2869; x_wconf 87' lang='lat' dir='ltr'><strong>Victore</strong></span> <span class='ocrx_word' id='word_1_196' title='bbox 676 2806 742 2870; x_wconf 85' lang='lat' dir='ltr'><strong>disi</strong></span> <span class='ocrx_word' id='word_1_197' title='bbox 764 2815 795 2869; x_wconf 91' lang='lat' dir='ltr'><strong>et</strong></span> <span class='ocrx_word' id='word_1_198' title='bbox 817 2808 856 2869; x_wconf 84' lang='lat' dir='ltr'><strong>tle</strong></span> <span class='ocrx_word' id='word_1_199' title='bbox 879 2804 1047 2882; x_wconf 80' lang='lat' dir='ltr'><strong>Facundo,</strong></span> <span class='ocrx_word' id='word_1_200' title='bbox 1063 2825 1204 2888; x_wconf 90' lang='lat' dir='ltr'><strong>quornm</strong></span> <span class='ocrx_word' id='word_1_201' title='bbox 1227 2808 1268 2871; x_wconf 86' lang='lat' dir='ltr'><strong>ob</strong></span> 
     </span>
     <span class='ocr_line' id='line_1_25' title="bbox 145 2907 1275 2988; baseline 0.004 -19"><span class='ocrx_word' id='word_1_202' title='bbox 145 2907 322 2988; x_wconf 78' lang='lat' dir='ltr'><strong>praelatas</strong></span> <span class='ocrx_word' id='word_1_203' title='bbox 344 2925 457 2969; x_wconf 87' lang='lat' dir='ltr'><strong>causas</strong></span> <span class='ocrx_word' id='word_1_204' title='bbox 478 2907 654 2986; x_wconf 85' lang='lat' dir='ltr'><strong>aliquando</strong></span> <span class='ocrx_word' id='word_1_205' title='bbox 689 2930 766 2972; x_wconf 89' lang='lat' dir='ltr'><strong>usus</strong></span> <span class='ocrx_word' id='word_1_206' title='bbox 797 2927 868 2971; x_wconf 93' lang='lat' dir='ltr'><strong>sum</strong></span> <span class='ocrx_word' id='word_1_207' title='bbox 903 2909 1105 2983; x_wconf 81' lang='lat' dir='ltr'><strong>testimonio,</strong></span> <span class='ocrx_word' id='word_1_208' title='bbox 1137 2926 1212 2972; x_wconf 90' lang='lat' dir='ltr'><strong>num</strong></span> <span class='ocrx_word' id='word_1_209' title='bbox 1243 2911 1275 2973; x_wconf 91' lang='lat' dir='ltr'><strong>itt</strong></span> 
     </span>
     <span class='ocr_line' id='line_1_26' title="bbox 146 3006 1275 3090; baseline -0.003 -14"><span class='ocrx_word' id='word_1_210' title='bbox 146 3009 279 3076; x_wconf 83' lang='lat' dir='ltr'><strong>ceteris</strong></span> <span class='ocrx_word' id='word_1_211' title='bbox 302 3010 474 3071; x_wconf 80' lang='lat' dir='ltr'><strong>restiterim</strong></span> <span class='ocrx_word' id='word_1_212' title='bbox 487 3028 498 3088; x_wconf 81' lang='lat'>3</span> <span class='ocrx_word' id='word_1_213' title='bbox 521 3011 596 3071; x_wconf 90' lang='lat' dir='ltr'><strong>item</strong></span> <span class='ocrx_word' id='word_1_214' title='bbox 620 3011 748 3073; x_wconf 83' lang='lat' dir='ltr'><strong>dicator</strong></span> <span class='ocrx_word' id='word_1_215' title='bbox 769 3011 807 3071; x_wconf 88' lang='lat' dir='ltr'><strong>de</strong></span> <span class='ocrx_word' id='word_1_216' title='bbox 830 3010 978 3090; x_wconf 87' lang='lat' dir='ltr'><strong>Procopii</strong></span> <span class='ocrx_word' id='word_1_217' title='bbox 1000 3006 1149 3073; x_wconf 83' lang='lat' dir='ltr'><strong>Historia</strong></span> <span class='ocrx_word' id='word_1_218' title='bbox 1175 3009 1275 3074; x_wconf 79' lang='lat' dir='ltr'><strong>Arsa·</strong></span> 
     </span>
     <span class='ocr_line' id='line_1_27' title="bbox 143 3106 1273 3191; baseline -0.002 -15"><span class='ocrx_word' id='word_1_219' title='bbox 143 3128 194 3176; x_wconf 79' lang='lat' dir='ltr'><strong>tna</strong></span> <span class='ocrx_word' id='word_1_220' title='bbox 218 3110 253 3172; x_wconf 95' lang='lat' dir='ltr'><strong>ln</strong></span> <span class='ocrx_word' id='word_1_221' title='bbox 275 3106 448 3172; x_wconf 78' lang='lat' dir='ltr'><strong>Iustiniani</strong></span> <span class='ocrx_word' id='word_1_222' title='bbox 472 3111 671 3190; x_wconf 83' lang='lat' dir='ltr'><strong>vituperium</strong></span> <span class='ocrx_word' id='word_1_223' title='bbox 694 3121 866 3190; x_wconf 83' lang='lat' dir='ltr'><strong>congesta:</strong></span> <span class='ocrx_word' id='word_1_224' title='bbox 889 3111 943 3175; x_wconf 90' lang='lat' dir='ltr'><strong>nbi</strong></span> <span class='ocrx_word' id='word_1_225' title='bbox 976 3129 1034 3173; x_wconf 89' lang='lat' dir='ltr'><strong>nen</strong></span> <span class='ocrx_word' id='word_1_226' title='bbox 1065 3117 1273 3191; x_wconf 77' lang='lat' dir='ltr'><strong>praesumpte</strong></span> 
     </span>
     <span class='ocr_line' id='line_1_28' title="bbox 143 3209 1272 3294; baseline -0.001 -17"><span class='ocrx_word' id='word_1_227' title='bbox 143 3210 317 3277; x_wconf 79' lang='lat' dir='ltr'><strong>tliscnrslin</strong></span> <span class='ocrx_word' id='word_1_228' title='bbox 340 3211 424 3274; x_wconf 90' lang='lat' dir='ltr'><strong>inter</strong></span> <span class='ocrx_word' id='word_1_229' title='bbox 448 3209 627 3291; x_wconf 88' lang='lat' dir='ltr'><strong>Principem</strong></span> <span class='ocrx_word' id='word_1_230' title='bbox 649 3222 681 3274; x_wconf 89' lang='lat' dir='ltr'><strong>ot</strong></span> <span class='ocrx_word' id='word_1_231' title='bbox 704 3211 869 3294; x_wconf 85' lang='lat' dir='ltr'><strong>vigilium,</strong></span> <span class='ocrx_word' id='word_1_232' title='bbox 887 3231 944 3276; x_wconf 90' lang='lat' dir='ltr'><strong>nec</strong></span> <span class='ocrx_word' id='word_1_233' title='bbox 959 3211 1272 3294; x_wconf 83' lang='lat' dir='ltr'><strong>nntsntnrinjnrise</strong></span> 
     </span>
     <span class='ocr_line' id='line_1_29' title="bbox 145 3311 1273 3394; baseline 0 -17"><span class='ocrx_word' id='word_1_234' title='bbox 145 3312 233 3377; x_wconf 77' lang='lat' dir='ltr'><strong>ionic</strong></span> <span class='ocrx_word' id='word_1_235' title='bbox 255 3311 297 3373; x_wconf 87' lang='lat' dir='ltr'><strong>ab</strong></span> <span class='ocrx_word' id='word_1_236' title='bbox 319 3311 423 3374; x_wconf 87' lang='lat' dir='ltr'><strong>altero</strong></span> <span class='ocrx_word' id='word_1_237' title='bbox 444 3311 572 3375; x_wconf 85' lang='lat' dir='ltr'><strong>inlatae.</strong></span> <span class='ocrx_word' id='word_1_238' title='bbox 596 3311 701 3388; x_wconf 86' lang='lat' dir='ltr'><strong>Quas,</strong></span> <span class='ocrx_word' id='word_1_239' title='bbox 720 3316 746 3375; x_wconf 92' lang='lat' dir='ltr'><strong>si</strong></span> <span class='ocrx_word' id='word_1_240' title='bbox 770 3332 881 3394; x_wconf 88' lang='lat' dir='ltr'><strong>reepse</strong></span> <span class='ocrx_word' id='word_1_241' title='bbox 902 3315 1121 3393; x_wconf 78' lang='lat' dir='ltr'><strong>contigissent,</strong></span> <span class='ocrx_word' id='word_1_242' title='bbox 1145 3313 1273 3377; x_wconf 85' lang='lat' dir='ltr'><strong>minime</strong></span> 
     </span>
     <span class='ocr_line' id='line_1_30' title="bbox 141 3414 1272 3490; baseline 0.001 -13"><span class='ocrx_word' id='word_1_243' title='bbox 141 3414 283 3479; x_wconf 83' lang='lat' dir='ltr'><strong>silentio</strong></span> <span class='ocrx_word' id='word_1_244' title='bbox 298 3416 515 3490; x_wconf 81' lang='lat' dir='ltr'><strong>praeteriisset</strong></span> <span class='ocrx_word' id='word_1_245' title='bbox 538 3414 728 3478; x_wconf 87' lang='lat' dir='ltr'><strong>Historinus.</strong></span> <span class='ocrx_word' id='word_1_246' title='bbox 748 3414 849 3480; x_wconf 83' lang='lat' dir='ltr'><strong>Valle</strong></span> <span class='ocrx_word' id='word_1_247' title='bbox 871 3417 954 3481; x_wconf 88' lang='lat' dir='ltr'><strong>enim</strong></span> <span class='ocrx_word' id='word_1_248' title='bbox 971 3434 1028 3479; x_wconf 92' lang='lat' dir='ltr'><strong>sus</strong></span> <span class='ocrx_word' id='word_1_249' title='bbox 1045 3417 1200 3479; x_wconf 82' lang='lat' dir='ltr'><strong>intererat</strong></span> <span class='ocrx_word' id='word_1_250' title='bbox 1215 3414 1272 3478; x_wconf 87' lang='lat' dir='ltr'><strong>hns</strong></span> 
     </span>
     <span class='ocr_line' id='line_1_31' title="bbox 144 3512 1273 3599; baseline -0.001 -20"><span class='ocrx_word' id='word_1_251' title='bbox 144 3512 314 3594; x_wconf 86' lang='lat' dir='ltr'><strong>Principis</strong></span> <span class='ocrx_word' id='word_1_252' title='bbox 337 3516 478 3579; x_wconf 83' lang='lat' dir='ltr'><strong>indicare</strong></span> <span class='ocrx_word' id='word_1_253' title='bbox 500 3518 732 3595; x_wconf 87' lang='lat' dir='ltr'><strong>improbitates.</strong></span> <span class='ocrx_word' id='word_1_254' title='bbox 752 3517 791 3580; x_wconf 85' lang='lat' dir='ltr'><strong>Et</strong></span> <span class='ocrx_word' id='word_1_255' title='bbox 812 3521 867 3599; x_wconf 87' lang='lat' dir='ltr'><strong>qui</strong></span> <span class='ocrx_word' id='word_1_256' title='bbox 891 3519 985 3597; x_wconf 90' lang='lat' dir='ltr'><strong>plura</strong></span> <span class='ocrx_word' id='word_1_257' title='bbox 1009 3517 1088 3581; x_wconf 88' lang='lat' dir='ltr'><strong>laisa</strong></span> <span class='ocrx_word' id='word_1_258' title='bbox 1112 3530 1273 3580; x_wconf 86' lang='lat' dir='ltr'><strong>commen·</strong></span> 
     </span>
     <span class='ocr_line' id='line_1_32' title="bbox 146 3616 1274 3703; baseline 0.004 -25"><span class='ocrx_word' id='word_1_259' title='bbox 146 3621 205 3678; x_wconf 89' lang='lat' dir='ltr'><strong>tus</strong></span> <span class='ocrx_word' id='word_1_260' title='bbox 229 3624 281 3679; x_wconf 90' lang='lat' dir='ltr'><strong>est</strong></span> <span class='ocrx_word' id='word_1_261' title='bbox 300 3617 457 3680; x_wconf 83' lang='lat' dir='ltr'><strong>adversus</strong></span> <span class='ocrx_word' id='word_1_262' title='bbox 479 3616 721 3699; x_wconf 76' lang='lat' dir='ltr'><strong>iustiniannm3</strong></span> <span class='ocrx_word' id='word_1_263' title='bbox 746 3642 786 3684; x_wconf 90' lang='lat' dir='ltr'><strong>eo</strong></span> <span class='ocrx_word' id='word_1_264' title='bbox 808 3624 906 3702; x_wconf 82' lang='lat' dir='ltr'><strong>magis</strong></span> <span class='ocrx_word' id='word_1_265' title='bbox 928 3623 1003 3692; x_wconf 89' lang='lat' dir='ltr'><strong>ista,</strong></span> <span class='ocrx_word' id='word_1_266' title='bbox 1018 3639 1102 3703; x_wconf 85' lang='lat' dir='ltr'><strong>quse</strong></span> <span class='ocrx_word' id='word_1_267' title='bbox 1126 3637 1200 3684; x_wconf 87' lang='lat' dir='ltr'><strong>vern</strong></span> <span class='ocrx_word' id='word_1_268' title='bbox 1222 3639 1274 3683; x_wconf 90' lang='lat' dir='ltr'><strong>re·</strong></span> 
     </span>
     <span class='ocr_line' id='line_1_33' title="bbox 144 3719 1270 3804; baseline 0.006 -25"><span class='ocrx_word' id='word_1_269' title='bbox 144 3724 327 3796; x_wconf 82' lang='lat' dir='ltr'><strong>putentur,</strong></span> <span class='ocrx_word' id='word_1_270' title='bbox 351 3719 398 3781; x_wconf 84' lang='lat' dir='ltr'><strong>iris</strong></span> <span class='ocrx_word' id='word_1_271' title='bbox 421 3721 598 3801; x_wconf 83' lang='lat' dir='ltr'><strong>adjecisset.</strong></span> <span class='ocrx_word' id='word_1_272' title='bbox 619 3719 658 3784; x_wconf 83' lang='lat' dir='ltr'><strong>Et</strong></span> <span class='ocrx_word' id='word_1_273' title='bbox 674 3724 746 3785; x_wconf 89' lang='lat' dir='ltr'><strong>ideo</strong></span> <span class='ocrx_word' id='word_1_274' title='bbox 761 3725 839 3804; x_wconf 86' lang='lat' dir='ltr'><strong>quid</strong></span> <span class='ocrx_word' id='word_1_275' title='bbox 864 3726 926 3788; x_wconf 82' lang='lat' dir='ltr'><strong>inno</strong></span> <span class='ocrx_word' id='word_1_276' title='bbox 947 3722 1045 3786; x_wconf 85' lang='lat' dir='ltr'><strong>officit</strong></span> <span class='ocrx_word' id='word_1_277' title='bbox 1066 3729 1270 3804; x_wconf 85' lang='lat' dir='ltr'><strong>argumento,</strong></span> 
     </span>
     <span class='ocr_line' id='line_1_34' title="bbox 142 3817 1274 3905; baseline 0.008 -27"><span class='ocrx_word' id='word_1_278' title='bbox 142 3819 171 3880; x_wconf 87' lang='lat' dir='ltr'><strong>si</strong></span> <span class='ocrx_word' id='word_1_279' title='bbox 198 3817 379 3880; x_wconf 82' lang='lat' dir='ltr'><strong>universim</strong></span> <span class='ocrx_word' id='word_1_280' title='bbox 403 3820 434 3881; x_wconf 92' lang='lat' dir='ltr'><strong>in</strong></span> <span class='ocrx_word' id='word_1_281' title='bbox 456 3823 517 3883; x_wconf 89' lang='lat' dir='ltr'><strong>isto</strong></span> <span class='ocrx_word' id='word_1_282' title='bbox 543 3822 692 3903; x_wconf 88' lang='lat' dir='ltr'><strong>Procopii</strong></span> <span class='ocrx_word' id='word_1_283' title='bbox 716 3825 801 3887; x_wconf 87' lang='lat' dir='ltr'><strong>libro</strong></span> <span class='ocrx_word' id='word_1_284' title='bbox 825 3825 993 3888; x_wconf 87' lang='lat' dir='ltr'><strong>maledicta</strong></span> <span class='ocrx_word' id='word_1_285' title='bbox 1022 3827 1197 3904; x_wconf 86' lang='lat' dir='ltr'><strong>repulerim</strong></span> <span class='ocrx_word' id='word_1_286' title='bbox 1206 3844 1217 3905; x_wconf 90' lang='lat'>;</span> <span class='ocrx_word' id='word_1_287' title='bbox 1240 3834 1274 3888; x_wconf 87' lang='lat' dir='ltr'><strong>et</strong></span> 
     </span>
     <span class='ocr_line' id='line_1_35' title="bbox 143 3916 1272 4006; baseline 0.007 -28"><span class='ocrx_word' id='word_1_288' title='bbox 143 3917 177 3982; x_wconf 91' lang='lat' dir='ltr'><strong>in</strong></span> <span class='ocrx_word' id='word_1_289' title='bbox 204 3916 269 3979; x_wconf 81' lang='lat' dir='ltr'><strong>hnc</strong></span> <span class='ocrx_word' id='word_1_290' title='bbox 290 3929 382 3996; x_wconf 82' lang='lat' dir='ltr'><strong>perte</strong></span> <span class='ocrx_word' id='word_1_291' title='bbox 404 3920 492 3984; x_wconf 91' lang='lat' dir='ltr'><strong>illius</strong></span> <span class='ocrx_word' id='word_1_292' title='bbox 516 3925 734 4006; x_wconf 80' lang='lat' dir='ltr'><strong>acquieverim</strong></span> <span class='ocrx_word' id='word_1_293' title='bbox 757 3925 897 4000; x_wconf 89' lang='lat' dir='ltr'><strong>silentio,</strong></span> <span class='ocrx_word' id='word_1_294' title='bbox 913 3929 953 3988; x_wconf 87' lang='lat' dir='ltr'><strong>sb</strong></span> <span class='ocrx_word' id='word_1_295' title='bbox 975 3946 1014 3990; x_wconf 89' lang='lat' dir='ltr'><strong>en</strong></span> <span class='ocrx_word' id='word_1_296' title='bbox 1037 3945 1096 4006; x_wconf 90' lang='lat' dir='ltr'><strong>pro</strong></span> <span class='ocrx_word' id='word_1_297' title='bbox 1118 3924 1272 3990; x_wconf 82' lang='lat' dir='ltr'><strong>lestinis·</strong></span> 
     </span>
     <span class='ocr_line' id='line_1_36' title="bbox 141 4020 1270 4108; baseline 0.004 -25"><span class='ocrx_word' id='word_1_298' title='bbox 141 4033 189 4083; x_wconf 88' lang='lat' dir='ltr'><strong>no</strong></span> <span class='ocrx_word' id='word_1_299' title='bbox 213 4020 302 4081; x_wconf 91' lang='lat' dir='ltr'><strong>inter</strong></span> <span class='ocrx_word' id='word_1_300' title='bbox 321 4030 430 4084; x_wconf 84' lang='lat' dir='ltr'><strong>cetera</strong></span> <span class='ocrx_word' id='word_1_301' title='bbox 454 4027 672 4088; x_wconf 90' lang='lat' dir='ltr'><strong>testimonium</strong></span> <span class='ocrx_word' id='word_1_302' title='bbox 696 4036 818 4104; x_wconf 88' lang='lat' dir='ltr'><strong>petens,</strong></span> <span class='ocrx_word' id='word_1_303' title='bbox 846 4028 900 4091; x_wconf 89' lang='lat' dir='ltr'><strong>ubi</strong></span> <span class='ocrx_word' id='word_1_304' title='bbox 929 4030 1090 4093; x_wconf 84' lang='lat' dir='ltr'><strong>contraris</strong></span> <span class='ocrx_word' id='word_1_305' title='bbox 1113 4036 1146 4091; x_wconf 91' lang='lat' dir='ltr'><strong>at</strong></span> <span class='ocrx_word' id='word_1_306' title='bbox 1166 4026 1270 4108; x_wconf 81' lang='lat' dir='ltr'><strong>expli·</strong></span> 
     </span>
     <span class='ocr_line' id='line_1_37' title="bbox 140 4122 862 4207; baseline 0.012 -24"><span class='ocrx_word' id='word_1_307' title='bbox 140 4122 211 4187; x_wconf 79' lang='lat' dir='ltr'><strong>cita</strong></span> <span class='ocrx_word' id='word_1_308' title='bbox 236 4124 436 4198; x_wconf 81' lang='lat' dir='ltr'><strong>expectanda</strong></span> <span class='ocrx_word' id='word_1_309' title='bbox 460 4134 530 4189; x_wconf 85' lang='lat' dir='ltr'><strong>erat</strong></span> <span class='ocrx_word' id='word_1_310' title='bbox 553 4128 655 4207; x_wconf 86' lang='lat' dir='ltr'><strong>ipsius</strong></span> <span class='ocrx_word' id='word_1_311' title='bbox 675 4132 830 4192; x_wconf 86' lang='lat' dir='ltr'><strong>sententia</strong></span> <span class='ocrx_word' id='word_1_312' title='bbox 846 4128 862 4192; x_wconf 77' lang='lat'><strong>¹?</strong></span> 
     </span>
    </p>

    <p class='ocr_par' dir='ltr' id='par_1_5' title="bbox 235 4221 1270 4311">
     <span class='ocr_line' id='line_1_38' title="bbox 235 4221 1270 4311; baseline 0.012 -26"><span class='ocrx_word' id='word_1_313' title='bbox 235 4221 406 4289; x_wconf 80' lang='lat' dir='ltr'><strong>Praeterea</strong></span> <span class='ocrx_word' id='word_1_314' title='bbox 428 4230 516 4293; x_wconf 83' lang='lat' dir='ltr'><strong>cirea</strong></span> <span class='ocrx_word' id='word_1_315' title='bbox 541 4230 625 4294; x_wconf 90' lang='lat' dir='ltr'><strong>imnc</strong></span> <span class='ocrx_word' id='word_1_316' title='bbox 647 4222 753 4310; x_wconf 81' lang='lat' dir='ltr'><strong>Vigilii</strong></span> <span class='ocrx_word' id='word_1_317' title='bbox 771 4239 801 4296; x_wconf 91' lang='lat' dir='ltr'><strong>et</strong></span> <span class='ocrx_word' id='word_1_318' title='bbox 818 4229 991 4298; x_wconf 77' lang='lat' dir='ltr'><strong>iustiniani</strong></span> <span class='ocrx_word' id='word_1_319' title='bbox 1008 4234 1198 4311; x_wconf 83' lang='lat' dir='ltr'><strong>dissensum,</strong></span> <span class='ocrx_word' id='word_1_320' title='bbox 1215 4235 1270 4297; x_wconf 89' lang='lat' dir='ltr'><strong>ubi</strong></span> 
     </span>
    </p>

    <p class='ocr_par' dir='ltr' id='par_1_6' title="bbox 1091 4333 1130 4398">
     <span class='ocr_line' id='line_1_39' title="bbox 1091 4333 1130 4398; baseline 0 0"><span class='ocrx_word' id='word_1_321' title='bbox 1091 4333 1130 4398; x_wconf 79' lang='lat' dir='ltr'><strong>t5</strong></span> 
     </span>
    </p>
   </div>
   <div class='ocr_carea' id='block_1_3' title="bbox 0 0 1448 4784">
    <p class='ocr_par' dir='ltr' id='par_1_7' title="bbox 0 0 1448 4784">
     <span class='ocr_line' id='line_1_40' title="bbox 0 0 1448 4784; baseline 0 0"><span class='ocrx_word' id='word_1_322' title='bbox 0 0 1448 4784; x_wconf 95' lang='lat' dir='ltr'><strong> </strong></span> 
     </span>
    </p>
   </div>
  </div>
 </body>
</html>
