2886 4784
154 329 215 402 ill

154 431 279 511 quitalc
290 428 396 509 Joppe
411 429 563 491 dubitare
578 431 650 491 sinii
667 429 800 504 Plinius,
814 443 876 489 non
891 441 968 488 vero
983 422 1023 485 de
1038 421 1167 485 diluvio
1182 421 1273 502 quod

159 539 258 593 lolam
282 529 455 592 submersis
478 537 610 592 lernam.
637 530 728 594 Plato
753 546 833 594 vero
863 524 905 588 De
932 523 1049 604 lepidus
1077 543 1120 587 ex
1151 525 1277 603 prisco·

155 650 228 695 anm
253 631 343 692 libris
368 630 666 709 hujns‘caiuclismi
689 636 882 694 mentionem
904 629 982 706 agis,
1005 627 1035 687 in
1057 644 1124 704 qun
1147 642 1274 700 omues,

156 734 357 812 paucissimis
380 732 513 806 sellulis,
538 734 715 811 perierunt.

238 831 316 919 ilem
340 835 547 912 peregrinum
570 833 725 913 estquod
748 832 836 894 addis
857 830 896 893 da
918 830 1024 892 Areae
1045 825 1117 891 Noe
1144 844 1274 889 mensu·

157 950 193 995 aa
209 941 241 994 el
258 932 425 1012 reliquiis:
449 952 529 1012 quas
552 935 627 995 alibi
649 935 836 1012 exposuisse
852 931 909 1005 ait,
932 947 1051 1008 easque
1070 927 1198 990 servari
1221 944 1273 990 sss·

154 1049 216 1112 que
237 1051 323 1094 nunc
344 1035 375 1095 in
397 1023 559 1096 montibus
581 1033 702 1096 dracas
722 1033 761 1094 ad
785 1031 1017 1093 adiabenorum
1044 1031 1210 1108 regionem
1232 1029 1272 1091 si·

158 1137 207 1198 lis.
230 1132 363 1197 Flavius
387 1153 465 1198 vero
487 1133 597 1199 Berosi
621 1136 836 1198 tessimonium
857 1132 1023 1212 appellas,
1045 1131 1077 1192 iu
1098 1130 1196 1211 cujus
1217 1147 1270 1192 as·

158 1245 223 1300 lule
244 1236 414 1298 dissuasor
435 1238 552 1316 navigii
575 1247 698 1316 partem
719 1237 844 1299 servari
861 1237 890 1296 in
907 1234 1059 1296 Armenia
1075 1231 1163 1308 apud
1181 1246 1268 1293 mou·

158 1346 221 1400 lem
247 1339 496 1422 cos-dpaeornm.
520 1336 675 1402 Nicolaus
699 1340 921 1408 damascenus,
947 1333 1059 1397 Flavio
1081 1334 1266 1412 andonius,

156 1438 298 1499 scribens
322 1440 444 1516 inquil,
468 1437 556 1500 illius
578 1456 673 1499 arcae
696 1438 849 1516 reliquias
871 1437 1033 1515 lignorum
1056 1434 1156 1511 longo
1171 1433 1265 1495 dura·

157 1538 238 1598 visse
262 1545 418 1616 lampone,
441 1555 515 1600 cum
540 1547 656 1611 lacoon,
681 1538 748 1614 ipso
767 1540 906 1609 visuale,
924 1535 1068 1611 (seilicet
1082 1543 1158 1595 salle
1174 1531 1265 1599 cari·

156 1634 196 1694 sii
218 1633 349 1708 orium)
373 1635 504 1712 periisse
519 1635 647 1696 indicas.
666 1631 883 1696 Nihilominus
900 1633 1026 1695 Auctor
1037 1643 1149 1693 nosset
1163 1631 1261 1695 libers

158 1740 296 1794 testatur
316 1733 423 1796 adhuc
444 1752 502 1795 sua
525 1745 630 1796 aelate
656 1735 743 1797 illins
771 1752 868 1796 arcae
896 1751 1066 1811 superesse
1100 1747 1262 1795 mensures

32 1884 37 1891 .
158 1840 190 1895 el
211 1835 376 1914 reliquias.

239 1931 374 1996 Domum
397 1937 626 2008 concludatur,
648 1937 854 2017 Auouymum
870 1936 899 1995 in
916 1935 975 1996 hac
989 1934 1029 1994 de
1045 1933 1256 1995 hebraeorum
1273 1934 1276 1941 “

157 2044 249 2113 genle
270 2045 301 2096 el
323 2039 417 2098 seclis
439 2037 571 2100 dissona
596 2037 788 2116 plerumque
811 2039 979 2098 menclaum
1000 2053 1092 2109 csse,
1109 2043 1255 2097 ,velerum

160 2135 281 2198 ialsalis
304 2142 531 2216 monumentis,
547 2140 608 2200 alia
631 2140 769 2201 obscure
792 2138 958 2201 tradidisse
964 2156 977 2215 3
992 2145 1024 2198 el
1041 2137 1254 2223 universique

158 2239 303 2314 gessisse,
329 2237 427 2300 velnsi
451 2243 481 2302 in
504 2241 710 2319 praelusisse
732 2239 864 2318 gesserit
885 2238 1155 2316 philosophorum
1175 2248 1253 2314 usse·

159 2351 274 2400 curum
291 2347 329 2439 ‘cl
350 2338 590 2402 haereticorum
613 2338 819 2403 enucleandis
840 2340 1053 2421 opinionibus.
1101 2352 1104 2357 ’
1167 2356 1170 2363 ·
