2886 4784
170 325 229 393 182

252 431 298 494 tle
319 439 490 512 propterea
514 433 591 513 quid
616 421 827 512 proiecerunt
847 440 994 502 monachi
1018 442 1197 521 palaestini,
1214 440 1253 520 qni

167 535 280 596 seculo
306 533 358 596 Vl.
382 534 509 596 easdem
532 536 728 599 innovarunt
749 540 780 597 in
803 537 976 617 Origenem
1001 544 1212 605 accusationes
1226 560 1255 604 ex

170 634 293 697 falsatis
315 638 381 697 suis
402 635 528 714 scriptis
552 635 698 699 redactas
719 655 736 698 a
761 635 975 717 Theophilol
998 640 1039 704 Et
1068 644 1145 722 quid
1176 641 1259 720 prole·

171 752 247 797 cere
268 735 417 815 plerique
431 736 633 797 successivae
649 738 762 798 aetatis
776 741 974 816 scriptorum
990 743 1261 825 ecclesiasticorum

173 841 246 912 post
264 836 411 898 seculum
435 832 488 896 Vl.
511 835 566 913 qui
590 835 773 899 inconsulto
795 841 1018 915 praebuerunt
1037 860 1201 904 assensum
1220 845 1263 904 eis

170 938 242 998 dem
265 936 489 999 commentitiis
510 944 543 998 et
565 943 653 998 tanto
679 938 747 999 viro
769 938 932 1016 injuriosis
962 938 1264 1005 insimulationibus?

170 1036 214 1099 Et
234 1038 311 1117 quial
339 1037 465 1100 tandem
497 1035 665 1116 proficient
687 1037 781 1100 hodie
803 1039 979 1102 adversarii
1001 1042 1171 1120 Origenis,
1194 1059 1267 1118 repe·

172 1145 273 1200 tentas
295 1138 535 1200 criminationes
554 1136 621 1216 jam
643 1138 825 1216 quindecim
848 1140 965 1203 abhinc
985 1142 1107 1205 seculis
1128 1142 1268 1205 discussos

169 1255 208 1303 ac
230 1235 416 1301 relutatas'?
927 1248 933 1259 ·

249 1338 374 1403 interea
395 1357 437 1402 ne
460 1339 536 1402 mihi
558 1339 698 1416 dicatur,
717 1331 809 1420 'quod
834 1342 932 1421 vulgo
954 1343 1198 1422 praesumitur,
1217 1360 1267 1405 non

168 1461 237 1507 esse
258 1442 297 1505 ab
319 1460 358 1505 eo
380 1441 616 1516 recedentium,
639 1442 727 1520 quod
758 1444 999 1519 antecessores,
1021 1453 1152 1508 veteres
1174 1443 1267 1507 liceis·

163 1544 234 1607 siae
257 1540 380 1616 Patres,
402 1549 588 1605 statuerunt
608 1544 693 1607 eirca
716 1543 798 1607 hauc
820 1545 1054 1624 quaestionem,
1079 1543 1266 1624 occultanti

165 1643 406 1717 innovandum,
428 1642 516 1723 qaod
539 1642 644 1707 obstet
664 1646 826 1707 communi
850 1652 881 1708 et
902 1646 1103 1708 inveteratae
1126 1647 1264 1724 opinioni.

167 1742 299 1823 Utique,
317 1745 401 1820 dico,
418 1745 480 1808 hec
500 1750 616 1821 staret,
631 1747 656 1808 si
674 1763 786 1826 reapse
808 1747 850 1809 ita
874 1747 960 1809 leret
971 1769 983 1824 3
1005 1745 1088 1811 idest
1108 1747 1135 1809 si
1159 1748 1205 1809 his
1222 1763 1267 1808 an·

166 1847 265 1925 liquis
287 1844 437 1913 Patribus
459 1864 521 1911 non
543 1845 788 1926 praecessissent
808 1848 1084 1925 aliiantiquiores
1115 1867 1207 1911 secus
1225 1863 1265 1909 ar·

161 1946 277 2011 -hitrati
289 1988 299 2021 ,
330 1964 466 2010 numero
489 1954 521 2011 et
541 1948 736 2012 auctoritate
758 1948 821 2010 iilis
843 1955 1041 2027 praestantes
1063 1948 1094 2009 in
1117 1949 1179 2015 hac
1194 1947 1267 2028 judi·

164 2047 266 2120 sanda
289 2048 488 2127 quaestione.
505 2045 556 2112 Uti
571 2065 589 2111 a
607 2047 734 2111 Periodi
757 2048 851 2127 primi
874 2049 964 2110 initio
985 2048 1125 2122 ostendi,
1143 2067 1204 2112 uon
1217 2046 1264 2110 uisi

164 2166 183 2217 a
206 2145 377 2226 Theophili
398 2153 503 2210 aetate
525 2147 597 2210 talis
618 2154 778 2211 commota
800 2154 848 2210 est
869 2148 1014 2227 procella
1035 2156 1151 2212 contra
1164 2146 1263 2226 Orige-

166 2266 259 2317 nsms
282 2266 356 2311 cum
373 2246 412 2310 ad
435 2254 565 2313 centum
587 2248 818 2326 quinquaginta
851 2247 982 2310 circiter
1011 2265 1135 2323 annos,
1167 2261 1263 2310 omncs

166 2349 321 2428 (testibus
341 2367 473 2429 quoque
495 2345 677 2428 Theophila
699 2357 731 2412 et
744 2346 967 2433 Hieronymo)
988 2349 1136 2429 eJ'usdem
1158 2365 1263 2413 memo

41 2434 46 2441 ’
164 2452 247 2521 riam
269 2450 402 2513 reveriti
422 2450 502 2527 siut3
526 2467 583 2512 nee
611 2465 725 2512 errans
748 2448 817 2525 ipse
837 2451 879 2512 stt
900 2467 958 2512 nee
985 2450 1156 2513 haereseos
1179 2447 1262 2526 magi·

119 2645 121 2650 .
157 2561 232 2618 ster
253 2554 392 2617 habitus.

244 2652 466 2731 Quapropter,
482 2651 600 2713 iterum
622 2648 706 2722 dieo,
721 2649 746 2710 si
766 2649 804 2710 ad
821 2661 938 2712 causae
958 2651 1166 2728 origenianae
1186 2665 1262 2710 reeo-

164 2755 338 2836 gnitionem
359 2752 487 2832 appello
509 2758 541 2813 et
562 2751 636 2813 hine
657 2751 695 2812 ad
720 2751 872 2812 historiae
894 2751 1172 2825 emendationem,
1197 2748 1260 2828 quit

164 2855 304 2935 amplius
325 2853 456 2930 postulo
479 2853 536 2915 nisi
560 2849 692 2913 Petrum
716 2858 902 2912 uestrorum
927 2852 1098 2926 vindicias,
1124 2851 1261 2930 perfidiae

163 2954 420 3030 revelationem,
453 2954 700 3014 innumerorum
734 2953 881 3012 virorum
914 2951 1061 3013 doctrina
1093 2961 1128 3014 et
1159 2953 1262 3031 pietate

163 3054 398 3134 praestantium
434 3053 649 3131 patrocinium
683 3061 794 3112 contra
820 3050 1060 3113 malevolorum
1082 3052 1209 3114 insidias
1237 3056 1263 3111 et

161 3156 303 3219 aliorum
324 3155 561 3235 simplicitatem
586 3160 618 3214 et
639 3149 891 3230 negligentiam?
912 3149 1026 3215 Nonne
1057 3155 1155 3215 menti
1185 3152 1258 3215 chri·

158 3257 281 3320 stianae
306 3244 554 3319 consentaneum
588 3253 650 3314 erit
681 3252 837 3314 adversus
870 3254 1015 3331 iniquum
1048 3270 1257 3333 aggressuram

160 3353 377 3437 Theophilum
398 3357 557 3432 ,taurionis
586 3352 859 3430 antiorigenianae
886 3353 1024 3426 ducem,
1059 3351 1260 3417 incolumitati

158 3458 347 3542 prospicere
368 3463 416 3519 tot
435 3466 622 3517 sanctorum
645 3450 773 3515 lamuel
787 3453 941 3532 Alioquin
962 3455 1039 3532 quid
1056 3457 1258 3534 incongruum

161 3556 380 3638 reputabitur,
392 3554 550 3636 siquando
572 3555 602 3615 in
623 3552 840 3615 defensionem
862 3555 1071 3629 innoxiorum
1092 3556 1259 3624 homiuum,

159 3658 376 3735 quorumdam
400 3656 529 3736 patefiat
549 3654 659 3716 illusio
681 3656 869 3732 praesertim
891 3673 932 3717 ex
954 3655 1096 3717 aliorum
1121 3656 1259 3738 improhi-

160 3762 225 3821 t'ate
248 3755 450 3838 provocata?
473 3755 626 3834 Nunqnid
648 3755 907 3833 intempestivum
925 3755 991 3831 fiet,
1007 3756 1135 3819 etiamsi
1155 3758 1258 3827 sertus,

159 3860 376 3922 innocentium
395 3858 472 3938 jura
495 3873 702 3936 propugnare
723 3875 832 3918 coram
852 3854 992 3919 Ecclesia
1003 3876 1015 3936 3
1033 3865 1066 3927 et
1081 3859 1259 3937 praevalen·

159 3962 182 4023 ti
204 3960 353 4024 resistere
375 3959 528 4038 opinioni,
550 3959 705 4018 sententia
727 3956 861 4020 illorum
884 3957 1068 4035 repudiata,
1085 3962 1143 4038 qui
1159 3960 1260 4038 Orige-

158 4078 230 4125 nem
253 4078 394 4138 suosque
415 4059 551 4123 asseclas
575 4065 610 4120 ut
630 4058 809 4121 haereticos
830 4058 1047 4136 damnarunt,
1071 4069 1106 4135 et
1127 4064 1256 4125 aliorum

158 4163 320 4227 vindicare
340 4161 496 4238 studium,
520 4163 575 4240 qni
599 4160 656 4223 hos
680 4171 715 4223 ut
738 4161 914 4223 catholicos
936 4163 998 4226 rite
1019 4161 1240 4246 acceperunt?
