2886 4784
1115 338 1175 406 tm

54 450 178 514 Christi
201 447 360 510 adventus
381 448 413 509 in
435 445 560 514 cornei
576 445 724 508 Attamen
746 462 803 507 nos
824 464 865 508 ex
887 443 1025 505 adverso
1039 443 1171 518 seimus,

55 551 158 614 Deum
181 548 301 612 misisse
323 548 446 612 Filium
468 568 559 611 sunm
581 550 702 628 fectum
723 567 763 609 co
783 547 944 620 muliere,
967 549 1088 628 fectum
1119 544 1175 606 snb

56 656 137 734 tepe,
158 661 194 714 ut
215 671 276 726 eos,
297 651 355 733 qni
373 651 431 712 snb
452 653 515 730 ispe
535 661 637 725 erant,
660 649 844 725 redimeret,
867 659 895 708 et
915 647 1112 726 adoptionem
1136 647 1174 726 fi·

58 755 177 817 tiorum
198 751 406 832 reciperemus
417 773 429 832 3
458 773 497 816 oo
524 755 613 825 duret
644 753 784 816 enimam
813 767 903 813 suom
933 748 1171 828 redemptionem

54 873 116 934 pro
137 853 257 916 moltis.
283 855 364 916 ltem
384 856 499 918 deiude
522 855 652 933 docens,
676 852 779 915 lleum
803 853 923 913 lactum
946 851 1106 913 bominem
1129 868 1170 910 ex

59 964 190 1019 nostrae
213 958 420 1019 humanitatis
442 957 617 1019 substantia
634 958 699 1018 uit:
722 954 787 1016 m’si
808 954 890 1017 enim
911 973 951 1014 em
974 951 1169 1032 inussisset,
1191 976 1195 984 ·

57 1058 186 1136 [rostro
199 1055 372 1137 jussisset,
394 1068 430 1119 nt
450 1055 555 1137 ipsum
575 1067 730 1138 tanquam
751 1055 939 1136 mnpistrum
961 1052 1172 1115 imitaremur.

62 1158 217 1221 Attamen
237 1159 356 1221 scimus
373 1158 490 1235 Deum,
509 1160 696 1238 priusquam
713 1159 856 1221 mitteret
872 1154 1014 1218 Verbum
1030 1171 1126 1217 snum
1142 1163 1174 1216 et

61 1269 244 1323 assumeret
264 1278 408 1336 carnem,
427 1262 610 1324 bominibus
632 1262 819 1322 mandasses
842 1262 949 1322 sancti
968 1268 1076 1334 estote,
1098 1276 1174 1337 quo·

64 1357 156 1421 aiom
171 1379 225 1439 epo
238 1369 367 1425 soncior
387 1380 469 1423 som.
493 1361 621 1425 Pariter
641 1363 788 1442 imperite
809 1361 958 1440 loquitur
975 1360 1175 1442 Anonymos,

62 1461 231 1541 inquiens:
257 1461 326 1525 «Si
349 1461 436 1526 lleus
459 1464 556 1525 bomo
578 1463 674 1524 uliam
695 1482 719 1530 a,
736 1471 851 1525 natura
877 1463 1014 1523 bumana
1031 1460 1177 1522 substan·

67 1563 143 1630 tlam
166 1560 225 1629 ilbi
247 1565 489 1642 assumpsisset3‘
510 1571 574 1627 our
588 1565 762 1643 imperaret
777 1565 893 1627 similia
910 1564 985 1627 mibi
1002 1572 1117 1625 natnro
1133 1567 1178 1626 in·

64 1661 160 1725 firmo
174 1660 194 1726 l
210 1661 384 1738 Quomodo
407 1666 491 1727 torst
511 1666 636 1744 sopiens
656 1675 689 1727 nt
715 1665 852 1746 justus'?
873 1665 955 1727 »Et
984 1683 1059 1727 cnm
1092 1675 1180 1726 tenta

64 1765 143 1827 dicit
166 1764 205 1826 ds
226 1774 343 1828 natura
366 1767 507 1830 hnmana
523 1767 647 1831 infirma
663 1785 681 1828 a
697 1765 806 1829 Verbo
825 1766 881 1828 llei
896 1776 1056 1844 assumpto
1071 1786 1082 1843 ;
1098 1767 1179 1826 obli·

67 1872 119 1931 tus
139 1873 188 1927 est
211 1875 317 1928 tamen
338 1866 488 1946 Apostoli
511 1868 594 1931 dicta
609 1889 618 1929 s
635 1877 789 1931 tentatum
803 1878 907 1930 cotem
919 1884 977 1945 per
995 1865 1104 1928 omnic
1119 1885 1180 1944 pro

63 1964 275 2057 sioeiiittedime
296 1967 409 2047 olspne
424 1978 563 2049 peccato.
925 1972 927 1977 ’
1089 1979 1092 1983 ’

144 2067 226 2137 ltem
243 2069 395 2132 bortatur
411 2080 518 2147 geistes
538 2078 573 2132 ul
590 2072 733 2134 ueritatis
748 2072 945 2149 simplicitati
962 2071 1178 2132 adhaereant:

65 2186 130 2246 qua
155 2171 295 2247 cognitu,
319 2189 437 2248 poenas
460 2173 572 2233 tartari
596 2171 769 2249 effugient:
792 2170 1018 2243 toreumatis,
1041 2171 1088 2244 si,
1111 2152 1184 2250 quis

63 2266 105 2328 sit
124 2267 399 2341 Dens,·doocoriss
421 2273 712 2334 immortale-cutem
727 2290 840 2350 corpus
855 2270 977 2332 babebis
992 2281 1019 2331 et
1033 2272 1102 2332 noo
1113 2288 1184 2331 cnm

67 2369 186 2432 animo
205 2371 458 2452 incorruptibile.
483 2372 583 2448 Quasi
606 2375 748 2436 infideles
770 2379 800 2435 in
825 2377 887 2435 vita
913 2374 1022 2437 iutnru
1040 2382 1097 2435 nec
1113 2370 1185 2435 c'or-

68 2491 137 2549 pus.
151 2474 416 2554 immortalene'n
432 2476 685 2554 ,incorruptibile
708 2476 849 2538 babituri
870 2477 942 2536 sint.
966 2474 1034 2537 Nec
1053 2493 1146 2538 secus
1165 2456 1183 2536 si

65 2574 206 2652 judaicis
229 2577 517 2653 pirriberoeam,
541 2577 670 2657 qnando
691 2578 842 2655 loquitor
863 2577 902 2636 de
917 2577 1081 2654 gehennoe
1096 2574 1184 2636 llam'·

68 2677 127 2737 mis
150 2677 248 2767 etsie.
265 2680 398 2757 angelis‚
416 2681 470 2757 qui
495 2687 634 2741 tortores
657 2680 859 2741 destinantur
880 2678 1107 2756 reproborum.
1127 2679 1182 2739 Se·

69 2787 156 2851 ptem
179 2778 295 2855 docent
313 2782 456 2845 bebrant
468 2764 603 2857 angelos
617 2783 779 2859 gehennoe
796 2779 938 2856 praefici,
955 2781 1183 2842 damnatorum

70 2877 240 2951 carnifices
261 2890 293 2940 et
315 2889 468 2943 tortores.
489 2881 538 2941 lto
560 2881 727 2957 praelatus
751 2879 875 2942 Millius
898 2899 927 2940 n.
951 2875 1001 2944 tt,
1023 2875 1073 2944 t8.

154 2977 305 3055 Domum,
330 2983 482 3059 praelatis
503 2986 686 3047 summatim
720 2984 890 3054 collectis,
916 2976 1097 3060 vestigium
1115 2985 1188 3060 quis

73 3078 151 3141 mibi
175 3082 323 3144 ostendat
338 3083 474 3144 inlibris
492 3095 638 3145 veterum
656 3084 802 3154 Petrum,
820 3084 874 3144 nbi
890 3083 929 3141 de
946 3080 1025 3156 Deo,
1043 3085 1082 3144 de
1098 3101 1190 3143 mnn-

72 3178 103 3241 di
126 3181 269 3259 opificio,
293 3185 429 3264 ejusque
450 3186 562 3247 ordine
580 3187 626 3247 ita
649 3194 820 3258 tractetur,
837 3187 931 3247 sicuti
950 3186 1137 3263 Anonymus
1158 3203 1189 3242 c·

73 3284 161 3356 regit
185 3283 215 3342 in
240 3284 300 3345 bon
322 3283 421 3349 loco?
442 3284 506 3360 Qui
528 3305 618 3346 sacra
644 3286 785 3363 prolenis
807 3288 1028 3358 permiscens,
1047 3284 1189 3345 universi

76 3385 275 3448 creationem
298 3390 448 3464 primum·
461 3387 608 3451 absolute
630 3391 661 3446 in
688 3385 783 3447 Patre
799 3388 938 3450 collocat
954 3370 1120 3447 seorsim'a
1143 3383 1191 3444 Fi·

72 3482 191 3555 limet
211 3488 389 3559 secuiidnm
410 3489 549 3550 Platonis
577 3497 714 3555 montem
739 3490 847 3548 mundi
872 3488 1030 3551 elementa
1053 3489 1190 3558 stotnit²;

72 3603 111 3645 ac
134 3586 378 3663 deirtdelerbo.
395 3594 590 3653 creationem
616 3589 760 3650 inscribit
782 3609 823 3650 ex
847 3590 950 3651 Patris
971 3591 1190 3668 jussu,impiu

78 3694 109 3745 et
133 3687 275 3767 absurda
298 3691 427 3762 locutus
440 3691 456 3753 'i
469 3691 612 3769 tls-ouis
637 3691 708 3751 ideo
731 3701 819 3767 putot
838 3685 923 3752 buno
939 3686 1194 3766 librnms.·llip·

78 3785 193 3868 polp-to
216 3792 454 3861 inscribendum
477 3791 575 3857 esse?
596 3793 691 3871 cujus
713 3793 872 3853 librorum
899 3791 1081 3878 elenchum·
1102 3792 1195 3852 nobis

78 3891 323 3954 commiserunt·
342 3895 646 3963 soteres-bistoriraei
679 3903 711 3952 et
741 3897 879 3955 maxime
910 3892 1001 3973 Opus
1035 3889 1193 3953 Adversit's

76 3996 228 4067 boereses,
250 4013 395 4072 quarum
412 3997 543 4057 seorsim
566 4000 694 4056 sensnm
719 3996 891 4071 descripsit·
916 3994 1198 4071 expugnivitqnn'l

75 4112 170 4158 sacra
194 4091 382 4173 Scriptnroe
407 4097 584 4157 testimonia
603 4095 760 4174 objiciens
784 4106 813 4155 et
838 4095 1048 4173 apostolicam
1080 4088 1199 4155 doetri-

74 4193 181 4259 nomi
202 4195 298 4276 eujus
320 4199 508 4259 memoriam
523 4201 713 4259 ·-ssnctitatis
739 4207 767 4259 et
797 4197 972 4274 sapientiae
995 4197 1025 4255 in
1051 4194 1193 4259 licitosia
