2886 4784
160 444 291 530 Synodo
312 447 528 523 congregata,
550 442 634 506 lecta
659 442 790 522 origeni
818 439 1073 523 inscriptorum,
1101 436 1245 523 spaciatim

159 550 191 610 in
214 546 334 608 intortis
357 543 551 606 Periarcborr
571 544 685 619 libris,
707 561 862 606 errorum
889 543 1063 621 rapsodia,
1087 543 1248 607 obtestatus

159 650 200 712 sit
221 650 281 726 (ut
301 651 347 710 ait
368 644 586 728 Hieronymus
608 646 640 707 iu
661 643 760 708 Libro
783 645 806 707 l.
822 651 936 707 contra
957 643 1126 707 Rudinum
1141 661 1172 705 u.
1188 641 1246 721 lt.)

159 766 368 823 asseverans,
389 765 420 809 sc
440 747 600 809 obturasse
620 766 715 809 eures
734 765 831 822 suas,
853 755 882 807 ct
900 764 996 827 usquc
1017 745 1061 807 cd
1082 743 1168 808 illud
1195 754 1251 808 trot-

153 871 218 932 pus
238 870 268 913 sc
289 848 465 930 ipsorusse,
480 850 565 930 quod
584 857 650 912 tam
670 847 797 929 ursario
816 845 976 927 scripserit
999 844 1162 926 Origenes.
1179 847 1250 909 atu·

159 970 233 1016 men
255 952 390 1033 praelati
414 950 727 1026 Ecclesiael’atres,
746 951 928 1031 incipiendo
949 967 966 1011 a
987 968 1014 1012 s.
1040 947 1195 1033 Dionysio
1212 967 1251 1012 us·

158 1073 225 1134 qua
245 1055 283 1115 ad
307 1056 405 1133 ipsius
420 1052 591 1132 Theophili
611 1061 762 1128 aetatem,
780 1054 809 1115 in
831 1053 950 1132 quibus
969 1051 1102 1114 elucent
1119 1050 1250 1131 Tamphi-

158 1156 223 1232 lus,
248 1154 420 1228 Eusebius,
438 1155 643 1227 Athanasius,
667 1153 817 1231 Basilius,
841 1151 1018 1234 Gregorius
1041 1153 1252 1226 nazianzenus,

159 1257 215 1337 qui
236 1257 409 1336 praecipue
433 1253 626 1319 Perierclrcn
647 1255 746 1317 libros
768 1257 929 1334 legerunt,
952 1254 1084 1329 nullibi,
1104 1255 1253 1333 inquiunt,

158 1377 193 1421 sc
213 1359 382 1421 obturasse
403 1375 500 1420 aures
521 1374 596 1420 suas
611 1359 653 1417 eb
667 1356 880 1436 blasphemias
897 1356 1105 1436 hujusmodi:
1121 1373 1180 1418 use
1193 1353 1251 1417 ideo

159 1460 325 1523 damnasse
346 1460 543 1538 Origenem,
566 1477 623 1523 uec
645 1459 753 1523 lideles
776 1459 978 1539 prohibuisse
1011 1458 1053 1519 ab
1084 1458 1201 1519 horum
1223 1455 1253 1516 li·

161 1562 296 1624 brorum
318 1561 465 1624 lectione.
483 1557 601 1641 Utique
621 1580 766 1640 eousque
788 1562 864 1623 dicit
885 1558 1098 1637 Theophilus,
1124 1577 1159 1620 se
1181 1559 1253 1638 igno·

160 1677 249 1723 rasse
272 1669 334 1722 tam
355 1664 453 1739 impia
474 1662 638 1740 scripsisse
658 1661 842 1741 Origenem.
860 1659 901 1723 Et
916 1679 974 1739 ego
989 1659 1132 1737 amplius
1152 1657 1251 1719 addam

31 1839 33 1843 ἢ
161 1761 254 1824 ilium
279 1780 381 1842 usquc
402 1764 434 1824 iu
454 1761 600 1824 seculum
616 1761 647 1822 in
665 1762 721 1822 tali
735 1770 941 1823 versaturum
962 1759 1061 1823 luisse
1075 1757 1253 1837 ignorantia,

162 1863 222 1925 uisi
237 1863 412 1925 orthodoxi
429 1860 622 1925 Periorcbon
637 1880 748 1924 sensus
771 1861 874 1923 latsati
896 1870 1000 1923 esseut
1022 1863 1054 1922 iu
1075 1859 1184 1923 odium
1198 1856 1254 1920 hu·

40 1969 50 1988 ‘
161 1965 282 2041 oloris,
306 1972 363 2028 aut
385 1965 441 2026 nisi
464 1963 568 2026 eidem
589 1963 750 2042 adscripta
773 1963 894 2038 lerant,
911 1979 996 2040 quaa
1018 1963 1050 2023 in
1072 1957 1253 2023 adversariis

161 2068 228 2129 suis
251 2068 422 2130 haereticis
445 2066 610 2130 refutarit.

243 2167 436 2248 Priusquam
461 2187 538 2231 vero
559 2168 742 2246 expositum
765 2166 918 2228 adeamus
939 2164 1096 2244 quidquid
1121 2161 1256 2228 Centau·

164 2271 296 2348 tinopoli
321 2269 442 2332 iactum
462 2271 503 2331 sit
523 2269 563 2331 de
584 2271 772 2349 quaestione
793 2268 976 2345 origeniana
997 2273 1031 2328 ct
1051 2265 1092 2328 de
1107 2260 1254 2326 monachis

162 2371 379 2445 nitriensibus,
395 2371 509 2433 sedulo
530 2371 760 2433 attendendum
781 2378 828 2432 est
849 2369 927 2431 actis
942 2366 1064 2450 Synodi
1084 2361 1254 2428 alexaudri-

163 2489 222 2534 uae
245 2478 277 2534 et
296 2471 432 2534 alterins
455 2469 553 2552 Cypri
576 2480 801 2549 congregatae,
816 2488 842 2531 s.
861 2467 1038 2548 Epiphanio
1060 2461 1257 2546 praesidatu

164 2574 262 2634 variis
284 2571 417 2634 Consilii
443 2573 644 2634 alexandrini
665 2571 859 2634 sessionibus
882 2571 960 2630 nihil
991 2569 1190 2647 disputatum
1218 2568 1256 2625 est

162 2672 251 2751 quod
272 2670 365 2733 tidem
389 2675 593 2751 pertingeret.
610 2671 847 2736 Tantummodo
868 2679 975 2733 actum
993 2680 1052 2745 est,
1070 2679 1182 2730 utrum
1195 2662 1257 2728 Ori·

161 2789 257 2851 geues
279 2772 438 2836 haeretica
461 2773 622 2837 docuisset
642 2781 675 2836 et
693 2775 885 2852 scripsisset,
899 2774 995 2834 sicuti
1016 2789 1123 2848 nuper
1144 2771 1254 2830 dictum

113 2883 116 2886 ’
163 2878 234 2934 est:
257 2872 344 2951 quod
366 2875 528 2951 sapienter
547 2893 572 2935 s.
590 2874 732 2935 Severus
751 2876 874 2934 notavit
895 2879 926 2935 et
947 2870 1085 2948 ampliu-s
1111 2865 1259 2929 Palladius

164 2973 351 3051 explanavit
373 2975 403 3034 iu
427 2977 489 3035 vita
511 2992 536 3036 s.
558 2974 690 3037 Joaunis
715 2973 958 3053 Chrysostomi3
982 2972 1041 3033 etsi
1063 2966 1260 3049 Theophplus

163 3071 259 3134 aliter
280 3073 511 3153 interpretatus
525 3075 566 3136 sit
582 3073 815 3137 monachorum
837 3079 999 3149 mentem3
1023 3071 1110 3132 unde
1125 3081 1261 3149 maguum

164 3167 275 3236 ortum
309 3182 357 3236 est
391 3176 583 3250 dissidium,
615 3174 765 3253 pluribus
794 3193 867 3237 cnm
900 3171 1082 3250 Theophilo
1119 3165 1261 3250 episcopis

165 3282 277 3337 contra
297 3274 470 3356 Origeuem
493 3286 529 3340 ut
550 3277 774 3352 haereticum,
806 3277 876 3339 aliis
910 3293 968 3354 pro
1000 3273 1116 3336 eodem
1147 3271 1192 3334 uti
1218 3285 1261 3332 ea·

163 3376 285 3438 tholico
304 3377 380 3456 jure
402 3379 616 3458 pugnantibus
632 3379 806 3453 monachis,
822 3378 878 3457 qui
896 3382 1005 3455 postea
1020 3374 1160 3438 exulare
1173 3367 1262 3435 coacti

161 3488 247 3539 sunt.
273 3476 437 3556 Quidquid
460 3491 567 3540 autem
591 3480 757 3541 decretum
780 3487 827 3541 est
848 3480 878 3540 in
900 3475 1029 3559 Synodo
1061 3471 1261 3538 alexandrina

162 3578 224 3639 snb
244 3575 414 3657 Theophili
437 3579 654 3642 dominatione
669 3588 701 3641 et
718 3580 863 3659 perfidia,
887 3580 970 3640 idem
993 3576 1061 3657 ipse
1083 3576 1210 3656 scripsit
1228 3568 1261 3633 ad

164 3675 393 3757 Epiphanium,
417 3688 473 3755 ut,
497 3680 639 3742 adunato
660 3681 803 3744 Concilio
825 3680 913 3742 iltius
936 3678 1144 3758 provinciae,
1166 3673 1264 3751 Origo·

164 3796 231 3855 nes,
248 3779 335 3841 illius
357 3779 443 3855 libri,
467 3790 498 3842 et
520 3781 667 3843 monaehi
689 3781 931 3841 damnarentur.
951 3778 1047 3854 Quod
1071 3777 1133 3840 suh
1155 3774 1261 3838 eisdem

162 3878 332 3957 Theophili
362 3882 532 3959 auspiciis,
564 3881 878 3961 praesumptionibus
907 3890 938 3943 et
967 3881 1126 3942 instantiis
1157 3876 1263 3941 collec-

165 3986 256 4051 tum,
281 3981 372 4043 nullo
395 3986 528 4062 praevio
551 3984 745 4063 quaestionis
772 3985 942 4058 examine,
966 3982 1159 4059 expeditum
1189 3977 1263 4046 luit,

164 4078 242 4139 actis
263 4076 482 4145 Alexandriae
504 4083 658 4163 probatis.
675 4079 895 4157 Quamobrem
912 4080 1099 4160 paulopost
1123 4079 1265 4142 Constan-

169 4178 300 4257 tinopoli
324 4179 514 4248 Ammonius
537 4192 726 4247 reverenter
746 4182 880 4262 corripit
894 4201 920 4246 s.
939 4182 1170 4264 Epiphanium,
1189 4169 1265 4257 quod
