2886 4784
157 370 198 441 l8

157 473 311 539 ristotelis
325 464 491 535 doctrinae
506 472 707 549 comparatio
722 488 797 534 cum
812 471 937 536 haeresi
954 469 1113 549 Basilidis,
1125 471 1156 536 in
1173 487 1271 552 quam

159 577 299 638 maxime
321 574 477 638 incumbit
498 569 700 658 Anonymus,
723 573 763 634 ab
786 574 875 637 initio
903 592 1049 636 asserens
1070 574 1170 655 bajus
1192 573 1276 638 llae-

159 677 250 738 retici
275 675 422 753 dogmata
452 690 514 735 non
545 670 663 735 Christi
695 674 749 735 sed
782 671 966 736 Aristotelis
998 693 1067 736 esse
1095 677 1274 754 stagiritae.

157 777 335 856 Propterea
358 776 453 855 plura
478 773 611 851 collegit
640 774 681 835 ab
703 774 847 855 ejusdem
871 775 961 837 libris
983 793 1020 838 ac
1043 777 1235 852 praesertim
1258 792 1277 837 a

162 876 354 957 Cutepnriis;
376 875 494 955 quibus
516 876 682 954 expositis,
705 875 886 938 concludit:
911 872 1034 950 «Quod
1050 875 1077 938 si
1092 876 1135 953 to.
1152 873 1204 953 19)
1220 875 1276 956 igi·

159 987 215 1044 tur
235 977 407 1043 Basilidem
430 976 630 1040 inveniamus
652 995 715 1040 non
738 983 862 1039 tantum
883 995 979 1039 sensu
1000 976 1055 1039 sed
1076 976 1153 1056 ipsis
1170 978 1276 1041 verbis

159 1090 192 1143 et
214 1080 395 1143 nominibus
417 1079 619 1140 transtulisse
642 1077 825 1140 Aristotelis
840 1076 989 1156 dogmata
1003 1078 1034 1139 in
1050 1076 1277 1155 evangelicum

157 1182 245 1245 hunc
265 1179 404 1254 librum,
425 1180 501 1259 quid
525 1180 641 1254 deerit,
664 1179 722 1241 nisi
739 1187 776 1241 ut
789 1179 892 1241 aliena
909 1198 969 1242 suo
986 1178 1124 1241 Anctori
1139 1180 1276 1242 reddea-

159 1280 399 1345 tortosonte
421 1281 547 1343 interim
570 1277 628 1343 llei
659 1280 876 1344 definitionem
903 1282 1041 1361 profert,
1071 1281 1114 1342 ita
1143 1289 1272 1358 putans,

157 1383 336 1445 secundum
359 1381 583 1457 Aristotelem,
605 1390 635 1443 et
659 1380 782 1461 inquit:
813 1379 1068 1444 «Definitionem
1095 1398 1175 1443 vero
1201 1379 1273 1458 Dei,

159 1500 258 1562 quam
276 1483 335 1544 dat
357 1480 534 1544 Aritotcles
557 1499 619 1543 non
641 1482 782 1545 arduum
804 1490 853 1545 est
884 1498 1079 1561 cognoscere
1090 1502 1101 1560 3
1134 1481 1277 1546 arduum

158 1591 206 1647 est
226 1601 297 1645 eam
319 1583 523 1661 intelligeret
550 1580 715 1662 conceptio
736 1581 820 1645 enim
851 1592 921 1659 eat,
955 1585 1021 1658 ait,
1044 1581 1276 1661 conceptioni&

157 1685 242 1764 quod
261 1691 305 1746 est
323 1702 458 1762 prorsus
470 1694 499 1748 et
512 1682 640 1746 omnino
662 1682 720 1753 ὂυκ
746 1679 783 1753 ὄν
803 1703 868 1746 non
882 1703 946 1747 ena.
969 1683 1073 1747 Paulo
1093 1692 1212 1764 postu.
1225 1683 1275 1753 21.

158 1790 287 1853 subdit:
309 1807 326 1847 »
350 1788 432 1851 Deus
452 1808 516 1851 non
538 1809 592 1852 cns
613 1789 703 1872 efficit
723 1790 876 1851 mundum
898 1805 938 1848 eu
957 1784 999 1849 its
1013 1803 1095 1864 quac
1115 1803 1181 1848 non
1203 1793 1278 1849 anat

155 1909 276 1970 ponens
297 1899 359 1954 etc.
382 1889 488 1967 Quam
510 1893 726 1955 definitionem
748 1887 939 1973 Anonpmus
972 1888 1116 1952 inscribit
1141 1906 1275 1968 quoque

158 1990 310 2068 Basilidi,
334 1999 370 2055 ut
391 1995 475 2055 inter
496 2000 675 2073 utrumque
696 1993 863 2056 doctrinae
886 1990 990 2052 unitas
1012 1996 1191 2053 statuatur.
1214 1986 1275 2052 Va·

159 2099 343 2156 rumtameu
366 2112 423 2156 uec
446 2095 569 2173 primus
591 2112 649 2157 nec
670 2093 754 2156 alter
775 2090 963 2172 hujusmodi
978 2089 1017 2152 de
1034 2088 1101 2154 Deo
1116 2089 1274 2153 definitio·

157 2194 205 2256 uis
226 2195 396 2275 bucusque
417 2202 568 2257 auctores
590 2202 820 2273 agnoscuntur.

239 2293 280 2357 llt
300 2295 408 2375 quoad
431 2295 664 2368 Aristotelem,
696 2296 797 2375 probe
825 2294 903 2356 dicit
923 2290 1112 2373 Anonpmus
1136 2291 1199 2355 sibi
1223 2308 1274 2353 ar·

158 2393 260 2458 duum
280 2395 379 2456 rideri
402 2395 584 2472 intelligere
606 2393 664 2456 Dei
686 2394 902 2458 definitionem
923 2394 1100 2457 secundum
1117 2390 1274 2456 Aristotc-

159 2493 236 2555 lem.
260 2491 342 2556 Nam
365 2493 431 2571 ipse
453 2493 641 2555 incumbens
663 2493 701 2554 ud
724 2494 794 2575 ejus
817 2493 1072 2571 intelligentiam,
1088 2491 1207 2555 illusus
1228 2496 1275 2555 est

160 2592 347 2670 Philosophi
370 2601 558 2672 pervertens
578 2610 718 2655 sensum.
743 2592 793 2655 Ex
815 2600 978 2672 quotquot
999 2610 1083 2654 nunc
1104 2592 1273 2671 perstanti·

159 2692 219 2754 bus
242 2690 341 2769 ipsius
356 2691 446 2753 libris
463 2692 577 2754 nullibi
592 2695 757 2770 reperitur
771 2692 980 2755 Aristotelem
994 2690 1098 2754 Deum
1114 2690 1272 2755 definiisse

157 2788 216 2860 tun
242 2783 277 2858 ’ὂν
302 2809 366 2853 non
387 2810 461 2865 enm
482 2810 541 2855 nec
562 2793 666 2855 multo
689 2796 793 2855 minus
816 2794 986 2872 probatur,
1001 2811 1075 2856 cum
1097 2794 1157 2867 ait,
1172 2790 1273 2854 Deum

162 2895 395 2975 conceptionem
421 2896 638 2978 Conceptionis
659 2917 734 2972 erac,
757 2899 900 2960 indicare
929 2898 1068 2960 voluisse
1091 2895 1189 2958 Deum
1209 2913 1273 2959 noa

157 3006 266 3060 entem.
288 2997 339 3060 Ex
361 2999 497 3061 adverso
518 2999 645 3077 saepius
666 2997 770 3061 Deum
791 3017 845 3060 ens
866 2997 1009 3062 definivit
1032 2997 1269 3076 Pbilosopbns3

158 3115 211 3160 ex.
230 3115 259 3175 g.
276 3099 307 3159 in
328 3095 425 3160 Libro
446 3098 520 3162 llll.
536 3097 824 3178 Metapbysicornm
842 3117 869 3161 c.
895 3096 964 3158 Vll.
983 3096 1171 3170 allicimus,
1194 3097 1272 3159 scri·

158 3197 226 3271 bit,
250 3201 361 3277 itaque
382 3199 486 3261 ileum
509 3201 739 3280 sempiternum
762 3208 794 3261 et
815 3200 973 3276 optimum
1007 3199 1136 3259 vivens:
1168 3213 1272 3276 quaro

160 3299 223 3359 vita
246 3307 277 3359 et
299 3316 415 3362 aevum
438 3302 627 3361 continuum
650 3308 682 3360 et
703 3307 870 3361 aeternum
893 3297 961 3359 Deo
983 3300 1075 3360 inest.
1100 3295 1171 3360 Hoc
1186 3301 1270 3360 euim

157 3406 206 3460 est
227 3397 324 3462 Deus.
347 3418 363 3457 a
388 3399 466 3461 ltem
489 3400 584 3461 docet
605 3401 680 3461 alibi
698 3399 799 3461 Deum
817 3401 947 3460 unicum
963 3416 1044 3470 esse,
1062 3407 1270 3477 perpetuum,

158 3498 439 3576 perfectissimum,
462 3499 746 3579 simplicissimum,
764 3502 901 3576 primam
920 3515 1050 3561 causam
1065 3497 1269 3576 efficientem,

161 3599 259 3661 totius
272 3599 421 3660 bonitatis
437 3598 569 3675 iontem,
583 3607 615 3660 et
630 3600 866 3679 pulcritudinis,
880 3599 1009 3661 unicum
1027 3597 1171 3660 universi
1185 3598 1272 3678 prin·

160 3699 263 3779 cipem
285 3706 346 3762 etc.
369 3696 459 3762 Unde
481 3717 558 3778 ergo
580 3701 694 3762 babuit
716 3702 905 3783 Anonpmus
927 3701 1009 3760 banc
1029 3696 1089 3760 Dei
1113 3696 1272 3762 definitio·

159 3797 261 3862 nemi
284 3798 433 3862 Fortasse
456 3817 570 3876 parum
585 3802 752 3864 consultus
768 3799 934 3862 Aristoteli
950 3799 1121 3878 inscripsit,
1138 3800 1269 3878 quaein

159 3897 257 3961 Libro
279 3898 304 3960 l.
327 3897 612 3978 Metaplpsicorum
633 3920 661 3963 o.
686 3899 740 3961 tv.
763 3900 940 3978 exprobrat
970 3897 1134 3988 Leucippo
1155 3907 1188 3960 et
1210 3897 1269 3962 lle·

161 4002 310 4076 mocrito,
333 4001 388 4079 qui
402 3994 520 4063 'm'nndi
542 4002 700 4063 elementa
732 4007 911 4080 posueruut
937 3999 1066 4078 plenum
1087 4005 1115 4059 et
1133 4016 1269 4062 uacuum

160 4099 227 4162 sive
248 4093 286 4167 'cd
309 4093 356 4172 ἓν,
379 4091 437 4170 καὶ
459 4098 497 4166 τὸ
519 4095 570 4193 μή
593 4091 627 4169 ’δν
648 4119 701 4163 cns
721 4108 748 4161 et
770 4117 833 4161 non
854 4116 917 4160 ens.

164 4214 168 4221 '
240 4204 395 4270 Similiter
416 4205 502 4284 quod
526 4204 714 4285 Anoopmus
734 4199 885 4278 supponit
906 4195 946 4260 dc
966 4193 1116 4259 Basilidis
1137 4208 1268 4259 concor·
