2886 4784
250 317 293 390 hd

247 426 335 488 tione
357 424 439 485 hanc
460 422 700 487 circumdantis.
732 419 847 497 Quoad
880 429 989 485 aulem
1022 420 1158 487 Cedreni
1197 420 1294 482 verba
1324 418 1368 483 de

248 529 427 589 stoicorum
451 524 575 602 placitis
596 526 680 588 circa
704 526 800 588 lunae
822 536 985 601 naturam,
1011 525 1168 588 Eusebius
1202 527 1231 586 iu
1262 522 1367 592 Libro

251 625 322 692 XV.
349 627 502 707 Prosper.
527 626 650 708 Ecenp.
667 647 693 690 c.
710 626 811 691 XXV.
827 630 939 691 scribit
954 631 1011 691 hos
1028 630 1234 708 philosophos
1249 631 1365 717 lunam

252 732 458 795 considerare
481 731 528 793 uii
552 740 839 809 temperamentum
863 752 903 792 ex
927 733 996 810 igne
1012 742 1042 792 et
1057 751 1153 793 aere:
1177 750 1274 810 quam
1296 737 1369 814 opi·

249 835 376 895 trionem
401 831 613 912 Empedocles
635 834 756 912 aliique
779 844 1025 910 praenotarunt,
1048 844 1225 895 asserentes
1253 835 1367 898 innam

193 935 198 943 '
248 955 291 999 cx
314 938 429 999 relicto
451 937 490 997 ab
513 937 585 1016 igne
607 954 682 998 aere
706 938 887 1014 congelato,
910 937 1003 998 sicuti
1028 936 1149 1015 grando
1175 938 1371 1015 congelatur

249 1056 308 1117 per
329 1056 375 1112 se,
399 1037 516 1101 iactam
539 1039 646 1100 iucem
669 1056 687 1098 a
708 1039 776 1099 soie
800 1041 966 1123 recipere,
999 1047 1029 1099 et
1057 1055 1195 1114 corpure
1217 1046 1368 1115 constare

246 1142 457 1219 sempiterno,
475 1148 510 1202 ui
525 1149 557 1202 et
572 1159 612 1202 ex
631 1137 810 1201 Plutarcho
825 1140 870 1200 ait
886 1138 1090 1200 Aristoteles.
1109 1137 1265 1200 illuditur
1285 1156 1368 1220 ergo

246 1240 449 1324 iinonymus,
473 1242 503 1302 in
525 1241 713 1319 exponenda
729 1241 908 1302 stoicorum
925 1240 1083 1313 doctrina,
1103 1240 1245 1318 undique
1263 1241 1366 1318 ipsius

248 1341 407 1420 patefacta
430 1343 567 1418 inscitia,
590 1359 664 1404 cum
688 1342 769 1403 duas
789 1341 984 1404 substantias
1015 1342 1127 1403 lunam
1159 1351 1190 1404 et
1223 1344 1365 1405 animam

245 1443 425 1506 humanam*
445 1447 528 1505 inter
548 1463 582 1506 se
603 1443 781 1518 distinctas,
797 1444 827 1504 in
844 1461 942 1504 unam
958 1444 1119 1522 redegerit
1128 1464 1140 1522 3
1157 1461 1195 1506 ac
1210 1441 1282 1505 ideo
1297 1444 1367 1504 ani·

244 1560 315 1605 mae
339 1546 558 1623 adscripserit,
581 1562 665 1623 quae
687 1544 725 1603 ad
749 1544 846 1605 lunae
868 1555 1018 1606 naturam
1038 1545 1236 1622 spectabant.

324 1645 444 1710 lleiude
466 1648 585 1727 legitur
606 1645 692 1725 apud
715 1644 921 1709 Cedrenum:
943 1667 961 1705 e
984 1643 1113 1709 Tertius
1136 1648 1280 1709 decimus
1307 1645 1369 1710 Se·.

243 1752 322 1811 xtus
343 1759 377 1809 et
399 1748 558 1829 Pyrrhnu.
574 1747 692 1812 Sextus
711 1747 889 1826 quidquam
906 1749 1053 1826 cognosci
1077 1757 1107 1809 ei
1130 1748 1250 1827 percipi
1268 1765 1367 1824 posse

241 1852 392 1926 negavit,
415 1851 526 1929 itaque
550 1851 768 1915 sustinendam
790 1852 1001 1912 assertionem
1024 1858 1055 1912 et
1077 1850 1290 1911 resistendum
1306 1850 1363 1911 eia

241 1949 392 2029 idemque
414 1961 523 2014 contra
547 1970 657 2013 omnes
679 1962 764 2013 artes
787 1962 818 2014 et
839 1954 987 2014 scientias
1010 1951 1198 2030 disputavit.
1231 1948 1368 2033 Pyrrho

241 2061 351 2114 autem
375 2052 586 2132 philosophus
600 2051 775 2132 epitectices
790 2053 1030 2137 appellabatur,
1044 2054 1130 2131 quod
1144 2054 1362 2117 assensionem

242 2154 383 2218 tolleret.
407 2154 600 2236 Disputabai
631 2158 715 2218 enim
746 2167 859 2218 contra
888 2156 989 2218 alium
1025 2155 1282 2235 philosophum,
1304 2157 1366 2236 qui

240 2259 348 2320 omnia
370 2262 518 2339 cognosci
541 2278 579 2322 ac
604 2261 833 2338 comprehendi
867 2277 960 2339 posse
988 2258 1212 2322 contendebat.
1236 2257 1288 2321 Sic
1309 2259 1362 2321 illi

243 2361 351 2422 verbis
373 2362 580 2434 altercantes,
604 2362 688 2423 aiter
710 2362 846 2424 alterius
868 2361 1061 2435 reieilebant
1083 2363 1276 2440 opinionem.
1302 2360 1364 2433 Est

238 2480 318 2542 ergo
349 2463 610 2525 academicorum
632 2471 665 2524 et
686 2463 940 2545 pyrrhoniorum
964 2463 1232 2541 philosophorum
1259 2481 1360 2541 pecu-

159 2575 160 2578 ’
239 2563 332 2626 lieris
353 2573 463 2638 secta,
487 2574 518 2626 et
544 2564 719 2627 academici
743 2565 968 2651 vocabantur,
999 2564 1086 2643 qnod
1119 2564 1150 2624 in
1183 2565 1363 2637 Academia

239 2667 540 2728 commorabantur.
565 2665 717 2746 Princeps
740 2685 854 2729 eorum
879 2666 1027 2751 Pyrrho,
1051 2687 1067 2730 a
1091 2686 1157 2747 quo
1187 2650 1380 2747 pyrrhonii

240 2765 317 2829 dicti
339 2775 426 2841 sunt,
443 2767 521 2830 nihil
546 2767 668 2847 percipi
690 2786 782 2846 posse
805 2767 998 2831 affirmavit:
1023 2776 1053 2831 et
1074 2770 1160 2833 subit
1183 2770 1213 2830 in
1237 2779 1363 2832 otram·

241 2885 305 2945 que
327 2875 450 2946 partem
473 2868 661 2957 disputare,
685 2868 724 2929 de
754 2878 871 2930 neutra
903 2872 1079 2949 quicquam
1112 2870 1361 2948 pronunciare:

241 2969 319 3030 nihil
342 2971 425 3030 enim
450 2988 525 3030 vere
547 2988 652 3049 neque
673 2972 801 3044 animo,
833 2989 937 3050 neque
958 2991 1053 3034 sensu
1076 2973 1197 3050 percipi
1210 3013 1220 3047 ,
1257 2973 1362 3034 videri

242 3079 368 3131 tantum
391 3071 576 3134 hominibus
597 3074 639 3133 ita
664 3073 795 3133 habere.
817 3091 835 3129 s>

322 3171 512 3255 Anonymus
535 3193 634 3252 porro
655 3175 753 3236 aliter
774 3194 790 3236 a
814 3173 961 3237 Cedreno
985 3176 1047 3235 hoc
1069 3182 1169 3253 capnt
1198 3175 1363 3256 inscripsit

235 3269 307 3371 περὶ
329 3268 578 3363 Ακαδημαῗκῶν
598 3277 634 3337 de
656 3273 855 3340 Academicis
877 3297 903 3338 c.
927 3273 998 3337 XX.
1022 3284 1054 3336 et
1074 3279 1140 3337 ait:
1167 3296 1183 3334 n
1206 3275 1279 3338 eilia
1303 3295 1363 3341 au.

240 3385 303 3439 tem
324 3388 412 3440 secta
436 3380 705 3459 philosophorum
730 3391 842 3445 vocata
866 3381 928 3444 init
956 3383 1163 3445 academica:
1197 3402 1237 3445 eo
1269 3384 1361 3462 quod

240 3481 271 3541 in
294 3478 467 3543 Academia
490 3481 644 3545 diatribas
667 3485 851 3561 habebani;
874 3502 1016 3564 quorum
1039 3494 1156 3547 auctor
1184 3484 1362 3566 Pprrhou,

241 3583 327 3645 unde
350 3583 517 3665 pyrrhonii
549 3588 652 3647 vocati
683 3595 758 3647 sunt
791 3585 996 3665 philosophi,
1029 3584 1248 3666 ucuteiepsc'uc
1277 3587 1363 3655 idest

238 3686 529 3765 comprehendendi
548 3686 709 3750 deiectum
733 3689 857 3767 primus
878 3691 1022 3750 omnium
1039 3689 1242 3775 introduxit:
1262 3698 1300 3752 ut
1315 3690 1361 3755 iiu

238 3788 473 3867 aggrederetur
494 3790 525 3850 in
549 3798 722 3869 utramque
745 3799 869 3868 partem
892 3788 1070 3868 disputare,
1088 3792 1165 3869 quin
1189 3800 1296 3852 tamen
1312 3794 1360 3855 ni·

238 3887 285 3949 hii
307 3889 506 3951 decerneret.
531 3887 619 3954 Nihil
646 3890 728 3952 enim
751 3909 819 3952 esse
844 3909 903 3953 nec
928 3891 1179 3970 intelligibilium
1207 3910 1266 3954 nec
1289 3911 1361 3957 sen·

237 3989 379 4052 sibilium
403 4009 531 4066 rerum,
560 3993 615 4054 sed
634 3991 734 4053 videri
757 3993 939 4056 hominibus
962 3996 1005 4056 ita
1027 4012 1106 4054 esse.
1132 3991 1280 4055 Fiuidam
1301 4013 1362 4059 au·

239 4097 303 4152 iem
329 4110 398 4154 esse
419 4094 631 4156 substantiam
654 4113 781 4156 omnem
805 4103 836 4158 et
859 4095 1061 4172 mutabilem,
1084 4104 1116 4156 ei
1137 4113 1304 4174 nunquam
1327 4098 1359 4158 in

238 4191 351 4256 eodem
374 4194 448 4279 ioco
471 4214 612 4259 manere.
631 4192 749 4258 Dicunt
771 4213 848 4274 ergo
870 4194 1044 4259 academici
1064 4214 1127 4261 uou
1150 4198 1360 4278 oporterede
