2886 4784
1212 386 1273 457 tta

148 491 173 556 sl
194 496 282 554 sunt.
307 489 372 568 Qui
397 505 475 551 rere
499 488 624 553 Aeliam
650 489 849 553 advenerant
870 507 910 552 ex
933 488 1078 571 ejusdem
1095 488 1267 571 Theophili

148 593 316 665 mandato,
337 591 503 654 discedere
523 593 627 654 eoacti
648 599 741 667 sunt,
765 590 868 653 donee
890 591 920 651 in
943 591 1006 653 alia
1028 593 1163 656 axeliis
1185 592 1266 656 loeis

149 694 294 774 migrati,
317 693 629 771 Constantinopolim
653 699 875 773 pervenerunt
896 702 957 756 ete.
981 711 997 750 n

233 793 293 857 His
315 796 512 876 praemissis,
520 796 623 859 hemo
644 803 736 857 antea
753 794 892 872 ignoret,
910 793 1038 857 libellos
1055 813 1073 856 a
1090 792 1272 874 Theophilo

148 903 183 960 et
204 914 223 959 u
247 898 393 978 quinque
413 898 613 977 subscriptos
634 896 830 976 ignobilibus
852 901 884 956 et
904 895 1046 958 seductis
1079 896 1267 973 monacbis,

150 1017 237 1080 quos
260 1002 329 1075 ipse
353 998 393 1060 nd
426 999 663 1062 ecclesiasticos
694 998 813 1077 gradus
846 1005 1024 1073 evexerat,
1055 1000 1270 1060 summarium

149 1101 323 1165 continere
344 1101 586 1164 baereticorum
609 1100 796 1180 dogmatum
820 1095 954 1178 Origeni
976 1098 1205 1178 inscriptorum
1231 1117 1270 1162 ae

149 1201 222 1266 lere
244 1201 448 1277 eorumdem,
472 1218 557 1282 quae
576 1201 735 1281 leguntur
755 1200 787 1260 iu
809 1198 1022 1279 Apologetieo
1044 1219 1070 1262 s.
1096 1197 1269 1280 Pamphili,

150 1304 194 1366 ab
213 1321 256 1365 eo
280 1297 539 1382 praeclarissime
571 1302 762 1366 eonluteta:
795 1309 827 1363 et
859 1318 1002 1381 quorum
1034 1303 1204 1383 exemplar
1228 1303 1268 1365 ad

147 1401 328 1483 Theophili
352 1420 464 1465 manus
487 1405 694 1483 perveniens,
717 1400 878 1464 diabolico
899 1401 1037 1464 artifieio
1062 1403 1269 1481 adornatum,

150 1507 221 1587 lpse
243 1507 365 1570 obtulit
388 1505 562 1586 Augustali
585 1505 616 1566 in
638 1504 878 1567 damnationem
900 1510 933 1566 et
954 1505 1179 1581 expulsionem
1200 1522 1271 1568 san·

153 1617 287 1672 elerum
312 1609 470 1671 virerum.

235 1706 359 1770 Deinde
382 1707 585 1788 propositum
612 1705 707 1768 valde
724 1706 821 1788 jurat
854 1709 953 1772 totius
986 1708 1085 1791 hujus
1119 1707 1272 1770 historiae

150 1810 362 1873 considerare
378 1809 637 1873 circumstantias
653 1809 694 1871 ub
708 1808 890 1891 Epiphanio
905 1817 937 1873 et
953 1812 1093 1874 maxime
1115 1827 1131 1870 a
1155 1806 1272 1872 Hiero·

151 1929 253 1997 nymn
273 1929 314 1974 ex
331 1914 452 1974 versuti
475 1908 647 1992 Theophili
668 1912 745 1974 dolo
768 1911 881 1989 ceptis,
900 1911 1067 1975 verimode
1088 1917 1215 1973 notatas
1233 1927 1271 1973 ae

149 2031 253 2076 seusu
275 2013 405 2075 inverso
428 2015 592 2094 expositas
612 2013 653 2075 ab
674 2032 727 2090 ee,
744 2012 831 2092 quod
854 2029 969 2093 reapse
992 2011 1064 2073 telis
1086 2010 1273 2092 postulabat

154 2115 320 2195 quaestio,
336 2131 374 2176 ae
395 2115 584 2188 etrmjltud
608 2116 826 2194 potissimum,
844 2113 931 2193 quod
956 2112 1077 2176 iactum
1099 2121 1148 2175 est
1169 2115 1200 2175 iu
1216 2111 1274 2194 Sy·

154 2217 245 2281 uodo
265 2216 492 2279 alexandrina.
510 2214 685 2292 Quomodo
707 2234 820 2295 nempe
843 2216 998 2295 processit
1013 2216 1175 2278 eontentio
1190 2215 1275 2276 inter

153 2312 334 2383 monachos
357 2327 388 2381 et
409 2315 648 2399 Theophilum3
671 2328 703 2381 et
724 2317 889 2398 quomodo
911 2315 1066 2397 Origenes
1088 2325 1121 2380 et
1142 2333 1215 2379 eum
1234 2333 1273 2378 eo

150 2421 310 2503 monaehi
332 2437 391 2499 pre
414 2437 453 2482 eo
475 2430 654 2500 pugnantes
670 2419 872 2482 condemnati
890 2426 985 2482 sunt:
1009 2426 1046 2481 ut
1066 2418 1273 2493 decernatur,

154 2539 301 2603 quornm
318 2520 390 2584 ideo
406 2522 491 2583 iuter
510 2540 545 2586 se
567 2521 788 2587 dissidentium
811 2528 953 2601 praestet
973 2522 1152 2587 aucteritas
1172 2521 1273 2583 histo·

156 2622 317 2688 fluorum

240 2723 289 2789 Ae
311 2729 440 2791 interim
462 2726 547 2804 dieo,
565 2726 671 2790 minus
692 2724 883 2813 Hieronymi
907 2726 999 2791 dietis
1019 2725 1170 2790 standum
1191 2741 1273 2800 esse,

155 2825 214 2906 qul
236 2843 255 2888 u
278 2825 409 2910 Synodo
430 2829 543 2892 aberat
566 2846 604 2893 ae
627 2831 851 2892 tantummodo
866 2829 906 2892 de
928 2847 964 2890 ea
986 2845 1003 2889 a
1027 2826 1151 2911 perfido
1171 2822 1276 2888 Tbeo·

157 2926 253 3007 philo
274 2931 397 2991 certior
420 2928 525 2993 laetus
548 2937 620 3006 est,
647 2949 744 3010 quam
768 2930 934 3011 praelatis,
957 2936 988 2992 et
1010 2929 1116 2991 multo
1144 2927 1275 3008 quidem
1386 2987 1390 2992 .

153 3025 235 3108 jure
256 3044 282 3088 s.
305 3024 416 3090 Severi
433 3031 582 3093 monaehi
598 3050 638 3093 ex
655 3030 864 3093 Postumiana
881 3028 1070 3092 narrationi.
1083 3025 1175 3090 Tune
1190 3027 1273 3088 enim

156 3127 187 3188 is
203 3124 424 3191 Alexandriae
446 3129 594 3211 degebat,
612 3131 698 3195 domi
715 3129 885 3211 Theophili
909 3135 1054 3191 moratus
1076 3136 1109 3190 et
1129 3128 1274 3190 emnium

156 3234 337 3306 spectator,
354 3245 439 3308 qnae
461 3230 579 3292 ibidem
602 3239 728 3309 patrata
750 3237 836 3294 sunt.
861 3229 902 3292 Et
921 3248 946 3292 s.
965 3227 1184 3310 Hieronymus
1205 3226 1276 3288 len-

148 3345 211 3408 -ge,
229 3331 376 3407 quae-de
397 3331 457 3394 hee
472 3333 663 3413 quaestione
684 3334 713 3396 ei
736 3351 795 3414 per
814 3333 966 3412 epistolas
982 3330 1121 3396 indicata
1136 3347 1154 3390 a
1170 3325 1276 3390 Theo·

155 3427 263 3510 philo,
287 3428 373 3492 haud
396 3432 535 3493 sentiens
555 3432 648 3495 istius
670 3434 929 3513 perversitatem,
945 3431 1099 3494 lubenter
1113 3429 1274 3509 arripiens

148 3528 262 3592 -latine
286 3530 454 3610 vertebat;
476 3536 508 3594 et
529 3532 568 3593 ad
592 3533 713 3596 amieos
734 3551 811 3597 snos
826 3532 964 3596 Romam
982 3535 1110 3597 mittens
1125 3528 1275 3610 rogabat,

148 3636 221 3705 ut,
250 3648 335 3710 quae
361 3631 519 3696 didicerat
545 3652 603 3715 per
632 3635 758 3698 litteras
780 3653 797 3697 a
819 3633 1001 3714 Theophile
1029 3653 1104 3697 eum
1132 3633 1173 3695 de
1203 3632 1278 3693 hae·

156 3731 224 3794 resi
248 3730 411 3813 Origenis,
427 3742 495 3797 tum
518 3734 557 3796 de
580 3736 745 3798 monacbis
766 3736 856 3799 illius
877 3738 1002 3799 haeresi
1022 3735 1214 3811 larentinae
1237 3732 1276 3794 de

144 3832 280 3897 ‘horum
303 3836 508 3899 damnatione
529 3839 561 3899 in
583 3835 713 3922 Synodo
735 3845 862 3911 exacta,
880 3845 1132 3917 acceptarenlur
1153 3844 1185 3898 et
1207 3843 1275 3897 tnu-

155 3952 258 4016 qnam
283 3954 359 3998 sera
382 3938 609 4014 crederentur,
632 3940 704 4002 ideo
726 3939 905 4020 gloriatus,
928 3939 1015 4019 quod
1037 3956 1097 4017 per
1117 3956 1151 4000 se
1172 3940 1276 4000 omnis

158 4036 252 4099 orbis
272 4035 446 4116 Origenem
476 4047 508 4102 et
538 4041 713 4103 monachos
745 4041 934 4120 origenistas
965 4039 1193 4101 detestaretur.
1217 4034 1278 4099 Ve-

158 4145 346 4202 rumtamen
368 4140 527 4204 adsersus
560 4141 642 4204 hane
673 4139 865 4223 Hieronymi
896 4141 1106 4216 illusionem,
1129 4159 1195 4219 qua
1218 4158 1276 4219 per

154 4237 383 4319 ¹Theophilum
404 4241 624 4322 deprehensus
646 4249 714 4321 est,
746 4251 810 4308 stat
838 4244 981 4308 alterum
1002 4261 1027 4307 s.
1050 4240 1162 4306 Severi
1185 4240 1293 4321 testi-<
