2886 4784
243 314 285 384 38

317 419 352 481 ln
375 419 500 485 Libello
514 416 632 505 Synodi
649 416 1012 502 constantinopolitanae
1028 424 1088 485 sub
1105 415 1220 487 Munna
1246 435 1359 488 contra

237 522 432 599 acephalos,
458 541 475 585 a
499 541 562 602 qna
588 534 725 603 rogatur
747 526 911 604 Agapotus
934 533 970 587 ut
991 538 1143 587 amoveat
1168 527 1360 590 riothimum

237 628 279 689 ab
307 645 344 689 ea
378 629 452 689 sede
482 630 602 707 quippe
631 631 817 704 intrusum,
842 630 987 708 tegitur:
1021 629 1362 712 «cognoscentesque

241 738 274 793 ct
295 728 364 793 Deo
384 731 582 794 custoditum
607 729 838 809 imperatorem
871 740 1017 794 nostrum
1055 741 1206 813 tauquam
1243 733 1362 796 Christi

244 831 452 911 discipulum,
476 831 689 911 approbatam
712 835 850 894 animam
873 833 1017 908 bebere,
1040 842 1071 894 et
1093 834 1284 913 participem
1307 851 1362 912 ¹vo

138 1009 141 1015 ¹
244 933 291 996 bis
313 934 410 1014 hujus
432 934 505 996 boni
528 935 634 1012 operis
657 931 775 1010 luisse3
798 933 853 1010 qui
875 950 893 992 a
918 932 1101 1010 primordiis
1123 935 1211 1012 regni
1234 938 1285 997 sui
1310 955 1361 998 us

243 1053 308 1114 qne
329 1052 415 1097 nunc
438 1035 564 1098 studuit
586 1033 751 1097 custodire
777 1050 872 1094 omne
903 1050 1022 1112 corpus
1055 1030 1221 1095 Ecclesiae
1250 1053 1362 1098 sanum

243 1144 275 1199 et
297 1136 438 1214 perfecie
459 1137 634 1215 integrum,
657 1145 689 1197 et
710 1135 750 1195 ab
771 1135 857 1196 omni
880 1134 994 1195 morbo
1016 1135 1180 1196 haeretico
1202 1136 1358 1215 liberum3

243 1248 275 1300 ct
296 1216 431 1315 propter
453 1239 514 1300 boc
534 1239 646 1300 statuit
668 1246 813 1316 quatuor
832 1245 957 1299 sanctas
979 1238 1116 1316 synodos
1137 1240 1168 1299 in
1190 1238 1308 1300 divinis
1332 1248 1362 1311 et

244 1341 343 1402 sacris
366 1339 610 1414 initiationibus,
633 1339 764 1418 qnando
785 1337 879 1415 liunt,
897 1355 1009 1417 magna
1028 1355 1137 1400 rocea
1156 1341 1258 1403 sacris
1274 1357 1364 1420 prae·

245 1441 445 1503 dicatoribus
467 1440 669 1520 praedicari:
703 1458 786 1518 quoe
817 1439 992 1501 fortificant
1022 1439 1120 1502 corda
1155 1439 1301 1502 fidelium
1333 1450 1363 1504 et

246 1543 486 1605 baereticorum
509 1550 728 1622 compungunt
742 1561 754 1620 3
777 1559 907 1621 sperans
924 1544 990 1620 ipse
1005 1560 1046 1604 ex
1062 1542 1230 1604 clementia
1247 1561 1361 1604 secuu-

245 1644 322 1706 dum
347 1652 497 1706 naturam
519 1662 625 1717 suam,
647 1650 680 1705 et
701 1652 828 1721 putans,
852 1641 939 1721 quod
961 1643 1045 1705 sicut
1067 1660 1133 1717 eos,
1148 1643 1204 1721 qui
1228 1662 1269 1706 ex
1291 1645 1365 1706 sim·

245 1743 389 1822 plicitate
411 1763 524 1807 errore
545 1744 695 1807 subducti
717 1750 813 1815 snut,
837 1743 928 1806 decet
945 1744 982 1803 -io
1010 1751 1155 1822 tempore
1186 1745 1358 1806 converti:

246 1845 289 1906 ita
312 1854 344 1908 et
365 1845 463 1926 hujus
487 1848 670 1908 inventores
692 1846 791 1905 immo
812 1843 932 1905 diaboii
954 1844 1129 1923 discipulos
1145 1852 1177 1905 et
1192 1861 1362 1923 nunquam

248 1946 417 2009 veritatem
438 1955 658 2024 agnoscentes,
682 1942 930 2024 (expulsionem)
954 1943 1194 2007 baereticorum
1212 1961 1230 2006 a
1247 1944 1364 2023 princi·

245 2045 299 2125 pio
321 2049 490 2125 praeviare
514 2064 675 2125 rogamus.
698 2065 714 2104 »

326 2144 447 2208 Deinde
470 2145 635 2225 Agapetus
656 2146 798 2208 scribens
820 2145 859 2207 ad
884 2145 1016 2209 Petrum
1039 2146 1229 2225 episcopum
1246 2141 1363 2208 Hiero·

245 2245 391 2328 solymae
412 2247 579 2326 praeclare
602 2254 704 2321 notat,
728 2265 812 2327 quac
833 2249 897 2325 egit
920 2255 956 2310 ut
978 2248 1118 2324 primum
1137 2248 1302 2326 ingressus
1318 2254 1390 2309 est·

245 2342 365 2409 Urbem
388 2351 531 2426 regiam,
554 2365 706 2409 amovens
728 2343 842 2409 a'sede
868 2347 1212 2427 constantinopolitane
1252 2349 1364 2410 dntbi·

250 2465 351 2524 mnm,
374 2448 602 2529 adjuvantibus
619 2444 809 2526 fidelissimis
834 2446 1073 2527 imperatoribus
1077 2465 1093 2519 ,·
1115 2466 1153 2509 ac
1174 2449 1367 2511 eorumdem

247 2548 402 2628 suffragio
424 2549 500 2612 dicit
521 2569 554 2610 se
575 2549 663 2612 illius
685 2549 767 2612 sedis
790 2548 1219 2630 emendaturuminjoriam‚
1239 2551 1404 2611 intruso..

248 2650 403 2712 Anthimo
434 2650 629 2712 substituens
662 2649 822 2711 Mensam.
859 2648 896 2711 Et
931 2650 1009 2712 baec
1039 2654 1143 2714 omnia
1174 2652 1364 2714 luculenter

248 2753 382 2831 exponit
404 2750 605 2815 Justiniauus
638 2752 668 2812 in
701 2751 839 2816 Novella
871 2749 923 2820 42.
950 2752 1003 2815 ubi
1026 2754 1091 2814 ait:
1117 2773 1133 2811 tr
1155 2753 1195 2814 ab
1219 2751 1365 2832 agapeto

248 2851 437 2915 Anthimum
460 2853 599 2934 eiectum
621 2873 689 2916 esse
711 2873 728 2916 a
750 2855 824 2916 sede
848 2850 942 2915 Urbis
966 2857 1090 2932 regiae,
1114 2873 1153 2916 eo
1175 2855 1263 2932 quod
1295 2854 1366 2915 nni·

130 2990 132 2994 >
249 2952 283 3015 lo
305 2955 401 3016 modo
422 2954 480 3018 sibi
502 2956 560 3032 ipsi
583 2956 784 3017 convenienti
804 2956 937 3033 <contra
954 2974 1063 3017 omnes
1078 2973 1187 3017 sacros
1203 2956 1362 3031 canones)

250 3071 284 3116 se
305 3055 472 3117 intruserit
492 3056 581 3134 sedi3
605 3056 658 3117 sed
682 3063 713 3118 et
735 3059 898 3118 communi
922 3056 1075 3118 sententia
1106 3057 1203 3135 ipsius
1237 3066 1367 3120 sauctae

251 3156 428 3218 memoriae
452 3159 511 3219 viri
534 3159 688 3238 primum,
711 3166 810 3238 atque
832 3160 929 3220 etiam
951 3177 1062 3220 sacrae
1078 3157 1196 3241 Synodi
1215 3159 1270 3221 hic
1284 3158 1368 3220 celc-

252 3255 362 3318 bratae
383 3258 614 3320 condemnatus
634 3267 667 3321 ct
689 3260 853 3337 depositus
876 3260 950 3334 luit,
973 3279 1011 3322 eo
1032 3261 1119 3339 quod
1136 3278 1152 3320 a
1172 3261 1270 3322 rectis
1292 3259 1368 3339 dog·

252 3359 390 3422 matibns
413 3361 555 3423 recessit.
573 3359 614 3422 Et
636 3379 719 3438 quae
742 3363 831 3440 prius
847 3363 1012 3424 multoties
1028 3362 1161 3441 diligere
1180 3361 1366 3434 videbatur,

253 3459 334 3522 baec
355 3461 485 3523 demum
507 3461 642 3523 diversis
666 3462 859 3538 (fraudibus)
882 3464 1128 3525 lustrationibus
1151 3463 1247 3541 fugit,
1270 3464 1368 3524 simu·

160 3585 163 3590 ·
253 3560 322 3621 lans
342 3563 434 3639 sequi
464 3570 588 3622 sanctas
621 3570 765 3642 quatuor
797 3564 935 3646 synodos
959 3605 966 3621 .
991 3609 998 3624 .
1024 3608 1030 3622 .
1055 3607 1062 3622 .
1088 3563 1127 3623 At
1150 3563 1283 3641 quidem
1306 3581 1367 3624 uon

253 3663 388 3724 istarum
414 3663 583 3742 dogmata,
618 3682 675 3726 nec
707 3672 848 3725 nostram
877 3665 1079 3725 clementiam
1113 3671 1145 3725 et
1175 3663 1368 3724 condescen-

253 3784 347 3840 sum,
370 3783 468 3844 qncm
490 3774 624 3842 propter
645 3767 744 3842 ipsius
776 3765 913 3825 salutem
947 3765 1166 3834 habebamus,
1200 3764 1368 3841 suscipere

256 3866 358 3929 veluit
371 3887 381 3943 ;
404 3884 508 3945 neque
530 3867 596 3945 ipse
618 3865 768 3927 abdicare
791 3867 963 3943 impiorum
988 3866 1175 3944 dogmatum
1197 3872 1367 3932 auctores,

254 3968 309 4044 qui
331 3967 420 4044 prius
441 3985 458 4028 a
480 3968 596 4028 sanctis
616 3966 745 4047 synodis
768 3964 897 4026 lucrant
924 3964 1063 4043 expulsi.
1087 3966 1147 4027 Sed
1180 3965 1307 4042 putavit
1336 3981 1370 4023 o·

255 4076 386 4145 portere
420 4066 597 4129 secundum
632 4070 735 4145 ipsum
771 4074 803 4127 et
839 4068 869 4127 in
901 4067 1029 4144 aequali
1065 4068 1188 4128 ducere
1224 4076 1257 4126 et
1292 4082 1368 4125 cott-

256 4167 420 4228 demnatos
441 4177 473 4227 ot
494 4167 768 4228 condemnatores.
793 4163 875 4227 Nam
899 4167 997 4227 semol
1025 4167 1149 4230 alienus
1181 4167 1221 4226 ab
1256 4163 1368 4226 Eccle-
