2886 4784
153 443 263 523 dique
285 441 469 506 occasiones
489 450 689 521 carpentem,
705 450 742 507 ut
756 440 902 524 ejusdem
921 449 1044 506 statuta
1066 443 1159 523 quasi
1180 461 1282 524 prave

160 550 376 618 contemnat,
408 543 494 606 haud
518 545 636 606 mirum
658 552 707 607 est
727 545 752 606 si
774 562 890 607 eorum
925 552 1124 608 statutorum
1154 563 1284 609 sensnm

160 643 376 726 perrerlerit,
399 645 495 705 aliter
516 645 761 723 interpretatus,
787 643 837 705 vel
860 644 921 707 alia
945 662 986 707 ex
1001 663 1063 706 suo
1079 644 1189 707 studio
1204 644 1286 725 adji-

164 748 254 810 ciens
276 756 407 827 praeter
437 746 556 808 realem
589 745 753 808 Ecclesiae
783 745 991 807 institutionis
1021 765 1166 822 scopum.
1196 743 1286 821 Qua·

166 849 313 912 mobrem
337 857 372 910 ut
386 847 492 928 hujus
508 848 740 910 criminationis
757 847 913 911 terminus
933 847 1058 921 planius
1074 849 1287 925 comprehen-

165 950 279 1022 detur,
302 948 493 1011 coniuratus·
512 968 538 1010 s.
565 946 764 1028 Epiphanius
787 949 817 1008 in
840 945 1007 1009 linerenim
1029 945 1079 1012 bi.
1103 948 1165 1011 sub
1190 949 1289 1012 titulo

166 1048 437 1131 Apostolicorum,
451 1067 533 1128 quos
554 1056 719 1112 consocies
740 1049 817 1110 lacit
838 1047 980 1111 cctbnrie
1001 1048 1068 1110 sive
1089 1050 1286 1117 novatianis:

167 1153 229 1213 uisi
249 1152 337 1230 quod
361 1150 413 1213 isti
433 1150 590 1213 secundas
606 1150 780 1229 reprobent
796 1151 935 1229 nuptias,
948 1152 1006 1234 plii
1026 1133 1289 1212 omnimode'ab·

165 1252 328 1315 horreant
351 1251 551 1331 conjugium.

234 1354 299 1417 'hc
320 1354 452 1414 interim
473 1371 500 1414 s.
524 1350 648 1415 Docto:
673 1353 703 1414 in
725 1352 773 1414 bis
797 1352 975 1415 reiciendis
997 1369 1027 1415 n.
1048 1351 1077 1418 3.
1101 1354 1205 1434 inquit
1227 1351 1287 1417 Ec·

166 1453 300 1517 ciceiam
324 1451 382 1517 Dei
405 1456 556 1517 honestes
577 1454 748 1515 admittere
771 1455 899 1532 nuptias
921 1471 959 1517 ac
982 1456 1189 1516 veneratione
1211 1472 1289 1530 pro·

165 1557 283 1635 sequi:
307 1556 452 1618 meae
473 1553 556 1617 enirn
576 1564 654 1618 sunt
673 1553 805 1634 nuptie:
818 1564 846 1616 et
861 1565 950 1619 lorus
970 1554 1210 1620 immaculatus.
1228 1553 1291 1619 lle·

166 1655 400 1721 imolano.
426 1655 573 1736 Apostoli
595 1667 733 1717 :nentem
756 1675 796 1718 ex
821 1653 964 1735 Epistola
990 1655 1013 1719 Ι.
1035 1658 1075 1718 ad
1103 1656 1289 1722 Corinthios

167 1767 235 1820 tam
256 1757 297 1820 de
320 1757 501 1836 virginitate
521 1775 620 1837 quam
643 1757 682 1818 de
703 1756 855 1838 cunjugio
876 1757 1054 1834 explicans,
1082 1758 1282 1835 potissimum

167 1859 271 1940 hujus
292 1858 375 1922 dicta
398 1878 426 1922 c.
451 1856 521 1921 Vll.
544 1857 595 1923 36.
618 1861 773 1938 exponit:
799 1855 907 1940 Siquis
928 1868 1033 1940 cutem
1047 1868 1169 1939 turpem
1190 1878 1221 1923 se
1241 1860 1289 1922 oi·
1393 1926 1398 1939 ,

166 1957 238 2022 deri
256 1956 417 2024 existimet
436 1978 533 2039 super
553 1958 680 2039 cirpine
699 1979 772 2035 suc,
793 1961 878 2042 pund
898 1958 940 2024 sii
960 1960 1169 2040 superadulta
1190 1970 1218 2024 ei
1242 1959 1291 2023 ito

165 2070 289 2141 oportet
306 2060 399 2141 ficri:
422 2061 593 2142 quodvult
613 2060 736 2142 scelat:
758 2080 823 2124 con
840 2070 949 2141 peccat
969 2059 998 2123 ei
1017 2061 1129 2124 nubet.
1159 2061 1193 2124 ln
1216 2064 1288 2140 qui·

168 2163 232 2228 bns
256 2163 361 2227 verbis
382 2171 416 2224 et
436 2166 467 2225 in
488 2164 695 2243 sequentibus
717 2164 946 2239 conciuditur,
974 2163 1061 2244 quod
1096 2162 1287 2247 Anonymus
1407 2190 1410 2196 ¹

168 2265 308 2331 Callisto
328 2265 508 2343 exprobrat
536 2265 575 2326 de
604 2265 728 2327 lenriuis
750 2266 912 2344 innuptis;
942 2285 1029 2345 quae
1050 2275 1189 2328 aetatem
1212 2283 1288 2327 con·

167 2466 210 2528 lis
232 2460 478 2530 excitabantur:
502 2489 520 2525 s
542 2463 632 2530 Unde
653 2475 686 2529 et
708 2467 904 2544 Apostolus,
927 2467 1040 2528 scribit
1064 2464 1285 2545 Epiphanius,

170 2582 249 2630 cnm
272 2587 311 2630 ex
335 2578 488 2630 accurata
511 2568 566 2629 illa
592 2571 716 2631 ratione
745 2568 930 2631 detrimenti
961 2569 1139 2647 plurimum
1172 2566 1283 2629 afferri

169 2670 310 2743 rideret,
332 2670 370 2732 iis
389 2671 481 2733 dictis
504 2671 657 2732 indulsit:
680 2671 766 2748 quod
785 2667 888 2748 siquis
912 2668 1069 2752 cirpinem
1089 2688 1180 2732 suem
1197 2666 1285 2744 cclii,

169 2789 237 2834 nou
257 2765 340 2834 dixit
361 2769 580 2852 cirpieitatcm
600 2789 703 2834 suum.
726 2769 841 2852 Neque
863 2774 946 2836 euim
969 2772 1008 2833 de
1024 2773 1158 2852 proprio
1172 2788 1289 2852 corpo·

169 2889 222 2946 re,
243 2868 298 2934 sad
320 2871 359 2934 de
382 2882 473 2951 petre
497 2873 686 2951 virginitatis
708 2874 842 2935 custode
862 2873 1073 2953 loquebatur.
1089 2872 1150 2936 Sed
1172 2873 1198 2934 si
1219 2870 1286 2934 oir-

167 2970 275 3054 pisscm
293 2992 385 3039 suum
407 2976 575 3054 proprium
598 2992 717 3053 eorpus
739 2975 906 3053 appellare
927 2975 1119 3046 dixerimus,
1136 2973 1215 3035 nihil
1231 2973 1286 3038 ed-

172 3076 306 3137 modum
329 3075 418 3136 nobis
439 3075 569 3136 obstare
591 3074 838 3152 potest-Pergit
859 3063 979 3151 porro:
1008 3080 1071 3135 stet
1093 3070 1226 3153 firmiter
1253 3072 1288 3135 in

172 3171 283 3238 auimo
300 3192 381 3246 ruo,
402 3183 432 3237 ci
451 3174 508 3235 too
529 3173 610 3235 dedet
630 3177 735 3254 secere
745 3193 761 3246 ,·
784 3173 884 3234 nubet
896 3217 908 3248 ,
931 3162 1056 3252 inquit,
1078 3190 1145 3236 nne
1168 3182 1286 3252 peccm.

169 3273 283 3340 Nubat
305 3277 347 3350 ei,
368 3293 609 3355 quemcumque
631 3286 722 3337 nacta
747 3276 866 3337 luerit:
890 3292 952 3337 nou
976 3285 1098 3351 peccat.
1119 3270 1227 3353 Atque
1241 3274 1288 3336 id·

169 3378 276 3441 circo:
299 3375 454 3457 allipctus
470 3395 499 3438 cs
516 3375 631 3449 uxori,
653 3375 722 3438 noli
736 3395 882 3456 quaerere
896 3375 1100 3438 solutionem:
1117 3375 1243 3439 solutus
1257 3395 1289 3438 ss

168 3477 210 3539 ab
231 3475 357 3542 uxore?
376 3477 445 3540 noli
466 3496 614 3556 quaerere
634 3496 776 3540 uxorem.
803 3479 911 3556 Atque
934 3478 1004 3549 ille,
1018 3480 1074 3557 qui
1090 3478 1190 3539 dixit:
1216 3474 1288 3538 l'olo

168 3597 277 3642 conces
297 3597 359 3642 esse
377 3579 460 3642 sicet
480 3579 653 3660 meipsum,
677 3581 756 3641 illud
775 3598 837 3641 uua
854 3579 954 3642 dixit:
978 3575 1009 3641 si
1030 3597 1094 3642 eon
1108 3577 1285 3655 conticeret,

168 3679 303 3743 nubant.
328 3699 345 3736 n
371 3683 415 3742 Ac
445 3683 544 3759 paulo
574 3691 644 3758 pust
666 3683 705 3742 de
727 3682 839 3742 eudem
863 3698 898 3742 re
919 3682 1025 3743 subdit
1058 3699 1089 3740 n.
1113 3679 1154 3742 7:
1183 3701 1199 3739 u
1228 3679 1288 3743 Er·

169 3783 212 3861 go
235 3782 290 3842 ille
316 3783 461 3859 dpostoli
485 3784 581 3844 verbe
604 3783 643 3844 de
667 3783 769 3845 viduis
791 3781 1100 3844 adolescentioribus
1135 3800 1176 3843 ex
1212 3769 1291 3858 Epi?

166 3881 253 3944 stola
279 3878 303 3942 l.
325 3883 364 3942 ad
386 3879 591 3945 Timotheum
613 3902 642 3945 c.
666 3880 703 3942 V.
727 3881 867 3954 nubant,
888 3882 973 3963 filios
989 3887 1171 3961 procreent,
1192 3877 1287 3958 sami-

166 3981 234 4046 ls‘us
254 4001 367 4046 curam
387 3983 534 4057 babeant,
559 3985 664 4047 brevis
686 3992 736 4051 est¹
754 4003 792 4047 ac
814 3985 938 4047 medius
960 3983 1116 4046 adsersus
1133 3981 1287 4043 illusser-

167 4102 237 4158 mo,
261 4086 317 4164 qui
339 4082 380 4147 de
401 4086 487 4147 omui
509 4085 746 4148 ecclesiasticae
769 4087 935 4148 doctrinae
967 4102 1084 4163 genere
1116 4100 1285 4162 perperam

160 4186 253 4267 apud
277 4205 311 4249 se
331 4186 482 4266 cogitant.
506 4184 599 4263 Quae
620 4187 751 4266 quidem
774 4187 918 4252 doctrina
942 4205 997 4248 eos
1019 4203 1128 4248 omncs
1145 4188 1284 4264 respuit,
