2886 4784
161 339 242 394 rora
275 324 307 392 io
338 323 462 401 coelis,
493 330 621 404 sumpta
658 320 852 398 occasione,
885 338 926 385 ex
958 320 1144 388 civitatibus
1170 325 1288 406 relugii

162 432 196 493 in
222 429 330 494 medlo
351 428 440 491 iilius
462 427 600 508 regionis
621 425 706 500 sitis,
729 442 796 504 quo
818 442 852 486 se
875 422 1096 503 recipiebant,
1119 427 1176 505 qui
1197 429 1290 507 igno.-

164 543 282 595 ranter
302 531 510 595 homicidium
533 529 776 600 commisissent,
800 528 842 587 ita
869 531 902 588 et
924 527 954 588 in
976 526 1075 590 coelis
1097 528 1208 590 haberi
1231 529 1288 592 do·

162 633 240 696 cui:
266 630 385 696 «Sunt
406 633 490 693 euim
516 627 680 710 (Humilia
708 625 859 690 xxviii.
886 625 924 687 in
949 623 1123 702 Numeres)
1150 627 1287 692 fortasse

162 735 277 814 aliqua
295 740 438 813 peecata,
455 749 539 812 quae
560 732 586 794 si
609 731 774 810 proposito
794 745 832 793 ac
849 729 1017 792 voluntate
1036 731 1281 808 committimus,

162 835 341 899 homicidas
360 853 417 897 uos
436 834 574 897 iaciuntc
598 841 630 895 et
650 839 724 895 sunt
740 831 816 906 alia,
833 849 918 910 quae
937 831 963 893 si
985 831 1172 911 ignoranter
1193 851 1281 896 eom·

164 936 342 1009 mittimus,
365 935 552 997 decernitur
573 931 674 1007 nobis,
698 932 808 1007 erede,
832 939 862 994 et
885 940 1163 1012 praeparatores
1187 952 1283 1013 prae·

166 1046 264 1118 cepto
288 1034 344 1101 ilci
366 1037 484 1117 aliquis
504 1036 614 1115 loeus3
638 1034 691 1098 ubi
713 1035 751 1096 ad
775 1043 900 1097 eertum
918 1044 1043 1114 tempus
1062 1035 1209 1100 habitare
1227 1036 1282 1100 de·

162 1138 320 1214 beamus,
342 1139 426 1219 siqui
448 1156 510 1202 uon
537 1137 719 1200 voluntaria
748 1146 877 1216 peecata
903 1139 1143 1200 commisimuss
1175 1138 1201 1200 si
1232 1146 1279 1201 ta·

164 1259 238 1303 mon
261 1241 372 1305 muudi
393 1241 617 1315 inveniamur,
640 1246 671 1302 et
693 1239 789 1301 alieni
811 1239 851 1299 ab
873 1238 910 1301 iis
932 1239 1093 1318 peccatis,
1117 1256 1201 1317 qnae
1224 1258 1281 1303 vo·

161 1339 290 1404 luntate
322 1341 490 1404 commissa
518 1348 603 1403 sunt.
639 1338 678 1403 [lt
710 1340 752 1402 ob
783 1341 844 1403 hee
872 1349 1088 1403 secernuntur
1118 1340 1278 1421 quaedam

163 1441 313 1505 civitates
334 1440 373 1503 ad
398 1442 572 1521 refugium.
599 1461 615 1498 a

248 1540 314 1605 iios
336 1545 366 1605 in
388 1541 533 1607 Concilio
559 1545 599 1606 de
627 1543 731 1606 libero
757 1544 893 1607 hominis
920 1546 1080 1621 arbitrio,
1104 1544 1280 1627 divinoque

162 1643 291 1706 auxilio
313 1643 350 1705 ad
373 1643 453 1706 bene
475 1645 675 1723 operandum
698 1646 891 1720 necessario,
913 1645 1122 1708 decrevistis:
1140 1645 1280 1727 «Siquis

164 1746 286 1809 dixerit
308 1745 374 1808 sine
396 1748 622 1824 praeveniente
644 1744 782 1826 Spiritus
804 1745 910 1810 Sancti
933 1748 1152 1828 inspiratione,
1180 1756 1279 1828 atque

162 1847 235 1927 ejus
264 1847 450 1929 adjutorio,
481 1848 642 1910 hominem
672 1848 826 1923 credere,
853 1867 1008 1928 sperare,
1036 1849 1193 1928 diligere,
1220 1857 1278 1911 aut

162 1950 329 2028 poenitere
359 1968 473 2030 pesse,
503 1951 587 2011 sicut
614 1958 765 2028 oportet,
798 1958 832 2013 ut
858 1952 885 2012 ei
910 1951 1149 2031 justificationis
1175 1951 1277 2030 gratia

160 2049 375 2129 coniuratum
398 2051 566 2112 anathema
589 2052 640 2112 sit.
668 2070 683 2107 v
711 2050 912 2130 ligoautem
941 2053 1023 2114 hano
1049 2051 1193 2115 eamdem
1222 2051 1278 2114 do·

163 2154 301 2215 ctrinam
324 2152 363 2213 ab
386 2153 538 2231 apostolis
560 2153 731 2231 accipiens,
748 2153 860 2215 admisi
876 2171 913 2216 ac
929 2155 1148 2235 propugnavit
1166 2170 1280 2233 qnam·

164 2254 213 2314 vis
235 2252 384 2316 maledici
407 2254 483 2315 mihi
506 2253 544 2315 de
567 2255 628 2317 hoc
650 2254 945 2329 calumniarentur,
968 2263 1000 2318 et
1019 2255 1169 2334 ,quamvis
1191 2252 1279 2318 illusi

162 2363 196 2417 et
218 2354 358 2433 imperiii
379 2354 486 2417 adhuc
508 2363 640 2434 pergant
663 2356 693 2416 in
716 2356 776 2418 hae
799 2356 1038 2437 redargutione.

245 2451 309 2518 Vos
331 2456 363 2517 iu
383 2451 513 2541 Synodo
533 2455 711 2531 statuistis,
736 2455 856 2519 bonnm
879 2466 910 2518 et
933 2457 1012 2520 utile
1033 2475 1102 2520 esse
1123 2457 1279 2537 supplici·

164 2564 216 2620 ter
236 2563 375 2632 sanctos,
400 2574 461 2618 una
484 2575 559 2620 curn
582 2555 711 2620 Christo
737 2566 918 2637 regnantes,
942 2561 1106 2621 invocare.
1129 2556 1198 2639 Ego
1221 2576 1278 2621 aa·

165 2667 230 2719 tem
253 2657 293 2719 als
316 2655 479 2720 Ecclesiae
502 2658 673 2720 traditione
695 2658 840 2734 discens,
866 2668 932 2721 tum
955 2660 1085 2740 angelos
1107 2678 1180 2723 sum
1203 2660 1278 2723 bea·

165 2771 215 2824 tes
237 2758 369 2822 illorum
391 2760 547 2839 spiritus,
570 2761 625 2839 qui
648 2759 688 2820 ab
711 2761 770 2820 hac
794 2761 859 2822 vita
887 2779 1079 2837 excessere,
1103 2760 1198 2825 docui
1224 2780 1278 2826 ces

163 2862 360 2924 invocandos
382 2863 503 2924 esseio
525 2860 638 2923 salutis
661 2870 789 2923 nostrae
808 2861 974 2941 insamae.

244 2959 310 3023 Vos
331 2961 362 3022 in
383 2960 512 3046 Synodo
534 2963 656 3039 paritor
677 2961 835 3024 adversus
863 2972 1037 3026 novatores
1063 2964 1276 3041 decrevistis,

161 3071 198 3128 ut
220 3063 362 3143 episcopi
384 3063 551 3138 docerent,
570 3080 628 3142 per
650 3063 799 3127 historias
822 3066 1052 3146 mysteriorum
1068 3075 1196 3128 nostrae
1216 3065 1278 3130 ile·

161 3166 376 3246 demptionis,
400 3166 536 3246 picturis
552 3165 603 3228 vel
619 3165 690 3228 aliis
710 3166 976 3233 similitudinibus
997 3186 1178 3248 expressas,
1201 3187 1278 3233 eru·

163 3267 226 3331 diri
249 3277 281 3330 et
302 3267 488 3332 confirmari
509 3269 666 3349 populum
690 3269 721 3330 ia
743 3271 890 3333 articulis
918 3269 990 3332 fldei
1022 3288 1278 3333 commemoran-

162 3369 212 3432 dis
235 3379 266 3431 et
289 3370 417 3432 assidue
449 3370 638 3432 recolendis.
662 3368 702 3432 Et
735 3371 815 3434 lianc
846 3390 979 3451 quoque
1010 3373 1276 3435 consuetudinem

159 3471 228 3551 jam
255 3480 418 3532 servatam
441 3469 557 3544 didici,
588 3489 662 3532 eum
686 3471 716 3532 in
739 3472 940 3551 expositione
962 3491 990 3536 c.
1016 3471 1070 3536 iX.
1094 3472 1276 3536 Ezechielis

160 3592 202 3634 ex
228 3573 334 3634 verbis
357 3569 451 3652 signo
470 3568 559 3633 Ttau
573 3568 787 3652 irs-frontibus
809 3575 1017 3654 simonidem
1039 3574 1146 3656 ajebat
1169 3585 1278 3638 vetera

159 3672 320 3737 elementa
342 3673 388 3735 sie
408 3672 552 3734 litteram
577 3670 666 3735 Titne
687 3674 855 3750 exhibere,
873 3684 909 3738 ut
930 3675 1067 3755 liguram
1091 3675 1204 3740 Crucis
1227 3693 1277 3738 rc·

161 3774 259 3847 ierat,
282 3784 314 3836 ct
336 3792 404 3836 esse
427 3774 613 3838 vaticinium
637 3775 725 3839 illius
745 3777 839 3854 signi,
862 3777 950 3857 quod
973 3777 1059 3857 apud
1086 3778 1278 3841 christianos

160 3878 192 3938 in
217 3876 323 3939 irente
345 3875 518 3956 affingitur.
543 3874 707 3957 Quodque
740 3877 850 3940 fideles
871 3898 981 3942 omnes
1015 3880 1160 3964 iaciunt,
1184 3880 1277 3958 quid·

158 3976 238 4059 quid
261 3977 367 4057 operis
390 3979 644 4057 aggrediantur,
667 3998 705 4045 ae
727 3980 868 4045 maxime
890 3982 942 4045 vel
965 3999 1123 4063 precum,
1150 3982 1200 4049 vel
1226 4001 1276 4046 sa·

161 4098 296 4143 erorum
317 4076 495 4142 lectionum
518 4078 620 4143 initio.
644 4100 661 4137 a
