2886 4784
156 462 250 521 locus
273 467 320 518 est
343 453 596 517 reconciliationi
621 456 704 515 inter
735 453 843 527 duos,
877 453 931 516 ubi
963 471 1025 516 nou
1058 458 1107 516 est
1139 453 1270 535 iniuria.

158 559 250 633 ldeo‚
266 561 291 619 si
310 557 431 619 Paulus
454 556 607 618 hortatur
628 571 765 617 uxorem
789 554 827 617 de
851 557 1112 618 reconciliatione
1134 572 1208 618 cum
1226 558 1271 617 ri·
1318 637 1320 640 Α

157 680 197 724 ro
217 679 291 734 suo,
308 670 345 722 ut
367 660 490 740 pariter
510 657 624 718 deindo
638 657 840 730 conveniant,
861 667 986 720 reatum
1008 658 1041 719 in
1061 658 1127 738 ipsa
1149 659 1269 736 arguit,

161 764 257 844 cujus
279 780 376 827 causa
401 763 451 822 vir
471 776 542 822 eam
564 759 707 822 dimisitr
729 777 827 838 quam
841 758 930 840 jure
956 768 1036 837 puto
1068 760 1268 838 potissimum

157 866 199 928 ad
221 863 374 927 adulterii
397 879 496 942 genus
519 861 756 940 revocandam3
774 880 840 940 quo
861 862 992 934 mulier,
1009 861 1082 922 iidei
1103 861 1266 941 conjugali

157 968 304 1037 mentita,
327 964 622 1042 coinquinaverit,
645 972 792 1040 separata
814 980 831 1023 a
857 965 927 1025 viru
947 961 1111 1041 legitimo,
1137 962 1186 1024 rel
1209 979 1268 1039 per

158 1070 385 1147 semetipsam,
411 1065 461 1128 vel
482 1064 524 1126 ab
544 1083 584 1126 eo
602 1049 744 1127 dimissa.
767 1065 809 1129 Et
829 1066 860 1127 in
884 1064 946 1127 hoc
967 1082 1066 1137 casu,
1090 1072 1128 1125 ut
1147 1072 1196 1126 est
1218 1082 1270 1125 ve·

161 1170 414 1243 risimillimum‚
438 1167 537 1241 citat,
560 1167 721 1243 explicet,
754 1167 926 1244 firmatque
955 1166 1158 1242 Apostolus,
1179 1168 1266 1243 qnod

160 1271 275 1332 statuit
297 1268 392 1331 tosus
413 1266 453 1328 de
475 1267 660 1328 dimittenda
685 1285 789 1330 uxore
811 1268 973 1339 adultera,
988 1283 1027 1328 ac
1042 1284 1104 1327 noc
1119 1268 1177 1328 nisi
1201 1277 1273 1346 post

161 1371 411 1448 resipiscentiam
433 1385 525 1430 suam
552 1368 755 1430 revocanda:
778 1386 853 1431 curu
885 1369 1013 1428 interim
1037 1369 1088 1429 vir
1107 1368 1147 1431 ab
1167 1367 1272 1431 alieno

162 1479 294 1533 tenetur
314 1469 424 1532 abesse
445 1468 617 1549 coniugio,
638 1469 734 1531 sicuti
755 1470 853 1533 uxori
874 1470 1022 1532 dimissae
1044 1469 1132 1532 usias
1154 1478 1202 1531 est
1221 1488 1271 1534 se·

160 1570 282 1634 condas
303 1587 464 1649 quaerere
486 1571 625 1646 nuptias.
1085 1618 1091 1627 .
1263 1629 1266 1645 ,

244 1670 291 1733 De
313 1675 431 1734 ceteris
452 1673 483 1731 in
506 1671 565 1732 hac
585 1672 795 1750 quaestione,
819 1680 855 1732 nt
876 1673 1011 1750 quaevis
1040 1672 1179 1736 tollatur
1199 1688 1275 1735 con·
1371 1732 1374 1741 ,

159 1772 266 1848 lusio,
289 1770 542 1835 considerandus
565 1774 737 1851 praecipue
759 1784 806 1834 est
828 1776 944 1850 (sicuti
972 1774 1140 1854 praeclare
1164 1775 1274 1837 educi·

162 1880 217 1934 tur
248 1891 289 1935 ex
323 1870 491 1935 Matthaeo
513 1891 540 1934 c.
563 1868 652 1932 XlX.
676 1882 708 1933 et
730 1870 844 1935 Marco
865 1891 894 1935 c.
917 1871 983 1950 X.)
1005 1872 1184 1937 Salvatoris
1204 1891 1275 1936 sco·

162 1992 245 2053 pus,
263 1977 319 2053 qui
340 1975 379 2034 ad
403 1976 599 2052 primaevam
614 1973 827 2036 'conditionem
845 1993 1001 2037 revocans
1018 1976 1273 2053 matrimonium,

163 2078 292 2155 penitus
314 2076 469 2150 abolevit,
492 2094 576 2154 quae
598 2078 629 2138 in
652 2073 736 2153 Lege
756 2073 878 2159 Moysis
900 2077 1013 2139 deinde
1034 2085 1153 2138 statuta
1175 2088 1274 2152 snut,

166 2175 219 2238 vel
242 2178 409 2255 permissa,
426 2186 459 2238 et
479 2195 496 2237 a
519 2175 694 2254 pharisaeis
717 2177 747 2236 in
770 2194 906 2254 pravum
928 2177 1055 2240 detorta
1078 2195 1219 2239 sensum.
1239 2174 1279 2245 Et

161 2276 244 2340 haec
265 2279 304 2339 ad
329 2278 388 2338 tria
410 2277 514 2357 capita
538 2278 766 2340 reducunturr
799 2276 880 2339 idest
911 2277 1045 2340 abolitio
1076 2276 1278 2360 polygamiae

161 2379 392 2453 simultaneee,
410 2378 544 2440 abolitio
566 2377 695 2438 divortii
717 2374 857 2440 absoluti
879 2378 994 2457 quavis
1016 2377 1055 2440 de
1076 2395 1172 2440 causa
1195 2378 1280 2441 inter

163 2479 338 2559 conjuges,
363 2488 395 2542 et
427 2478 635 2542 interdictum
667 2480 903 2558 separationis,
934 2478 1041 2559 quoad
1076 2478 1277 2554 thalamum,

162 2584 260 2644 unius
285 2582 432 2663 conjugis
454 2581 495 2642 ab
515 2581 643 2656 altero,
666 2591 921 2659 exceptacausa
950 2581 1065 2646 uxoris
1095 2581 1276 2645 adulterae.

167 2681 210 2745 Et
232 2684 312 2746 haec
335 2687 422 2757 tria,
445 2682 504 2745 etsi
525 2700 588 2744 non
619 2684 695 2745 satis
727 2683 879 2763 explicita
902 2686 933 2747 in
956 2682 1124 2765 Evangelii
1149 2700 1275 2747 summa

162 2785 346 2859 videantur,
371 2788 541 2865 perspicue
564 2793 670 2847 tamen
693 2787 723 2847 in
747 2795 893 2849 veterum
917 2786 1050 2851 Patrem
1074 2787 1203 2866 scriptis
1222 2803 1278 2848 ex·

165 2885 363 2965 penduntur.

247 2986 468 3063 Quamobrem
491 2986 651 3065 Christus,
673 2989 741 3051 sive
771 3005 845 3050 cum
867 2986 1044 3067 pharisaeis
1073 2988 1276 3068 disputaret,

169 3087 222 3151 vel
244 3087 419 3166 discipulos
441 3088 573 3152 doceret
595 3072 678 3177 circe
706 3088 847 3168 coniugii
870 3088 1039 3161 ordinem,
1064 3096 1205 3151 vetarem
1229 3105 1279 3150 re·

167 3189 320 3267 probarit
342 3189 559 3251 hebraeorum
588 3190 878 3266 consuetudinem
912 3189 1018 3251 minus
1050 3189 1112 3250 rite
1143 3187 1185 3248 ab
1214 3187 1279 3248 illis

162 3289 328 3351 intellecta
350 3290 538 3368 explanavit
561 3292 699 3353 mosaica
715 3298 849 3364 statuta,
868 3307 965 3352 vanas
983 3295 1019 3352 et
1039 3289 1204 3368 improbas
1229 3305 1280 3352 re·

164 3391 284 3452 tutavit
318 3392 546 3470 magistrorum
577 3410 714 3455 suornm
748 3391 1042 3470 interpretationes.
1065 3389 1114 3454 Ac
1145 3388 1280 3471 proinde

162 3495 193 3553 in
216 3493 275 3553 hac
298 3510 379 3554 nova
403 3495 616 3571 institutione,
639 3496 708 3556 sive
730 3495 853 3558 scribas
873 3494 1117 3572 alloqueretur,
1138 3495 1207 3556 sive
1222 3493 1279 3554 dl·

161 3593 327 3672 scipulos,
352 3596 459 3657 varios
482 3596 688 3658 considerans
710 3596 907 3658 matrimonii
938 3613 1056 3672 casus,
1089 3594 1183 3658 illum
1213 3595 1280 3655 arri·
1358 3644 1363 3654 .

162 3696 349 3770 madvertit,
371 3697 428 3773 qui
450 3695 489 3757 ad
512 3696 712 3759 adulterium
736 3699 888 3776 pertinet,
903 3698 1040 3772 omissis,
1057 3713 1142 3776 qnae
1163 3696 1195 3756 iu
1217 3692 1279 3762 Le·

161 3813 201 3874 ge
224 3795 344 3879 llloysis
366 3797 496 3860 decreta
521 3797 677 3871 lucrant,
701 3798 799 3877 hujus
820 3815 934 3876 nempe
955 3798 1063 3861 delicti
1084 3797 1279 3877 disquisitio·

164 3915 233 3971 nos,
258 3915 378 3977 poenae
393 3909 425 3960 et
440 3906 548 3961 cetera
571 3900 763 3978 praesertim
779 3919 820 3963 ex
835 3906 928 3979 parte
942 3900 1061 3962 mariti.
1079 3899 1127 3961 Ac
1141 3900 1277 3970 interea,

160 3998 339 4062 secundum
362 4003 450 4079 quod
473 4001 514 4061 ab
537 4002 627 4062 initio
649 4011 822 4064 creaturae
854 4000 977 4064 iactum
1010 4009 1106 4076 erat,
1137 4000 1277 4063 ostendit

162 4101 344 4163 masculum
367 4114 398 4165 et
422 4101 593 4165 foeminam
615 4102 697 4165 dnos
714 4103 857 4166 incarne
876 4121 938 4167 una
956 4103 1165 4166 indivisibiles
1186 4119 1277 4164 esse:

163 4203 274 4265 docuit
299 4203 351 4263 uni
377 4205 446 4266 viro
468 4205 637 4267 mulierem
671 4222 765 4266 unarn
795 4203 991 4285 jungendam
1022 4223 1114 4280 esse,
1138 4221 1197 4266 nec
1218 4221 1277 4265 un·

1023 4301 1082 4371 30*
