2886 4784
1169 344 1211 418 bi

83 448 155 513 lem
177 450 285 514 sedem
309 450 479 513 ambiebat.
505 444 723 533 zephyrinum
747 456 879 524 autem,
902 449 1039 512 stultum
1063 451 1212 516 illittera-

42 561 46 567 '
87 562 240 632 tumque,
266 554 521 632 regularumque
544 550 709 614 Ecclesiae
724 551 851 624 rudem,
870 570 967 631 quem
981 553 1072 615 donis
1088 554 1208 617 ducens

86 662 122 715 et
146 671 206 731 pro
228 653 291 716 illis
315 655 410 714 vetita
433 655 473 715 ab
496 673 533 714 eo
556 654 722 730 postulans
745 653 783 712 ad
813 651 893 713 illud
924 655 1010 731 egit,
1032 654 1117 733 quod
1142 656 1209 733 ipse

90 755 232 817 uolebat.
256 754 383 833 Quippe
406 755 551 816 venalem
574 763 606 816 et
627 757 782 833 pecuniae
798 756 928 817 avidum
947 756 1208 833 permovebatut

88 857 218 918 dissidia
243 858 326 918 iuter
348 856 465 918 iratres
487 874 615 935 semper
638 857 775 928 foveret,
798 857 874 918 dum
898 859 964 936 ipsc
979 856 1051 918 inde
1066 858 1125 918 sibi
1140 876 1207 919 am·

88 957 207 1019 barum
223 961 364 1035 partium
384 958 519 1035 gratiam
532 957 676 1019 subdolis
692 957 894 1018 sermonibus
908 957 1110 1020 conciliabat.
1132 957 1206 1022 Jam

86 1059 127 1120 iis
138 1060 194 1136 qui
212 1076 287 1121 vera
309 1059 499 1133 sentiebant,
522 1060 655 1136 singulis
676 1059 803 1121 dicebat
823 1078 856 1119 se
878 1076 1015 1121 consona
1039 1059 1111 1122 fidei
1134 1077 1205 1124 cro·

86 1159 167 1220 dere
189 1166 221 1219 et
242 1159 306 1220 illis
329 1158 440 1222 iurum
465 1159 623 1234 iaciebat,
647 1179 684 1221 ac
707 1178 821 1223 rursus
843 1160 880 1223 iis
902 1159 1052 1224 similiter
1072 1162 1128 1240 qui
1151 1159 1207 1223 Sa·

86 1258 176 1320 bellii
199 1258 315 1337 placita
340 1259 508 1336 tenebant;
531 1270 562 1321 et
584 1279 657 1323 eum
675 1262 778 1339 ipsum
796 1260 974 1339 decipiebat
987 1279 1083 1340 quem
1100 1263 1139 1322 ad
1157 1279 1206 1322 re·

86 1370 140 1423 cta
161 1371 354 1424 convertero
378 1369 540 1440 potuerat.
564 1361 756 1424 Admonitus
787 1365 870 1425 enim
893 1382 909 1424 a
934 1381 983 1425 me
1014 1382 1075 1425 non
1109 1382 1205 1443 repu-

86 1463 227 1542 gnabat3
249 1463 317 1535 sed,
343 1463 397 1525 ubi
419 1462 509 1524 solus
531 1481 606 1525 cum
628 1463 763 1526 Callisto
781 1466 983 1537 versabatur,
1000 1465 1206 1528 excitabatur

85 1563 127 1625 ab
150 1583 190 1626 eo
211 1573 247 1626 ut
268 1563 307 1624 ad
330 1560 511 1627 Cleomenis
534 1565 661 1644 placita·
675 1565 902 1641 relaberetur,
925 1567 1052 1629 dicente
1075 1586 1109 1628 se
1131 1565 1205 1630 iidel

84 1667 202 1728 similia
223 1666 369 1728 credere.
394 1664 488 1729 latius
504 1675 613 1728 autem
630 1669 806 1747 nequitiam
823 1676 900 1730 tunc
914 1686 976 1730 nun
992 1667 1203 1747 intelligebat,

86 1785 187 1846 quam
210 1776 320 1847 postea
343 1769 454 1843 novit,
479 1778 515 1831 ut
547 1788 622 1831 mox
655 1787 828 1848 exponam.
852 1767 1071 1852 zephyrinum
1098 1772 1204 1849 ipsum

84 1869 282 1944 stimulans,
305 1870 486 1932 adducebat
507 1880 543 1933 ut
565 1889 675 1933 coram
697 1872 847 1933 omnibus
868 1871 1012 1933 diceret:
1038 1868 1106 1949 Ego
1127 1873 1203 1934 novi

85 1968 192 2033 Deum
215 1989 316 2034 unum
339 1969 452 2034 lesum
474 1971 640 2036 Christum
661 1981 695 2034 et
716 1981 846 2050 praeter
867 1972 961 2035 illum
992 1974 1150 2034 neminem
1172 1990 1205 2034 a·

85 2069 167 2133 lium
191 2073 332 2149 genitum
354 2082 455 2152 atque
469 2075 662 2152 passibilem.
680 2072 790 2148 Quum
809 2081 917 2134 autem
934 2072 1110 2151 aliquando
1126 2073 1206 2152 adji-

84 2178 197 2233 ceret:
221 2169 293 2233 Nou
318 2171 425 2245 Pater,
448 2173 501 2234 sed
526 2171 628 2234 Filius
651 2181 800 2234 mortuus
822 2181 881 2245 est,
899 2172 1018 2234 iniioita
1037 2174 1067 2233 in
1082 2173 1204 2252 populo

87 2270 217 2335 dissidia
240 2275 459 2336 continuabat.
484 2272 573 2348 Quas
596 2275 650 2336 ubi
672 2275 843 2334 sententiaa
866 2274 1092 2352 cognovimus,
1116 2272 1204 2335 reiu-

86 2377 229 2438 lavimus
251 2386 281 2437 et
303 2376 464 2437 adversati
486 2395 620 2448 sumus,
645 2395 704 2454 pro
729 2395 806 2439 vero
835 2377 1060 2449 decertantes,
1085 2374 1202 2437 nedum

85 2477 328 2538 assentiremus.
353 2474 417 2550 Qui
441 2476 554 2538 lurore
577 2478 745 2551 insaniens,
770 2479 846 2556 quia
868 2476 1038 2539 simulatae
1055 2475 1125 2557 ejus
1143 2477 1200 2535 vir·

85 2578 148 2640 tuti
170 2595 293 2650 omnes,
316 2581 460 2655 exceptis
481 2579 584 2649 nobis,
612 2577 855 2652 adhaerebant,
876 2594 933 2638 nos
955 2573 1081 2655 διθέους
1102 2576 1202 2639 nomi·

83 2682 195 2755 nabat,
211 2700 362 2744 evomens
380 2685 538 2746 violenter
552 2685 715 2745 conditum
732 2686 817 2746 intus
835 2701 1003 2744 venenum.
1021 2679 1129 2761 Hujus
1144 2697 1203 2743 au·

87 2793 153 2846 tem
179 2787 288 2859 vitam,
312 2803 414 2864 quum
438 2791 538 2850 nostri
555 2805 696 2848 coaevus
711 2787 884 2859 exstiterit,
899 2786 1056 2863 optimum
1074 2784 1203 2844 videtur

85 2901 266 2961 exponere,
290 2893 327 2947 ut
347 2886 418 2965 ejus
443 2887 568 2949 vivendi
592 2904 707 2966 gruere
729 2889 869 2965 cognito,
894 2887 1006 2948 mentis
1027 2903 1123 2946 sanae
1145 2885 1201 2945 bo·

85 2987 228 3049 minibus
247 2986 379 3066 jamjam
403 2995 568 3065 appareat,
585 3007 681 3066 quam
697 2988 829 3050 molitus
850 2989 890 3050 sit
912 2988 1080 3049 baeresim.
1105 2985 1202 3048 Prae·

85 3085 173 3148 fecto
196 3084 318 3148 Romae
341 3083 365 3148 F
369 3086 609 3168 usuiaooyiidem
627 3088 876 3165 contessuses13
893 3099 925 3149 ar
941 3086 1023 3148 istud
1040 3086 1101 3147 luit
1117 3103 1201 3147 mar·

85 3187 164 3270 tyrii
188 3205 299 3265 genus.
1168 3206 1174 3215 ’

166 3287 197 3351 2.
212 3310 227 3347 u
242 3287 365 3351 Servus
378 3297 448 3350 crat
460 3288 612 3352 Callistus
626 3280 795 3370 cujusdam
807 3287 1009 3367 Carpophori
1022 3286 1199 3361 christiani,

83 3388 248 3467 uniusque
270 3389 309 3449 do
331 3389 427 3452 domo
449 3389 606 3453 Caesaris.
633 3390 683 3452 llli
706 3390 956 3469 Carpophorus,
980 3398 1093 3467 utpote
1114 3388 1201 3449 chri·

80 3490 200 3563 stiauo,
222 3508 381 3551 summam
405 3495 559 3570 pecuniae
581 3491 667 3554 haud
692 3509 825 3569 parvam
848 3492 984 3555 credidit
1000 3490 1198 3570 promittenti

83 3609 127 3650 ex
144 3593 301 3652 mensaria
318 3593 533 3670 negotiatione
550 3593 596 3655 illi
611 3594 741 3655 lucrum
759 3593 904 3655 reddere.
923 3592 1096 3671 deceptam
1114 3608 1201 3652 men·

80 3707 153 3752 aum
176 3690 328 3753 Callistus
351 3693 381 3752 in
402 3710 441 3753 eo
464 3692 537 3754 loco
560 3696 679 3769 posuit,
702 3710 798 3771 quem
823 3701 939 3756 vocant
957 3690 1123 3754 Piscinam
1138 3710 1200 3769 pu·

80 3787 218 3863 blicam
239 3791 330 3870 lapso
353 3794 463 3873 aliquo
487 3804 644 3873 ternpore,
670 3797 802 3875 visoque
825 3795 951 3856 nomine
973 3793 1197 3871 Carpophori,

82 3909 198 3971 magua
222 3895 357 3970 pecunia
380 3895 522 3972 deposita
545 3896 591 3957 illi
615 3897 735 3958 credita
759 3906 806 3959 est
827 3914 844 3958 a
868 3895 972 3958 viduis
994 3902 1025 3955 et
1040 3892 1197 3953 fidelibus.

81 3992 150 4068 Qui
172 4013 273 4075 quum
298 3995 497 4076 profligasset
519 3999 638 4072 omnia,
656 4001 685 4061 in
709 3998 861 4078 angustiis
878 4005 958 4058 erut.
975 3993 1064 4056 Talia
1081 3995 1121 4055 ab
1137 3995 1198 4055 isto

80 4104 211 4176 patrata
235 4115 297 4160 non
319 4099 423 4162 detuit
443 4101 499 4177 qui
522 4098 733 4177 Carpophoro
756 4103 940 4176 nuntiaret;
963 4099 1018 4161 ille
1033 4106 1141 4160 autern
1158 4096 1198 4156 ab

78 4213 121 4258 eo
145 4199 303 4262 rationem
325 4217 395 4261 sese
416 4210 610 4263 exacturum
634 4200 726 4262 dixit.
751 4198 845 4275 Quod
869 4218 970 4279 quum
986 4199 1137 4263 Callistus
1152 4197 1199 4258 iu·
