2886 4784
158 339 200 430 se

158 444 287 509 mittere
309 443 356 510 ias
378 456 443 510 non
463 448 533 510 ests
556 442 599 507 its
631 459 765 527 quoquo
796 441 979 506 adulteram
1012 441 1173 507 dimittere
1197 459 1253 523 per·

155 548 289 610 missum
311 553 382 624 est,
404 546 480 626 quis
503 546 569 624 ipss
593 545 700 607 mariti
742 546 905 608 consortio
934 544 1010 608 lecit
1036 563 1072 607 se
1100 545 1255 624 indignum,

29 638 30 642 ’
157 665 243 728 qnae
264 648 295 711 in
315 665 436 728 cerpus
454 664 552 712 snum
573 645 749 726 peccando,
772 643 829 710 osa
851 646 1010 730 templum
1033 662 1112 710 ansa
1135 653 1184 710 est
1205 647 1258 710 sio

158 749 240 813 lare.
264 769 282 808 s
816 767 820 774 ·

241 849 276 914 ln
291 851 351 915 hac
367 851 562 918 discussione
575 853 718 935 primum
732 851 1032 934 comprehenditur,
1048 850 1261 916 chromatium

160 959 225 1017 tam
247 953 280 1015 in
301 972 330 1016 c.
350 952 394 1016 .V.
416 973 514 1036 quam
536 957 568 1018 in
588 973 617 1020 c.
639 953 728 1019 ΧΙΧ.
748 952 904 1018 Matthaei
919 954 1122 1035 sempliciter
1142 955 1262 1034 lepiees

157 1051 215 1135 psi
234 1051 388 1117 dimiserit
407 1073 539 1119 carmem
562 1072 654 1120 snam
673 1065 802 1136 eccepto
821 1051 1050 1135 fornicationis
1061 1051 1265 1134 commissit

157 1173 229 1218 eom
249 1153 407 1218 mmsisori
418 1198 428 1233 ,
449 1173 510 1220 nee
542 1157 644 1221 ullam
676 1163 804 1219 notssss
834 1154 982 1220 dictionis
1003 1143 1225 1232 numeralem,
1238 1161 1265 1220 et

159 1257 224 1320 hoe
243 1258 421 1321 secundum
444 1259 694 1323 vetustissimum
717 1272 866 1338 graecam
892 1255 1079 1319 lectionem.
1099 1255 1264 1332 Secundo,

159 1357 249 1434 loco,
263 1356 330 1421 nisi
342 1357 378 1421 ol
390 1356 631 1436 fornicationem
646 1359 762 1438 legisse
775 1366 903 1438 coemto
915 1355 1149 1439 fornicationis
1168 1372 1265 1420 sunm.

161 1456 296 1533 Tertio,
318 1458 359 1522 sb
380 1470 525 1540 utroque
546 1461 651 1540 capite
671 1457 710 1523 V.
731 1455 781 1524 32.
804 1466 838 1520 ot
857 1455 946 1521 xlx.
966 1455 998 1524 9.
1016 1457 1202 1521 exclusisse
1220 1456 1267 1521 he·

161 1560 381 1636 mistichium,
402 1571 432 1624 et
450 1560 507 1640 psi
536 1559 700 1624 dimissam
728 1557 876 1636 damme,
905 1557 1100 1650 momiatur.
1124 1557 1265 1634 Quarto,

161 1679 238 1725 cnm
260 1661 468 1726 Chromatius
488 1679 529 1723 cx
551 1680 580 1724 c.
603 1658 692 1724 xix.
715 1661 760 1723 ait
780 1659 945 1726 Christum
967 1659 1134 1735 docuisse,
1154 1665 1270 1740 ecsspm

160 1763 388 1844 fornicationis
407 1780 519 1839 muso,
537 1780 668 1825 osorem
687 1779 753 1824 nen
774 1761 868 1824 licere
887 1758 1019 1837 dimitti,
1042 1759 1267 1841 praetermisis-

160 1883 209 1941 se,
226 1883 315 1946 ¹(purae
335 1871 515 1928 occurrunt
533 1865 566 1926 in
589 1865 680 1926 textu
704 1864 849 1944 vulgato,
867 1871 897 1926 et
916 1860 1016 1925 otium
1037 1859 1267 1938 dienerinnen·

161 1966 288 2029 elotnr.
306 1964 345 2028 lit
366 1964 408 2028 eh
429 1965 491 2029 hoe
511 1964 616 2044 pergit
636 1961 772 2028 Sanctus
793 1982 834 2026 er
850 1961 968 2028 Christi
989 1961 1141 2042 eiusdem
1159 1978 1269 2025 serne-

161 2052 222 2143 ue,
244 2067 327 2149 qnod
349 2063 433 2127 Deus
453 2062 649 2145 cunjunxit,
682 2064 773 2127 homc'
797 2081 862 2126 non
890 2069 1013 2142 separet
1024 2104 1038 2137 ,
1059 2078 1118 2124 cos
1138 2077 1269 2142 arguens

163 2169 222 2248 qui
244 2167 357 2248 (nulla
380 2175 486 2228 tumen
507 2165 676 2246 interiectu
696 2164 902 2229 restrictione
917 2163 969 2226 rel
988 2161 1148 2226 adulterii
1169 2160 1268 2226 reial-

162 2271 265 2336 terius
286 2270 429 2345 caussel
449 2267 561 2332 illicita
594 2269 726 2333 diuortii
746 2266 970 2349 separatione,
992 2265 1269 2330 matrimonium

163 2371 233 2437 lieo
251 2371 402 2453 junctum
424 2381 584 2434 temerare
605 2367 890 2450 praesumpserint.

244 2472 399 2553 Aliequin
420 2471 539 2546 nescio,
561 2472 638 2557 qnid
657 2471 716 2534 sihi
733 2470 811 2532 setis
829 2464 1040 2532 Chromatius
1062 2465 1096 2528 in
1116 2466 1270 2547 sequenti·

162 2570 237 2648 hus,
258 2571 298 2633 de
318 2573 356 2634 iis
375 2571 520 2645 locutus,
536 2588 633 2652 quom
652 2570 741 2648 opud
754 2568 851 2631 Deum
865 2585 959 2646 prone
973 2566 1196 2631 damnationis
1214 2566 1269 2629 cri·

162 2690 234 2736 men
253 2671 453 2748 insenum,
472 2691 544 2735 unm
558 2672 810 2752 studiositatem
826 2668 988 2733 libidinem
1008 2670 1128 2752 cisque
1140 2670 1272 2751 fernien-

162 2773 263 2837 tienis
281 2793 394 2850 conso,
416 2772 554 2838 dimissis
575 2775 742 2853 uxoribus,
763 2774 800 2837 in
820 2773 891 2837 aiio
911 2775 1024 2835 sotem
1044 2772 1190 2837 transire
1208 2790 1272 2835 eon·

160 2873 264 2955 inpio.
290 2872 351 2936 lsta
374 2891 512 2953 nemque
535 2873 633 2936 verba
658 2875 840 2952 praemissis
870 2874 1109 2938 contradicunt·
1130 2874 1226 2938 sicuti
1243 2880 1271 2935 et

162 2976 456 3056 subsequentibus,
479 2976 535 3038 ubi
556 2977 620 3038 ait:
634 2995 652 3036 u
667 2972 727 3038 Sed
755 2975 855 3039 retati
884 2993 1017 3038 umorem
1048 2985 1138 3039 suste
1156 2983 1186 3038 et
1201 2992 1274 3056 pnre

165 3075 319 3139 cicentem
339 3076 493 3140 dimittere
512 3079 564 3159 fos
584 3094 649 3138 nen
669 3086 739 3156 est3
760 3075 809 3140 ito
828 3095 949 3159 quoqne
971 3078 1155 3142 adulteram
1175 3077 1275 3143 dinis·

165 3188 230 3243 tere
246 3177 436 3258 permissum
455 3186 511 3254 est,
531 3185 628 3242 etc.»
652 3177 687 3241 lu
707 3180 889 3260 praemissis
909 3180 1059 3244 absolute
1080 3201 1126 3245 ex
1147 3179 1217 3245 Deo
1233 3180 1274 3242 iu·

165 3281 348 3361 separabile
368 3280 481 3344 statuit
499 3279 708 3343 connubium.
726 3277 984 3359 insequentibus
999 3299 1097 3357 vero,
1112 3299 1189 3346 cum
1206 3281 1275 3345 dicit

166 3382 269 3446 licere
289 3382 452 3445 dimittere
476 3380 839 3457 uxoremsdultersm,
859 3381 1000 3445 sermoni
1022 3381 1189 3448 dominico
1207 3399 1274 3448 con·

166 3499 309 3557 sonans,
329 3499 388 3544 nec
410 3488 516 3544 tumen
535 3482 645 3545 subdit
663 3481 783 3558 licere,
805 3481 932 3545 dimisse
954 3501 1062 3546 uxore
1083 3484 1274 3556 luminaria,

166 3585 302 3647 otterom
321 3582 440 3646 ducere.
458 3581 552 3658 Quae
571 3582 693 3646 additio
708 3581 880 3646 ridebatur
897 3587 1078 3649 necessaria
1102 3586 1276 3666 praedicto·

167 3702 243 3750 rum
264 3686 503 3764 consequentia,
525 3684 569 3747 ite
591 3693 645 3762 ut,
667 3684 806 3748 admisso
827 3684 972 3766 conjugis
993 3685 1187 3766 adulterio,
1207 3704 1274 3768 pro·

168 3786 306 3850 haretnr
326 3785 450 3848 licitum
471 3784 661 3861 disortium,
684 3802 723 3848 ac
743 3786 819 3847 novi
839 3784 980 3866 conjugii
996 3789 1203 3867 auspicatio:
1223 3800 1275 3851 nec

170 3892 276 3948 tameo
297 3903 334 3947 ea
359 3884 499 3965 subjecit
525 3903 551 3949 s.
575 3884 777 3965 Episcopus,
806 3887 861 3950 uhi
883 3895 956 3968 apta
976 3888 1206 3970 putahautnr3
1233 3891 1276 3952 ast

168 3985 276 4049 solum
296 3990 533 4066 separationem
552 3985 715 4051 indicarit.
1217 3981 1225 3995 '

250 4085 403 4166 ideoque,
419 4107 494 4152 cum
515 4105 553 4150 ea
577 4089 673 4150 verba
696 4105 713 4150 a
737 4094 829 4151 textu
851 4107 944 4152 sacro
965 4087 1145 4166 dissonent,
1161 4097 1215 4154 aut
1236 4088 1275 4152 di

176 4196 270 4251 cutnr
290 4189 330 4254 dc
350 4210 410 4256 sno
426 4191 579 4273 adjecisse
593 4188 821 4265 Chromatius,
837 4190 1011 4255 arbitreris
1028 4193 1274 4273 interpretatus,
