2886 4784
230 417 297 505 Qui
320 442 399 487 vero
421 442 438 485 a
461 416 680 496 Kalendariis,
705 422 756 486 vel
778 424 817 485 ab
841 420 1032 494 Annalibus,
1054 421 1105 483 rel
1120 420 1160 483 ab
1182 420 1271 483 Actis

159 540 340 611 martyrum
356 528 456 590 nostri
474 527 625 589 Auctoris
647 535 786 589 aetatem
808 533 986 605 quaeruut,
1003 525 1182 604 quidquam
1204 543 1273 587 eer-

158 636 177 692 ti
195 633 250 692 vix
266 638 442 708 opponent.
461 627 575 691 Plures
598 631 682 692 euim
705 639 780 693 suut
803 628 985 714 Hippolyti,
1008 628 1065 706 qui
1087 627 1198 689 seculo
1217 625 1274 689 lll.

154 731 335 795 Ecclesiam
359 731 566 793 illustrarunt
592 733 676 794 vitae
696 732 865 796 sanctitate
881 740 914 793 et
928 732 1100 811 martyrio,
1117 729 1172 791 alii
1189 741 1274 804 aute,

155 835 210 894 etii
233 841 307 912 post
329 830 427 910 buius
448 831 551 894 seculi
575 832 754 895 dimidium.
781 831 885 895 Porro
906 832 963 910 qui
984 829 1150 913 Hippolyti
1173 835 1274 908 scrip-

156 935 237 997 turis
264 946 298 996 et
331 933 502 995 haeresum
524 933 739 997 confutatorls
763 944 834 1012 post
864 933 1040 1005 Eusebium
1062 942 1094 995 et
1117 932 1276 1018 Hierony·

158 1054 261 1110 mum,
278 1031 504 1099 Tbeodoretus
517 1043 549 1097 at
565 1033 715 1099 Gelasius
732 1035 816 1114 Papa
839 1036 1029 1097 memoriam
1052 1034 1274 1106 celebrarunt,

156 1157 213 1200 uec
238 1138 388 1217 martyrii
410 1136 520 1199 locum
542 1156 600 1199 uec
621 1155 740 1200 anuum
765 1137 959 1199 iudicarunt.
976 1136 1062 1198 lllud
1080 1147 1186 1198 tamen
1201 1155 1278 1197 corr·

156 1245 222 1297 stat
243 1233 450 1298 exiliusebiu
472 1257 497 1300 s.
517 1235 730 1317 Hippolytum
753 1255 816 1299 uua
840 1254 914 1299 cum
931 1235 1064 1319 Beryllo
1085 1245 1119 1298 et
1138 1235 1278 1315 Origene

157 1341 188 1400 iu
209 1339 332 1401 Arabia
355 1341 543 1418 episcopum
568 1341 635 1419 pari
659 1339 730 1402 zelo
752 1346 785 1402 et
805 1346 910 1401 aetate
939 1356 1001 1417 pro
1022 1338 1141 1404 Gbrlsti
1165 1336 1277 1401 Eccle-

155 1441 200 1502 sia
225 1441 392 1519 usquead
415 1441 540 1503 obitum
562 1440 739 1502 laborasse.
764 1439 899 1520 iusuper
914 1438 1099 1503 Historicus
1122 1440 1153 1500 iu
1174 1438 1279 1503 Cbro·

158 1541 230 1604 nieo
244 1542 308 1604 sub
322 1559 373 1609 au.
386 1536 458 1606 230.
481 1543 545 1603 ait:
562 1562 578 1602 c
597 1538 804 1604 Geminianus
827 1542 998 1626 presbyter
1019 1542 1231 1605 antiochenus
1246 1553 1279 1605 et

158 1639 358 1726 Hippolytus
378 1652 411 1706 et
433 1643 586 1729 Beryllus
609 1646 779 1722 episcopus
809 1642 951 1705 Arabiae
978 1643 1173 1718 bostrenus,
1196 1644 1278 1707 clari

160 1743 340 1822 scriptores
359 1745 532 1809 habentur.
547 1766 564 1804 o
580 1745 612 1810 st
629 1754 706 1810 tune
722 1744 879 1808 llorerent
903 1744 1040 1825 praelati
1063 1746 1138 1820 viri,
1155 1747 1188 1808 iu
1208 1748 1282 1824 qui·

160 1845 218 1907 bur
242 1842 451 1928 Hippolytus,
474 1847 665 1911 excluditur
686 1850 778 1910 istius
799 1847 908 1909 obitus
929 1855 1004 1908 ante
1019 1847 1103 1908 banc
1118 1855 1257 1909 aetatem
1267 1869 1279 1925 ;
1335 1837 1338 1840 ⁴

162 1955 197 2006 ut
216 1946 292 2008 binc
310 1946 388 2027 jure
409 1965 624 2028 assequamur
654 1966 773 2011 annum
794 1942 865 2013 2t5.
887 1966 955 2026 quo
986 1954 1134 2025 tempore
1166 1958 1281 2011 contra

161 2044 305 2111 Noetum
324 2049 468 2127 scripsit,
492 2058 571 2112 testa
592 2068 617 2112 s.
640 2048 834 2129 Epiphanio.
858 2046 894 2108 lu
918 2046 1019 2110 Fastis
1044 2047 1208 2109 Ecclesiae
1230 2067 1283 2108 ae-

161 2149 336 2226 thiopicae,
360 2158 439 2212 teste
463 2148 648 2230 Ludolpbo,
670 2152 754 2211 idem
777 2148 975 2229 Hippolytus
998 2148 1086 2209 ultra
1102 2147 1188 2212 Galli
1204 2147 1283 2211 Cae·

160 2250 242 2313 saris
264 2251 438 2330 imperium
461 2253 655 2331 processisse
675 2253 808 2314 dicitur.

244 2347 333 2414 Huic
354 2343 455 2431 porro
477 2352 564 2415 uliud
588 2352 664 2415 lacit
686 2350 817 2416 Eusebii
834 2350 1051 2413 testimouium
1068 2350 1099 2411 iu
1115 2350 1218 2430 eapite
1233 2351 1284 2412 ul·

163 2451 242 2511 timo
271 2449 417 2532 ejusdem
449 2450 536 2513 Libri
566 2449 618 2515 Vl.
646 2453 677 2514 iu
706 2470 772 2531 quo
803 2452 881 2521 citat
912 2450 1081 2528 epistolam
1110 2469 1135 2513 s.
1167 2447 1286 2532 Diony·

160 2551 198 2612 sii
219 2550 424 2616 alexandrini
447 2554 485 2614 ad
511 2553 651 2628 iratres,
674 2555 730 2632 qui
755 2551 878 2616 Romae
900 2561 995 2615 eraut
1015 2571 1054 2615 ac
1076 2553 1202 2614 missam
1226 2571 1284 2631 per

160 2646 388 2736 Hippolytum.
411 2650 584 2738 Dionysius
606 2656 692 2717 circa
715 2672 765 2715 au.
787 2651 858 2719 252.
883 2652 973 2717 illius
1004 2654 1147 2733 suscepit
1168 2652 1281 2716 Eccle·

159 2754 224 2815 siae
246 2752 518 2832 gubernaculum.
543 2755 670 2818 ldcirco
692 2774 730 2817 cu
753 2757 822 2835 ipso
847 2763 993 2836 tempore
1015 2756 1047 2816 iu
1071 2757 1150 2818 vivis
1166 2757 1281 2817 adbuc

162 2862 232 2916 arat
251 2873 278 2916 s.
301 2852 509 2938 Hippolytus.
533 2856 686 2922 Ceterum
708 2877 750 2921 ex
764 2859 833 2921 bae
862 2850 1001 2936 simplici
1024 2858 1065 2918 ab
1087 2856 1230 2921 Eusebio
1251 2877 1283 2919 e·

163 2964 258 3018 xaeta
279 2957 373 3028 istius
395 2959 456 3019 riri
479 2963 813 3032 commemoratione,
837 2962 914 3038 quiu
938 2960 1027 3021 illius
1049 2959 1204 3037 adjiceret
1226 2978 1284 3021 nec

164 3057 303 3135 patriam
324 3051 386 3120 nac
403 3060 435 3121 iu
456 3057 602 3122 Ecclesia
626 3060 779 3139 gradum,
797 3077 857 3122 uec
870 3060 983 3120 incerti
1002 3059 1063 3119 viri
1078 3067 1186 3119 uotam
1205 3059 1282 3121 huic

163 3157 366 3233 inscriberet,
383 3161 460 3220 sutis
476 3160 643 3232 iudicavit,
658 3179 693 3223 se
715 3179 777 3223 uon
799 3161 840 3222 de
860 3160 973 3238 aliquo
995 3175 1035 3219 eo
1056 3176 1161 3237 usque
1176 3158 1285 3236 ignoto

162 3253 355 3339 Hippolyto,
378 3265 411 3320 et
431 3259 471 3322 de
493 3278 560 3339 quo
582 3271 675 3324 autea
691 3262 776 3342 apud
795 3278 869 3325 eum
886 3259 977 3321 uuila
995 3261 1115 3321 mentio
1131 3256 1215 3319 lacta
1231 3264 1284 3333 sit,

162 3357 279 3438 ioqni;
301 3360 356 3421 sed
379 3362 496 3424 merito
519 3362 558 3423 de
582 3365 665 3437 viro,
682 3364 776 3444 cujus
785 3365 853 3444 jum
872 3365 901 3423 iu
920 3358 1102 3442 praemissis
1118 3360 1282 3422 meminit=

159 3461 256 3522 sicuti
278 3478 393 3523 revera
417 3463 516 3540 paulo
538 3473 611 3526 ante
633 3466 662 3525 in
686 3466 747 3527 boc
769 3467 882 3528 eodem
905 3461 1004 3526 Libro
1026 3481 1054 3524 c.
1080 3458 1166 3524 xiv.
1189 3463 1278 3540 egit:

160 3562 214 3623 ubi
238 3558 454 3642 Hippolytum
478 3576 624 3627 nostrum
644 3566 822 3645 episcopum
840 3574 935 3627 vocat
942 3584 954 3642 3
970 3564 1084 3626 deiude
1100 3565 1130 3623 iu
1145 3583 1172 3625 e.
1194 3558 1281 3624 XVl.

159 3661 353 3740 simpliciter
381 3663 463 3725 dixit
491 3658 728 3748 Hippolytum3
752 3663 1029 3745 quemadmodum
1060 3663 1091 3723 iu
1122 3664 1219 3724 uitato
1254 3682 1281 3724 c.

158 3759 344 3826 xxxviii.
368 3765 518 3841 eumdem
540 3767 714 3846 compellat
737 3767 806 3829 ullo
836 3769 958 3845 absque
980 3765 1136 3840 singulari
1167 3766 1281 3837 titulo,

162 3866 287 3946 quippe
308 3866 398 3947 prius
418 3865 459 3930 da
479 3886 518 3931 ao
539 3869 609 3949 ipso
632 3868 764 3932 loeutus
788 3869 896 3932 tuerat
919 3864 973 3944 l*l·
1037 3871 1040 3876 ’

234 4103 270 4176 (')
290 4102 391 4170 Quoud
410 4104 487 4163 hunc
505 4105 694 4182 Hippolytum
713 4124 769 4164 uon
781 4107 831 4165 abs
849 4125 878 4164 re
896 4107 949 4164 erit
960 4105 1016 4163 hue
1028 4123 1155 4162 revocare
1166 4107 1282 4178 quaecl.

167 4199 212 4255 vir
229 4197 391 4272 Torqustus
410 4200 558 4258 Armellini
576 4219 601 4258 e.
624 4202 655 4259 S.
675 4202 698 4259 1.
719 4203 749 4259 iu
767 4221 792 4258 o.
812 4201 865 4259 xl.
885 4194 1083 4260 commentarii
1107 4199 1285 4275 Pbptoroplu-
1362 4250 1363 4253 ,
