2886 4784
161 344 223 413 136
239 447 297 508 Ast
319 460 381 506 nou
403 445 510 505 solnm
525 459 567 504 ex
585 441 737 519 praelatis
757 441 999 521 luculentisque
1020 438 1245 506 discussionibus

159 545 364 612 orthodoxus
385 543 517 607 eruitur
539 543 692 605 Auctoris
713 561 838 616 sensns,
854 543 908 604 sed
932 552 962 604 et
984 542 1126 621 amplius
1147 543 1249 623 pericl-

39 646 48 663 “
161 649 192 711 lo
212 648 430 727 explanantur
451 644 624 724 quaedam,
642 645 672 704 in
689 641 886 707 Periorclora
902 645 981 706 locis
998 644 1117 718 nitatis,
1133 639 1253 723 ejusden

161 750 320 812 obscurae
340 747 534 820 locutiones,
558 745 642 807 unde
664 744 805 808 olicusns
820 752 868 808 est
884 746 950 824 ipsc
965 763 991 806 s.
1010 743 1144 808 [luctor.
1160 743 1198 809 Et
1208 743 1256 822 pri·

161 866 250 912 mum
265 867 317 911 cx.
334 865 363 926 g.
384 848 437 910 ubi
453 849 485 908 in
501 846 635 926 epistola
651 846 689 906 ad
707 846 840 908 Avitum
857 865 886 906 u.
900 843 932 910 3.
950 846 1026 907 dicii
1044 865 1061 904 r
1077 844 1159 909 Cum
1177 845 1257 907 reon·

159 960 210 1014 set
229 951 268 1012 ad
289 949 465 1012 rationales
486 958 679 1019 creaturos,
700 958 732 1008 cl
753 950 887 1010 dixisset
910 966 967 1025 per
989 947 1211 1026 negligentiam
1228 945 1258 1007 ai

161 1063 290 1116 terrena
305 1068 442 1129 corpora
461 1068 528 1112 esse
544 1049 702 1128 delapsas,
723 1051 817 1111 etiam
836 1050 897 1111 hoo
912 1049 1050 1110 addidit:
1070 1045 1261 1110 Grandisnc·

159 1151 327 1233 pliperatioc
347 1160 440 1232 nique
459 1148 596 1213 desidiae
610 1158 655 1212 esi
670 1146 706 1211 ira
721 1156 847 1211 iuratum
867 1167 1123 1228 unumquemque
1138 1148 1262 1227 delinere,

160 1266 253 1333 nique
274 1271 441 1326 evacuare,
455 1262 491 1314 ut
512 1253 555 1314 od
574 1250 656 1313 viiio
677 1250 815 1324 veniens,
831 1247 1111 1312 irrationabilium
1126 1249 1263 1331 jumento

160 1373 234 1417 rum
251 1352 353 1434 possit
373 1370 480 1415 crosso
498 1350 630 1430 corpori
650 1351 808 1432 coliipori.
826 1372 842 1410 s
863 1350 984 1415 Deinde
1007 1352 1109 1430 paulo
1131 1360 1200 1430 post
1216 1353 1261 1423 ait,

157 1456 326 1535 eupolum,
348 1455 396 1516 ool
416 1452 559 1516 ooioaom
579 1462 636 1515 oui
657 1454 840 1517 doemonem
857 1473 917 1533 pro
938 1450 1163 1532 ancpniindirar
1181 1449 1262 1533 mpii

162 1555 287 1638 pentina
307 1566 335 1616 ei
355 1553 509 1618 stultitiae
527 1574 618 1634 posse
633 1554 813 1636 jumentum
834 1552 915 1634 pieri.
938 1554 981 1618 Et
1002 1558 1047 1617 ita
1072 1536 1262 1618 disserentcri

162 1659 337 1738 Origeuem
359 1658 482 1720 inducit
503 1655 732 1742 Hieronymus.

244 1757 334 1822 Haeo
356 1768 465 1822 autem
487 1777 549 1821 non
571 1761 680 1823 solum
702 1777 869 1838 nunquam
892 1758 1019 1821 admisit
1027 1778 1039 1838 3
1061 1757 1120 1823 sed
1141 1765 1174 1820 ei
1191 1756 1262 1821 stoli·

163 1860 219 1923 das
239 1861 417 1940 appellarit
438 1861 606 1939 gentilium
628 1862 794 1940 opiniones
827 1871 895 1923 tom
929 1863 960 1922 iu
989 1861 1051 1923 laon
1083 1858 1260 1923 Periorclaoa

163 1960 262 2024 Libro
283 1978 358 2023 cum
387 1963 419 2024 iu
450 1960 603 2040 praelatis
625 1961 875 2023 commentariis.
900 1957 935 2022 lu
966 1960 1086 2040 qulbus
1118 1962 1261 2040 sapienter

163 2067 299 2138 notarii,
322 2060 487 2142 quomodo
509 2063 734 2142 intelligendae
754 2065 817 2124 siut
838 2064 996 2142 quaedam
1020 2061 1207 2142 scripturae
1225 2062 1259 2123 lo

162 2165 329 2227 cotiones:
354 2165 408 2226 ubi
431 2164 576 2226 homines
599 2164 690 2227 stulti
713 2172 745 2227 et
767 2168 859 2243 propi
881 2165 1055 2227 animantia
1077 2162 1258 2227 irrationalia

163 2266 330 2341 dicuntur,
346 2266 389 2326 ita
407 2271 511 2325 tameo
535 2271 571 2326 ut
593 2265 672 2327 tales
693 2265 735 2327 ob
757 2267 952 2345 imperitiam
972 2274 1132 2328 vocentur
1146 2280 1258 2344 uonpar

162 2374 324 2431 naturam.
343 2364 438 2442 Quod
463 2366 720 2430 idemsindicavit
742 2386 816 2430 cnm
839 2368 884 2430 ail
907 2368 1068 2429 homiuem
1084 2383 1258 2445 pravnmox

163 2469 296 2548 propria
321 2466 487 2529 voluntate
508 2467 539 2527 iu
563 2475 681 2529 taniam
706 2468 864 2547 proficere
881 2468 1036 2529 malitiam
1053 2469 1097 2544 (c.
1121 2465 1174 2544 V.)
1188 2476 1257 2530 ntea

52 2570 55 2575 '
162 2569 343 2644 efficiatur,
367 2586 451 2647 qnae
473 2569 593 2632 dicitur
616 2574 779 2632 contraria
806 2572 989 2643 virtus„et
1014 2588 1092 2631 saus
1120 2588 1159 2632 eo
1181 2583 1257 2630 sensu

161 2671 398 2751 explanandum
424 2689 462 2732 ac
492 2672 523 2732 iu
551 2674 650 2734 citato
671 2671 911 2735 Commentario
945 2671 1197 2736 Prooerdiornm.
1224 2668 1257 2731 lli

162 2774 246 2833 cuim
268 2789 323 2833 eos
345 2771 551 2849 reprehendit
573 2775 770 2849 nescientes,
792 2775 959 2853 quomodo
981 2777 1013 2836 in
1035 2774 1211 2855 Scripturis
1226 2772 1257 2834 in·

164 2873 331 2951 telligatur
352 2874 461 2946 horno,
485 2873 593 2936 mulus
614 2881 647 2936 ei
668 2893 772 2953 equus
792 2875 950 2938 eliectns:
981 2894 1056 2939 cum
1090 2894 1184 2939 secus
1202 2870 1256 2935 iaia

162 2975 263 3036 stulte
284 2982 315 3035 et
338 2992 507 3053 perperam
530 2976 685 3037 inicarent
716 2995 848 3056 qnoque
880 2979 1005 3039 animae
1037 2974 1256 3040 transmutatio

163 3093 235 3138 uem
264 3076 295 3137 in
323 3084 470 3138 naturam
493 3076 685 3139 doemonum
709 3079 751 3140 ita
774 3086 810 3141 ut
833 3080 904 3141 talis
933 3097 1047 3158 reapse
1076 3079 1180 3143 lieret.
1209 3074 1253 3138 nr.

164 3195 193 3256 g.
211 3181 240 3239 in
256 3176 434 3256 Evangelio
455 3176 589 3240 ioannis
609 3178 746 3255 legitur:
774 3177 861 3241 Unus
883 3198 922 3240 coo
942 3177 1028 3241 codis
1048 3176 1193 3243 diodolus
1210 3181 1252 3239 ost.

162 3277 201 3340 Ei
224 3280 323 3341 alibi:
352 3276 408 3341 Vos
430 3297 468 3340 coc
486 3288 578 3357 patre
598 3279 722 3340 diodoio
743 3279 818 3342 estis
839 3289 900 3343 etc.

239 3378 396 3443 Similiter
415 3400 456 3441 ex
478 3383 582 3441 citatis
603 3378 640 3441 in
662 3379 858 3443 Mastiacum
880 3382 1158 3460 discussionibus,
1189 3385 1253 3461 posi·

158 3499 255 3561 quam
278 3484 388 3545 doonit
408 3481 576 3561 Origenes,
600 3501 703 3562 quare
725 3485 823 3546 homo
845 3483 1004 3548 efficiatur
1027 3504 1140 3563 pocus,
1164 3479 1251 3549 ouidii

161 3583 310 3644 cumdem
333 3584 494 3645 hominem
518 3601 575 3659 per
598 3582 779 3660 proiectum
802 3585 833 3645 ln
856 3587 1005 3658 virtutes,
1030 3585 1101 3647 fieri
1124 3603 1210 3662 posse
1230 3577 1253 3640 fi·

160 3683 240 3745 lium
264 3682 332 3745 llei.
355 3683 448 3759 Quae
472 3685 566 3746 verba
591 3685 702 3744 eodem
727 3695 838 3748 tenore
859 3688 1013 3749 sumenda
1034 3697 1111 3748 sunt
1126 3689 1255 3748 ociosu-

145 3788 304 3861 portori:
327 3788 408 3848 idest
430 3805 492 3848 non
513 3804 572 3864 por
595 3797 743 3850 naturam
762 3786 817 3848 [lei
835 3789 950 3859 illium,
966 3790 1021 3850 sed
1044 3808 1105 3869 per
1118 3787 1253 3851 assimila·

162 3888 303 3962 tionem,
325 3896 360 3948 nt
382 3889 454 3949 irinc
475 3888 676 3966 intelligatur
698 3906 760 3951 cur
782 3889 812 3949 in
837 3888 1034 3952 Poriorclron
1055 3890 1188 3964 dixerit,
1208 3882 1256 3948 aui·

161 4005 228 4048 mas
245 3988 409 4050 homiuum
432 4007 490 4067 per
512 3989 695 4067 proiectum
718 3991 748 4050 io
766 3992 914 4063 virtutes,
933 3993 1052 4054 assumi
1076 3997 1108 4054 iu
1129 3992 1254 4056 ordiaau

160 4089 363 4165 augelorum,
387 4087 444 4152 llei
466 4089 538 4151 liliis
559 4090 694 4168 clientis,
717 4091 790 4154 liliis
812 4091 913 4165 lucis,
937 4090 1012 4153 liliis
1034 4095 1144 4170 pacis,
1168 4086 1255 4156 iloni·

165 4204 205 4248 uo
223 4187 365 4267 iunctis,
387 4189 612 4269 spiritualibus
632 4199 694 4254 eto.
718 4199 755 4253 nt
776 4192 821 4253 ait
840 4190 1043 4271 Apostolum
1066 4202 1101 4258 et
1119 4192 1212 4259 sicuti
1234 4190 1258 4250 il
