2886 4784
164 431 256 492 resim
278 431 409 495 intulit:
434 429 639 498 Paracletum
657 430 781 508 legavit
802 436 833 492 et
851 429 978 492 Patrem
995 430 1169 493 erucitixit.
1192 429 1273 494 Pru·

161 533 359 594 cticaverant
379 550 500 596 avenae
523 550 724 610 praxeanae:
749 533 802 595 hic
824 550 957 610 qunque
978 536 1273 610 superseminatae,

160 631 394 696 dormientibus
417 634 526 695 multis
549 638 581 697 iu
601 633 805 709 simplicitate
827 633 992 694 doctrinae
1001 652 1013 710 3
1038 634 1206 696 traductae
1219 635 1274 695 de·

160 735 233 796 hinc
258 752 318 812 per
339 753 436 813 quem
459 731 545 795 Dens
570 733 685 804 voluit,
709 734 803 793 etiam
821 732 953 794 evulsae
970 732 1163 795 videbantur
1179 742 1274 796 ete.»

160 836 195 899 la
217 837 267 899 his
293 837 398 897 verbis
420 836 582 897 traductas
604 835 685 895 idest
705 834 875 894 damnatae
888 851 1007 894 avanae
1019 852 1203 911 praaaaaar
1216 851 1275 914 par

157 955 249 1016 aaran
274 933 357 996 Deus
379 933 490 1007 notuit,
515 952 576 994 non
600 935 656 995 nisi
679 934 719 994 de
740 950 876 1012 persam
900 933 1072 1015 zephyrini
1097 937 1278 1014 intelligen-

158 1037 235 1099 dum
260 1039 288 1099 id
314 1045 372 1109 est,
397 1039 452 1114 qni
476 1038 556 1097 hauc
582 1035 739 1095 haeresim
772 1046 865 1097 eatra
902 1035 1077 1097 Ecclesiam
1111 1038 1282 1101 traduxit.-

158 1135 262 1219 Cujus
285 1139 433 1217 quamvis
454 1139 486 1198 in
510 1139 570 1199 hoc
592 1138 664 1198 loco
687 1139 857 1200 omittatur
872 1157 999 1212 nometi,
1015 1149 1156 1202 attamen
1171 1142 1275 1221 iuspe-

159 1245 209 1301 cta'
233 1249 342 1299 aetate
365 1239 449 1300 haud
472 1239 573 1299 alium
591 1247 721 1316 praeter
736 1238 822 1300 hunc
838 1237 1023 1302 Pontificem
1037 1241 1198 1320 conjicere
1216 1259 1275 1318 par

160 1347 217 1402 est.
241 1338 274 1401 S.
299 1337 439 1417 Optatus
460 1339 666 1399 milevitanus
689 1339 889 1403 maottesrtns
910 1341 973 1404 hoc
994 1343 1069 1404 dicit
1083 1345 1115 1402 in
1134 1341 1230 1406 Libro
1248 1343 1272 1405 l.

159 1440 318 1503 adversus
342 1438 604 1514 Parmeniannm,
626 1441 788 1514 scribens,
813 1441 972 1503 Praxeam
994 1452 1026 1506 et
1045 1455 1172 1506 ceteros
1197 1453 1276 1507 tem·

159 1545 294 1623 peribus
314 1544 380 1604 suis
402 1561 419 1603 a
441 1540 626 1625 zephyrino
647 1539 768 1604 Urbica
783 1553 814 1604 et
829 1539 1034 1606 Tertulliano
1049 1547 1273 1625 carthaginen·

162 1648 186 1708 si
210 1663 316 1723 usque
338 1645 376 1704 ad
398 1646 612 1724 cataphrygas
633 1653 804 1722 superatos
822 1662 901 1706 esse.
918 1665 935 1704 «
957 1645 1167 1726 Quapropter
1183 1649 1209 1709 si
1226 1667 1276 1711 re-

160 1764 235 1825 apse
257 1744 459 1827 zephyrinus
481 1764 543 1807 una
570 1763 643 1807 cum
669 1744 803 1806 Callisto
826 1745 907 1805 hauc
929 1764 1044 1807 novam
1066 1748 1210 1811 scholam
1231 1768 1275 1814 ex

159 1845 319 1909 Theodoti
341 1857 374 1907 et
397 1844 490 1908 Noeti
512 1847 580 1907 sire
604 1844 749 1907 Praxeae
770 1845 938 1908 erroribus
949 1845 1128 1918 ‚conlatam
1155 1847 1276 1911 Romae

160 1952 373 2023 instituisset,
395 1946 616 2011 Tertullianus
639 1950 669 2008 iu
696 1945 793 2008 Libro
821 1947 976 2010 adversus
994 1950 1102 2023 huuc,
1126 1951 1193 2013 sire
1219 1969 1276 2029 po·

161 2054 223 2114 tius
248 2050 291 2111 De
308 2047 558 2127 Praescriptiaaa
580 2049 730 2111 aduersas
751 2047 921 2109 haereticos
942 2049 1019 2128 (uhi
1044 2051 1064 2110 ii
1088 2052 1273 2130 singillatim
1374 2049 1377 2054 ’

161 2155 370 2215 nominantur
391 2161 422 2212 et
445 2151 642 2223 refutantur,
666 2153 695 2209 in
719 2151 836 2228 quihus
861 2147 1048 2214 Theodotus
1069 2159 1101 2214 et
1126 2151 1273 2230 Praxea'l

160 2272 223 2317 non
247 2255 419 2314 destitisset
440 2253 522 2313 hanc
544 2270 718 2313 numerare
741 2252 912 2322 haeresim,
936 2270 1033 2330 qnam
1060 2252 1180 2316 Romae
1202 2273 1279 2316 eon·

164 2359 312 2418 stitntam
334 2372 404 2415 esse
426 2353 501 2414 dicit
526 2354 714 2432 Anonymus
740 2353 801 2412 suh
826 2352 967 2413 duorum
1000 2353 1189 2417 Pontificum
1223 2373 1290 2433 pa·‚

162 2459 322 2519 trocinto:
347 2475 383 2516 ac
405 2455 543 2532 amplius
566 2472 627 2514 noo
651 2455 840 2514 asseruisset
863 2467 938 2514 tuno
961 2454 1059 2516 luisse
1081 2473 1098 2517 a
1121 2454 1279 2540 zephyri·

160 2577 201 2619 uo
223 2560 543 2619 excommunicatum
569 2555 738 2629 Praxeam‚
756 2574 830 2617 cum
848 2555 932 2635 Papa
955 2559 1029 2618 hnic
1051 2559 1174 2620 haeresi
1190 2576 1277 2621 cnm·

161 2660 368 2720 municasset.
386 2655 475 2719 Unde
492 2656 658 2717 manifeste
674 2665 807 2734 apparet
826 2655 984 2738 Anonymi
1001 2658 1122 2719 illusio.

247 2757 321 2820 Post
339 2760 430 2832 haec,
448 2758 606 2836 patefacta
630 2759 788 2842 Anonymi
805 2758 956 2820 illusione
970 2762 1139 2821 asserentis
1153 2756 1279 2844 zephy-

161 2862 271 2923 rinum
304 2860 447 2921 Praxeae
477 2860 545 2920 sive
571 2856 884 2936 patripassianorum
915 2860 1039 2921 haeresi
1068 2863 1253 2924 convenisse
1266 2901 1283 2936 ‚-

161 2962 345 3032 mirandum
361 2962 400 3020 dc
415 2967 526 3020 cetero
547 2971 606 3032 est,
624 2960 711 3037 quod
736 2959 803 3033 illo,
826 2963 944 3022 omisso
970 2960 1113 3022 Praxeae
1135 2965 1275 3039 nomine,

163 3067 194 3124 in
214 3063 288 3144 ejus
309 3062 419 3123 locum
442 3061 660 3122 introduxerit
683 3057 842 3133 Nectum,
863 3064 1020 3140 istiusque
1043 3062 1217 3140 discipulos
1235 3062 1278 3124 Ε·-

161 3169 315 3244 piganum
337 3172 368 3222 et
381 3161 597 3223 Cleomenem.
615 3159 718 3233 Quem
737 3161 887 3222 ultimum
908 3161 1028 3222 Romae
1043 3163 1187 3223 scholam
1206 3164 1277 3226 iun-

160 3268 254 3327 dasse
275 3265 350 3324 dicit
372 3282 400 3323 c.
415 3259 444 3325 1.
461 3281 490 3322 n.
509 3261 537 3321 7.
555 3265 639 3323 circa
657 3259 829 3340 zephyrini
849 3261 1094 3340 Pontificatum3
1116 3266 1169 3324 cui
1192 3265 1278 3325 dein·

160 3367 200 3427 de
224 3367 329 3441 ipsum
354 3363 470 3440 Papam
493 3361 675 3422 adhaesisse
697 3361 875 3439 praesumit
896 3378 969 3422 cum
1002 3380 1063 3424 sno
1091 3381 1279 3426 successore

159 3464 309 3530 Callisto.

239 3567 314 3630 Jam
337 3567 561 3644 praemisimus
583 3564 704 3626 frustra
728 3564 826 3644 hujus
844 3566 1012 3627 haereseos
1028 3567 1154 3644 culpari
1167 3567 1277 3629 ambos

160 3668 347 3732 Pontifices.
371 3665 465 3728 Nunc
489 3684 566 3728 vero
588 3667 659 3729 aliis
681 3667 720 3727 de
747 3667 851 3728 causis
876 3668 1035 3750 anonymi
1060 3687 1156 3730 error
1186 3685 1280 3729 reve·

158 3771 274 3848 latur;
298 3789 337 3831 ex
360 3778 464 3830 aetate
487 3770 637 3829 nimirum
661 3765 788 3829 ‘Noetir
812 3769 852 3828 de
873 3786 939 3847 ouo
961 3772 1003 3830 ita
1026 3787 1052 3830 s.
1077 3767 1279 3849 Epiphanius

159 3868 297 3932 Haeres.
320 3868 371 3933 51.
396 3888 427 3930 n.
450 3866 479 3930 l.
504 3889 521 3926 «
544 3869 620 3930 Post
651 3869 736 3949 hunc
757 3867 1021 3942 (Bardesanem)
1042 3869 1170 3946 inquit,
1193 3868 1278 3931 alius

158 3970 304 4051 qnidam
316 3973 500 4034 haereticus
522 3969 795 4032 Noetus'nomine
811 3971 930 4048 prodiit
944 3988 1005 4031 non
1024 3968 1134 4032 multis
1151 3969 1280 4031 abhinc

158 4074 265 4147 annis,
281 4069 351 4144 ἀλλ’
363 4067 405 4151 ὥς
428 4063 489 4170 apd
507 4068 626 4175 χρόνου
644 4069 703 4140 τῶν
719 4079 841 4139 τούτων
863 4062 976 4141 imario
995 4069 1169 4168 τριάκοντα
1185 4067 1281 4140 aldran

160 4164 184 4258 ἢ
209 4176 356 4253 ’ἐλάσσω
377 4180 431 4242 sed
454 4189 527 4240 aute
550 4180 607 4242 hos
630 4178 698 4240 iere
720 4190 849 4243 centum
872 4186 904 4241 et
927 4172 1069 4258 triginta,
1093 4180 1124 4239 in
1148 4178 1221 4240 Asia
1243 4197 1279 4242 o·
