2886 4784
162 308 224 378 lffl

159 413 309 490 pietatem
331 407 524 487 corripere,
548 408 636 488 quod
661 408 839 471 moecblam
868 415 903 472 ‚et
932 408 1063 471 caedem
1093 407 1276 482 docuerit,

163 511 342 574 moechiam
364 509 501 584 scilicet,
524 529 566 572 ex
597 528 663 590 quo
696 510 762 588 ipse
794 509 825 570 in
853 508 1014 572 vocabulo
1035 502 1192 612 ἄνανδροι
1213 509 1281 593 sias

160 616 232 682 otro
252 617 536 696 comprehenderit·
555 638 630 681 cum
655 619 793 695 virgines
817 624 884 677 ium
909 614 1046 690 viduas,
1063 620 1150 696 quac
1175 635 1276 683 nossa

161 724 307 784 ineuntes
328 720 468 798 nuptias,
486 721 569 781 iuter
589 720 755 782 adulteras
770 735 787 777 a
803 711 985 779 Nosatiano
1000 718 1274 784 emendabantur.

159 820 311 887 Ceterum
334 839 398 899 qna
422 821 546 883 ratione
568 818 756 900 hujusmodi
778 821 910 881 erimina
927 818 1127 899 inscripserit
1144 821 1276 905 Anony-

162 941 234 986 mns
244 921 391 998 Callisto,
404 930 468 984 non
483 923 586 984 video.
596 922 652 983 Ab
665 923 753 984 initio
768 921 852 983 noim
866 922 968 1000 inquit
985 916 1188 997 Pontificem,
1199 940 1273 987 con·

159 1022 280 1087 ditione
301 1025 522 1086 animadversa
546 1022 722 1085 mulierum
745 1023 968 1099 innuptarum,
991 1019 1139 1103 floreque
1156 1023 1273 1104 juren-¹

162 1126 240 1188 totis
266 1126 583 1196 excandescentinm,
606 1126 643 1185 iis
670 1124 850 1202 permisisse
869 1123 1022 1214 νομίμως
1042 1123 1195 1204 legitimis
1218 1144 1274 1193 nn·

160 1229 232 1309 ptiis
253 1248 287 1291 se
308 1229 510 1306 obstringere
535 1230 731 1306 cuicumque
753 1245 795 1289 ex
818 1231 948 1308 propria
971 1230 1129 1301 electione
1154 1227 1275 1292 vellent

96 1330 105 1341 ”
162 1330 252 1405 siro,
274 1332 341 1393 sive
363 1330 488 1418 libero,
510 1331 578 1404 sive
599 1347 707 1392 servo.
732 1325 873 1410 ideoque
891 1332 918 1393 si
940 1329 1093 1396 Callistus
1112 1325 1274 1433 ἐπέτρεψεν

159 1433 304 1512 permisit
326 1431 450 1493 leminis
471 1432 612 1511 innuptis
634 1431 820 1512 conjugium
833 1453 844 1510 ;
866 1435 944 1495 etsi
967 1451 1007 1496 ex
1029 1434 1091 1496 boc
1109 1439 1272 1500 marrubio

161 1534 298 1597 lortasse
320 1534 493 1596 subsecuta
516 1536 577 1596 sint
597 1535 666 1596 sire
686 1536 861 1607 adulteria,
886 1538 936 1598 vel
960 1536 1173 1611 infanticidia,
1197 1556 1273 1601 non·

158 1636 236 1716 quid
258 1639 469 1714 consequitor
491 1633 661 1700 Callistum
685 1637 759 1700 talia
774 1639 934 1715 ..probasse
952 1638 1116 1704 crimina?
1139 1637 1181 1702 dt
1203 1642 1274 1720 quta

160 1737 204 1799 ita
226 1733 345 1816 potet?
366 1733 457 1799 Tunc
477 1739 561 1798 enim
577 1755 638 1799 noir
654 1737 760 1800 solum
777 1739 965 1817 Apostolus,
981 1740 1034 1802 sed
1049 1751 1081 1802 et
1096 1742 1164 1820 ipsa
1180 1739 1275 1805 letus

159 1837 190 1898 in
212 1837 323 1898 eadem
345 1843 429 1898 esset
449 1854 559 1911 cansa,
578 1838 680 1916 quiin
700 1835 844 1901 llcclesia
861 1841 988 1902 admisit
1006 1840 1147 1919 nuptias,
1162 1857 1275 1920 qnam·

162 1937 208 1998 sis
229 1955 271 1999 ex
293 1938 342 1998 bis
363 1936 525 1999 adulteria
549 1946 580 1999 et
604 1939 798 2000 infanticidia
821 1939 971 2003 subitura
992 1942 1103 2003 sciret.

238 2037 270 2100 st
287 2036 440 2103 Callistus
456 2038 600 2117 permisit
622 2040 814 2102 mulieribus
836 2042 864 2103 ei
887 2042 1010 2103 nubere
1031 2057 1276 2121 quemcumque

159 2141 368 2219 optavissent,
384 2140 573 2203 excluditur
589 2127 768 2203 necessitas
782 2143 924 2223 coangii
938 2162 980 2206 ea
997 2143 1143 2205 molieris
1160 2150 1273 2221 parte:

158 2248 190 2304 ei
212 2243 284 2305 binc
305 2261 346 2306 ex
367 2261 428 2305 sno
447 2241 523 2322 jure
545 2241 734 2321 desponsata
757 2251 788 2304 ei
808 2245 870 2307 snb
893 2252 1050 2320 potestate
1073 2243 1135 2306 riri
1166 2243 1273 2319 facia,

159 2344 186 2406 si
201 2351 362 2422 peccaret,
380 2332 491 2404 reatus
513 2360 576 2405 uon
597 2343 730 2408 Callisto
753 2346 961 2424 permittenti,
978 2344 1032 2407 sed
1051 2347 1149 2408 uxori
1173 2344 1278 2424 impu·

160 2446 304 2519 tabator,
321 2461 405 2523 quae
426 2442 578 2521 legitimis
600 2445 719 2523 nuptiis
740 2455 853 2521 sponte
875 2446 1040 2518 adstricta,
1063 2445 1191 2519 deinde,
1210 2463 1276 2507 mn·

162 2553 229 2610 tato
250 2548 397 2620 consilio,
416 2547 491 2609 talia
516 2549 666 2626 patravit.
685 2545 724 2609 llt
739 2548 928 2627 quantaevis
951 2564 1068 2607 causae
1089 2547 1129 2606 ad
1147 2548 1206 2607 bas
1223 2548 1279 2608 im·

161 2648 339 2727 probitates
362 2649 524 2722 incitarint
547 2667 694 2720 uxores,
726 2649 836 2709 nullae
869 2646 987 2709 referri
1017 2657 1146 2725 possent
1178 2664 1276 2726 snpra

160 2747 346 2820 Callistum,
370 2757 507 2829 excepto
531 2750 680 2828 prudenti
702 2750 857 2822 consilio,
880 2766 947 2828 quo
970 2767 1046 2809 usus
1070 2756 1119 2810 est
1142 2747 1279 2824 Aposto-

159 2847 234 2911 lus:
257 2847 369 2910 melius
389 2857 434 2911 est
454 2849 568 2910 potere
588 2867 685 2928 quom
712 2848 776 2911 nri.
806 2848 975 2928 itemque,
1000 2851 1025 2912 si
1052 2855 1125 2928 posi
1149 2850 1277 2928 nuptias

161 2949 270 3021 initas,
287 2951 450 3029 displicuit
473 2953 663 3014 mulieribus
681 2953 721 3012 ob
738 2954 936 3031 propinquos
959 2961 990 3013 et
1013 2953 1185 3012 immensos
1201 2950 1279 3011 divi·

162 3053 221 3114 tias
242 3054 387 3131 nupsisse
412 3056 489 3116 viris
510 3054 612 3114 servis
637 3053 686 3113 vel
710 3052 836 3114 iulinrae
858 3053 993 3126 classis,
1028 3069 1090 3112 non
1124 3050 1279 3115 Callistus

161 3154 388 3238 corripiendus
410 3153 504 3227 esset,
527 3154 581 3215 sed
604 3156 758 3232 ipsaemet
775 3153 935 3215 pontilicis
954 3155 1042 3216 venia
1059 3153 1193 3215 abusae.
1210 3150 1280 3216 Non

161 3255 244 3317 enim
266 3263 316 3318 est
345 3259 617 3335 praesumendum
651 3255 819 3318 Callistum
851 3256 1037 3337 hujusmodi
1071 3255 1277 3316 matrimonia

160 3357 353 3420 concessisse
375 3359 406 3418 io
430 3355 587 3432 Ecclesia,
612 3359 711 3435 probe
733 3359 896 3419 conscium
920 3374 1041 3419 uxores
1070 3355 1169 3418 luisse
1191 3356 1279 3418 debi-

163 3466 194 3518 ta
216 3457 400 3537 conjugalia
423 3458 684 3536 pessumdaturas
706 3468 763 3521 aut
784 3459 967 3531 adulterio,
993 3459 1042 3521 vel
1067 3457 1277 3521 infanticidio.

161 3553 209 3619 lle
230 3557 359 3635 reliquo
380 3558 572 3621 ostendatur
594 3562 682 3633 mibi,
706 3560 782 3640 quid
804 3561 863 3621 sibi
889 3561 965 3622 velit
989 3541 1182 3641 anonymus
1196 3577 1280 3622 asse·

160 3675 245 3731 rens,
263 3657 432 3720 Callistum
450 3661 630 3737 permisisse
649 3661 772 3723 leminis
786 3661 944 3740 legitimas
961 3662 1040 3722 inire
1057 3663 1190 3740 nuptias
1205 3678 1278 3722 cum

163 3776 252 3836 nno,
276 3777 518 3841 quemcumque
545 3763 729 3840 selegissent
756 3763 927 3840 coniugem
954 3764 1021 3823 sive
1050 3763 1195 3824 liberum
1222 3769 1279 3823 aot

162 3878 308 3936 serrum,
331 3869 361 3923 et
384 3862 469 3926 bunc
490 3864 637 3940 reputari
661 3882 718 3942 pro
741 3867 857 3926 marito
881 3862 1063 3941 illegitimo.

245 3958 462 4026 Nihilominus
483 3963 559 4025 sati-s
581 3965 699 4025 conscii
721 3981 795 4026 cum
817 3963 930 4038 simus,
956 3961 1163 4047 boonymnm
1188 3961 1281 4022 indu·

161 4069 270 4124 meato
291 4059 464 4143 Novatiani
486 4061 696 4139 obvolutum,
718 4071 891 4125 venenatas
911 4066 1042 4142 sagittas
1064 4079 1141 4124 suas
1169 4059 1281 4141 jacere

161 4163 194 4224 ln
218 4157 448 4244 Episcopatum
473 4162 655 4228 Romanum
677 4173 734 4228 aut
750 4165 780 4226 in
797 4161 974 4227 Ecclesiam
988 4162 1205 4233 Catholicom,
1223 4179 1282 4222 an·
