2886 4784
226 441 318 508 Hanc
341 463 441 523 porro
464 447 564 508 teneri
588 447 708 528 ubique
731 448 802 511 fidoi
827 449 1081 527 professionem,
1118 344 1269 510 Ecclesia?

140 535 295 601 Romana
317 545 515 620 praeeunte,
539 552 728 620 acceptum,
753 544 920 623 probatam
949 560 988 604 ao
1019 542 1266 603 immutabiliter

140 653 310 705 servatam
324 643 409 704 circa
424 638 596 722 zephyrini
611 655 641 704 ct
655 644 779 706 Callisti
796 654 933 706 aetatem
952 653 1110 706 testantur
1129 644 1265 723 scripto-

140 761 204 806 res.
222 743 256 805 S.
270 743 425 806 lreoaeus
440 746 469 804 in
483 742 579 804 Libro
592 743 620 809 1.
640 748 791 807 adversus
812 744 960 807 Haereses
982 765 1010 806 o.
1033 744 1072 806 X.
1086 763 1115 805 n.
1131 741 1159 806 1.
1174 764 1190 801 «
1207 742 1267 806 Ec·

145 842 244 905 olesia
269 846 367 919 enim,
391 845 479 917 dicit,
497 864 555 923 per
578 847 765 908 universum
788 849 899 908 orbem
923 848 1086 926 usquead
1110 846 1187 906 fines
1204 856 1267 907 ter·

149 961 200 1006 rae
215 947 388 1019 seminate,
402 955 433 1007 et
454 945 494 1004 ab
517 947 682 1023 Apostolis
698 958 729 1008 et
745 949 908 1026 discipulis
924 967 1037 1009 eorum
1054 949 1177 1023 accepit
1190 964 1260 1007 eam

148 1044 255 1121 fldem,
282 1063 365 1124 quae
387 1055 434 1107 est
456 1047 486 1105 in
509 1067 609 1109 unum
633 1046 737 1110 Deum
761 1049 888 1110 Patrem
910 1052 1184 1125 omnipotentem,
1207 1047 1263 1126 qui

148 1145 222 1209 lecit
244 1146 375 1208 coelum
398 1154 429 1207 et
452 1155 571 1209 terram
595 1157 627 1210 et
649 1167 738 1210 orare
761 1159 792 1210 et
814 1151 932 1222 omnic,
950 1168 1034 1228 quac
1057 1151 1087 1207 in
1110 1150 1154 1209 eis
1176 1156 1265 1222 sunt,

150 1257 176 1308 nt
198 1248 232 1308 in
255 1266 358 1309 unum
380 1246 491 1311 Jesum
514 1248 677 1312 Christum
704 1248 820 1312 Filium
838 1250 894 1312 Dei
912 1253 1113 1312 incarnatum
1131 1268 1189 1329 pro
1206 1268 1262 1310 no·

150 1357 214 1410 stra
236 1348 357 1422 salute,
376 1358 406 1410 et
428 1350 458 1409 in
481 1348 638 1428 Spiritum
655 1349 821 1426 Sanctum,
838 1352 893 1430 qni
911 1369 968 1430 per
985 1352 1156 1430 prophetas
1173 1368 1265 1430 prae·

150 1449 271 1512 dicerit
294 1450 515 1526 dispositiones
539 1436 596 1512 bei
620 1460 681 1512 elc.
705 1469 721 1507 o

229 1548 262 1612 S.
286 1547 482 1630 Hippolytus
504 1561 615 1614 contra
640 1552 797 1612 haeresim
820 1549 916 1614 Nocti
930 1570 961 1613 n.
977 1550 1007 1616 8.
1024 1553 1155 1629 scribit:
1170 1573 1186 1610 tr
1201 1551 1264 1615 Nc-

151 1671 238 1716 cesse
262 1663 310 1714 est
332 1671 435 1730 ergo,
460 1663 495 1716 ut
517 1655 665 1732 quamvis
687 1655 766 1715 nolit
787 1654 981 1717 confitentur
1004 1652 1131 1716 Patrem
1161 1652 1265 1716 Deum

151 1755 413 1834 omnipotentem,
437 1762 469 1815 ct
490 1754 653 1816 Christum
670 1755 781 1818 lesum
799 1754 917 1830 Filium
935 1753 1004 1828 Dei,
1022 1753 1124 1816 Deum
1142 1754 1263 1817 iactum

151 1857 326 1929 bominem,
350 1857 402 1917 oni
424 1857 529 1917 omnia
552 1857 691 1936 subjecit
717 1857 813 1918 Peter
836 1867 965 1937 praeter
985 1875 1036 1929 se,
1058 1865 1090 1918 et
1111 1856 1267 1935 Spiritum

150 1957 320 2043 Sanctum,
340 1965 371 2019 et
394 1959 450 2019 bos
473 1977 541 2020 esse
565 1978 640 2020 vere
657 1968 732 2021 tres.
750 1958 886 2034 Quodsi
906 1961 987 2032 vult,
1004 1959 1167 2037 quomodo
1184 1977 1267 2020 unus

150 2058 237 2122 Dens
259 2060 512 2131 demonstretur,
533 2062 610 2122 sciet
634 2069 728 2122 unam
752 2079 819 2123 esse
837 2062 989 2147 uirtutem
1006 2061 1072 2120 sive
1089 2061 1262 2137 potentiam

151 2160 260 2241 hujus.
285 2179 302 2216 o
326 2157 368 2221 Et
390 2160 420 2220 in
442 2179 471 2221 n.
495 2155 544 2226 tl.
569 2161 765 2224 concludens
787 2161 943 2222 adversus
966 2146 1113 2222 eumdem
1130 2161 1269 2220 baereti-

153 2277 227 2322 cum
249 2258 437 2323 Catholicae
460 2259 625 2322 Ecclesiae
649 2261 742 2322 fidem
759 2263 797 2322 de
814 2261 875 2322 boe
892 2258 1065 2343 Mysterio,
1082 2278 1121 2321 ex
1141 2258 1268 2320 verbis:

151 2359 184 2422 in
200 2358 368 2440 principio
390 2371 458 2424 erat
487 2359 622 2437 Verbum,
639 2371 667 2423 et
688 2360 811 2425 Verbum
826 2373 894 2423 erat
908 2363 995 2441 opud
1011 2359 1121 2432 Deum,
1138 2359 1264 2422 scribit:

154 2463 220 2527 cSi
244 2480 322 2541 ergo
346 2460 488 2524 Verbum
512 2473 582 2524 erat
603 2465 687 2543 apud
713 2463 827 2537 Deum,
851 2475 881 2526 et
905 2462 992 2525 Deus
1014 2471 1097 2534 erat,
1120 2461 1197 2540 quid
1217 2478 1267 2521 er·

153 2563 335 2644 politices
356 2583 395 2626 ne
417 2565 534 2642 aliquis
558 2566 665 2628 dicere
686 2565 843 2628 loannem
867 2566 948 2628 duos
971 2563 1064 2626 [lens.
1088 2561 1176 2626 Duos
1198 2561 1269 2640 qui·
1302 2560 1306 2571 “

153 2665 223 2729 dem
247 2663 331 2726 Deos
354 2683 415 2726 non
438 2666 554 2737 dicem,
570 2667 623 2727 sed
649 2686 763 2740 unum,
779 2685 930 2744 personas
949 2683 1026 2728 vero
1048 2666 1150 2727 duas:
1174 2679 1268 2725 oeen-

154 2766 293 2829 nomiam
318 2768 458 2839 tertiam,
481 2769 616 2843 gretiam
639 2769 710 2828 dico
732 2766 870 2845 Spiritus
892 2766 1008 2828 Sancti.
1029 2765 1124 2827 Pater
1137 2764 1267 2841 quidem

154 2888 250 2945 unus,
276 2886 431 2948 personae
456 2886 532 2929 vero
556 2868 652 2942 dnae,
677 2873 750 2947 qnia
775 2880 806 2930 et
823 2868 946 2931 Filius:
966 2868 1058 2930 tertia
1075 2874 1184 2928 antem
1201 2861 1268 2941 Spi-

153 2974 233 3034 ritus
255 2969 402 3033 Sanotus.
430 2968 525 3030 Pater
547 2970 687 3044 mandat,
713 2966 855 3030 Verbum
878 2967 1023 3047 perficit,
1040 2964 1142 3028 Filius
1156 2975 1264 3027 autem

154 3072 346 3146 ostenditur,
370 3088 548 3150 perquem
572 3069 669 3132 Pater
691 3072 847 3132 creditur.
869 3067 1065 3131 Oeconomia
1089 3065 1269 3129 consensio·

155 3176 200 3236 nis
225 3172 386 3251 redigitur
406 3172 444 3232 ed
469 3188 569 3233 unum
586 3169 700 3232 Deum.
718 3168 807 3233 Urius
822 3177 869 3231 est
884 3171 966 3230 enim
984 3166 1070 3246 Deus
1084 3168 1165 3255 equi
1182 3183 1270 3228 men·

155 3276 221 3351 dat,
245 3274 343 3337 Pater
354 3295 366 3353 3
388 3274 443 3353 qui
465 3273 585 3348 obedit,
610 3270 732 3335 Filius:
756 3274 811 3352 qui
827 3273 920 3334 docet
937 3269 1114 3343 scientiam,
1130 3267 1268 3345 Spiritus

155 3375 290 3441 Sanctus
311 3384 373 3438 etc.
396 3395 412 3433 i>
438 3374 471 3437 ln
488 3393 551 3455 qua
570 3375 710 3437 lormula
736 3374 792 3436 Dei
820 3375 923 3435 unitas
940 3373 970 3433 in
986 3371 1136 3444 essentia,
1152 3363 1270 3430 etTri-

157 3480 236 3541 nitas
259 3481 290 3539 in
314 3480 456 3557 personis
479 3477 639 3538 indicatur
662 3477 830 3554 perspicue
852 3483 884 3536 et
904 3478 971 3537 sine
999 3472 1186 3536 contusione
1214 3469 1270 3530 ad.-

157 3600 270 3644 rersus
291 3598 342 3655 ea,
365 3599 449 3660 quac
467 3579 654 3662 Anonymus
672 3578 799 3657 putavit
821 3578 994 3640 inscribere
1016 3575 1144 3638 duobus
1167 3568 1271 3635 Ponti·

155 3681 267 3747 tisibus
289 3681 473 3765 Zephyrion
496 3690 527 3742 ot
549 3679 695 3743 Callisto.

232 3782 455 3845 Tertullianus
479 3799 578 3859 porro
601 3783 715 3843 ceteris
737 3781 869 3844 excellit
891 3779 922 3841 in
953 3780 1012 3840 bno
1044 3773 1269 3857 pertractanda

155 3888 365 3968 quaestione,
390 3884 634 3946 tundamentum
665 3883 828 3946 collocans
850 3877 1139 3960 argumentationis
1168 3893 1268 3955 super

156 3987 365 4067 apostolicam
388 3984 568 4046 doctrinam
587 4002 624 4046 ac
641 3984 832 4061 praesertim
847 4000 946 4063 super
963 3977 1192 4041 confessionem
1210 3975 1270 4038 Eo·

157 4090 272 4152 elesiae
295 4087 470 4150 Romanae.
488 4085 539 4150 Bis
558 4089 641 4149 enirn
658 4086 696 4149 de
711 4087 773 4150 hoc
789 4086 944 4164 disputat,
961 4084 991 4142 in
1006 4079 1105 4143 Libro
1125 4077 1166 4140 De
1175 4096 1269 4156 prae·

157 4188 377 4270 scriptionibus
398 4190 550 4253 odoersur
569 4188 751 4264 haereticos,
773 4193 805 4252 et
826 4187 857 4249 in
879 4186 984 4248 altero
1008 4183 1165 4246 Aduersus
1189 4179 1270 4242 Pro·
