<?xml version="1.0" encoding="UTF-8"?>
<!DOCTYPE html PUBLIC "-//W3C//DTD XHTML 1.0 Transitional//EN"
    "http://www.w3.org/TR/xhtml1/DTD/xhtml1-transitional.dtd">
<html xmlns="http://www.w3.org/1999/xhtml" xml:lang="en" lang="en">
 <head>
  <title>
</title>
<meta http-equiv="Content-Type" content="text/html;charset=utf-8" />
  <meta name='ocr-system' content='tesseract 3.04.00' />
  <meta name='ocr-capabilities' content='ocr_page ocr_carea ocr_par ocr_line ocrx_word'/>
</head>
<body>
  <div class='ocr_page' id='page_1' title='image "./insgregoriinyss00vincgoog/insgregoriinyss00vincgoog_0128.png"; bbox 0 0 2886 4784; ppageno 0'>
   <div class='ocr_carea' id='block_1_1' title="bbox 1221 367 1282 435">
    <p class='ocr_par' dir='ltr' id='par_1_1' title="bbox 1221 367 1282 435">
     <span class='ocr_line' id='line_1_1' title="bbox 1221 367 1282 435; baseline 0.016 -1"><span class='ocrx_word' id='word_1_1' title='bbox 1221 367 1282 435; x_wconf 81' lang='lat' dir='ltr'><strong>lili</strong></span> 
     </span>
    </p>
   </div>
   <div class='ocr_carea' id='block_1_2' title="bbox 157 464 1279 651">
    <p class='ocr_par' dir='ltr' id='par_1_2' title="bbox 157 464 1279 651">
     <span class='ocr_line' id='line_1_2' title="bbox 157 464 1278 549; baseline 0.003 -19"><span class='ocrx_word' id='word_1_2' title='bbox 157 466 297 541; x_wconf 87' lang='lat' dir='ltr'><strong>reticis,</strong></span> <span class='ocrx_word' id='word_1_3' title='bbox 320 481 432 544; x_wconf 81' lang='lat' dir='ltr'>nempe</span> <span class='ocrx_word' id='word_1_4' title='bbox 454 464 493 527; x_wconf 91' lang='lat' dir='ltr'><strong>da</strong></span> <span class='ocrx_word' id='word_1_5' title='bbox 515 467 735 530; x_wconf 82' lang='lat' dir='ltr'><strong>convenientia</strong></span> <span class='ocrx_word' id='word_1_6' title='bbox 758 485 832 532; x_wconf 90' lang='lat' dir='ltr'><strong>cnm</strong></span> <span class='ocrx_word' id='word_1_7' title='bbox 853 467 891 531; x_wconf 93' lang='lat' dir='ltr'><strong>iis</strong></span> <span class='ocrx_word' id='word_1_8' title='bbox 913 468 1094 549; x_wconf 88' lang='lat' dir='ltr'><strong>disputandi</strong></span> <span class='ocrx_word' id='word_1_9' title='bbox 1120 473 1216 536; x_wconf 89' lang='lat' dir='ltr'><strong>aliter</strong></span> <span class='ocrx_word' id='word_1_10' title='bbox 1238 475 1278 533; x_wconf 88' lang='lat' dir='ltr'><strong>ab</strong></span> 
     </span>
     <span class='ocr_line' id='line_1_3' title="bbox 159 564 1279 651; baseline 0.006 -25"><span class='ocrx_word' id='word_1_11' title='bbox 159 584 224 639; x_wconf 89' lang='lat' dir='ltr'><strong>eo,</strong></span> <span class='ocrx_word' id='word_1_12' title='bbox 256 564 343 645; x_wconf 94' lang='lat' dir='ltr'><strong>qnod</strong></span> <span class='ocrx_word' id='word_1_13' title='bbox 372 572 483 626; x_wconf 89' lang='lat' dir='ltr'><strong>narrat</strong></span> <span class='ocrx_word' id='word_1_14' title='bbox 510 564 697 649; x_wconf 76' lang='lat' dir='ltr'><strong>Anonymns</strong></span> <span class='ocrx_word' id='word_1_15' title='bbox 725 568 764 631; x_wconf 85' lang='lat' dir='ltr'><strong>de</strong></span> <span class='ocrx_word' id='word_1_16' title='bbox 793 566 976 651; x_wconf 75' lang='lat' dir='ltr'><strong>zephyrino</strong></span> <span class='ocrx_word' id='word_1_17' title='bbox 1005 577 1035 631; x_wconf 88' lang='lat' dir='ltr'><strong>et</strong></span> <span class='ocrx_word' id='word_1_18' title='bbox 1067 569 1200 634; x_wconf 76' lang='lat' dir='ltr'><strong>Callisto</strong></span> <span class='ocrx_word' id='word_1_19' title='bbox 1229 592 1279 636; x_wconf 87' lang='lat' dir='ltr'><strong>sa·</strong></span> 
     </span>
    </p>
   </div>
   <div class='ocr_carea' id='block_1_3' title="bbox 154 666 1278 4253">
    <p class='ocr_par' dir='ltr' id='par_1_3' title="bbox 154 666 1278 3031">
     <span class='ocr_line' id='line_1_4' title="bbox 157 666 1277 747; baseline 0.007 -22"><span class='ocrx_word' id='word_1_20' title='bbox 157 683 235 728; x_wconf 89' lang='lat' dir='ltr'><strong>cum</strong></span> <span class='ocrx_word' id='word_1_21' title='bbox 259 667 329 743; x_wconf 88' lang='lat' dir='ltr'><strong>ipso</strong></span> <span class='ocrx_word' id='word_1_22' title='bbox 350 675 381 726; x_wconf 91' lang='lat' dir='ltr'><strong>et</strong></span> <span class='ocrx_word' id='word_1_23' title='bbox 403 683 477 726; x_wconf 90' lang='lat' dir='ltr'><strong>cnm</strong></span> <span class='ocrx_word' id='word_1_24' title='bbox 501 666 671 730; x_wconf 71' lang='lat' dir='ltr'><strong>haereticis</strong></span> <span class='ocrx_word' id='word_1_25' title='bbox 703 667 949 747; x_wconf 70' lang='lat' dir='ltr'><strong>disputantibus.</strong></span> <span class='ocrx_word' id='word_1_26' title='bbox 974 666 1100 732; x_wconf 77' lang='lat' dir='ltr'><strong>Auctor</strong></span> <span class='ocrx_word' id='word_1_27' title='bbox 1131 670 1213 733; x_wconf 91' lang='lat' dir='ltr'><strong>anim</strong></span> <span class='ocrx_word' id='word_1_28' title='bbox 1245 674 1277 747; x_wconf 87' lang='lat' dir='ltr'><strong>ip</strong></span> 
     </span>
     <span class='ocr_line' id='line_1_5' title="bbox 156 764 1277 848; baseline 0.006 -20"><span class='ocrx_word' id='word_1_29' title='bbox 156 766 258 828; x_wconf 91' lang='lat' dir='ltr'><strong>citato</strong></span> <span class='ocrx_word' id='word_1_30' title='bbox 280 765 379 827; x_wconf 88' lang='lat' dir='ltr'><strong>Libro</strong></span> <span class='ocrx_word' id='word_1_31' title='bbox 403 764 446 827; x_wconf 88' lang='lat' dir='ltr'><strong>De</strong></span> <span class='ocrx_word' id='word_1_32' title='bbox 464 765 770 848; x_wconf 80' lang='lat' dir='ltr'><strong>praescriptionibus</strong></span> <span class='ocrx_word' id='word_1_33' title='bbox 791 770 947 831; x_wconf 83' lang='lat' dir='ltr'><strong>adversus</strong></span> <span class='ocrx_word' id='word_1_34' title='bbox 970 771 1112 844; x_wconf 89' lang='lat' dir='ltr'><strong>eosdem,</strong></span> <span class='ocrx_word' id='word_1_35' title='bbox 1130 790 1204 834; x_wconf 89' lang='lat' dir='ltr'><strong>curu</strong></span> <span class='ocrx_word' id='word_1_36' title='bbox 1228 774 1277 835; x_wconf 91' lang='lat' dir='ltr'><strong>bis</strong></span> 
     </span>
     <span class='ocr_line' id='line_1_6' title="bbox 157 866 1278 953; baseline 0.009 -27"><span class='ocrx_word' id='word_1_37' title='bbox 157 866 255 929; x_wconf 91' lang='lat' dir='ltr'><strong>docet</strong></span> <span class='ocrx_word' id='word_1_38' title='bbox 270 885 360 940; x_wconf 86' lang='lat' dir='ltr'><strong>raro,</strong></span> <span class='ocrx_word' id='word_1_39' title='bbox 377 885 416 930; x_wconf 90' lang='lat' dir='ltr'><strong>ac</strong></span> <span class='ocrx_word' id='word_1_40' title='bbox 430 887 491 929; x_wconf 93' lang='lat' dir='ltr'><strong>non</strong></span> <span class='ocrx_word' id='word_1_41' title='bbox 514 871 571 931; x_wconf 90' lang='lat' dir='ltr'><strong>nisi</strong></span> <span class='ocrx_word' id='word_1_42' title='bbox 594 872 776 931; x_wconf 89' lang='lat' dir='ltr'><strong>cautissime</strong></span> <span class='ocrx_word' id='word_1_43' title='bbox 799 871 1053 933; x_wconf 86' lang='lat' dir='ltr'><strong>contendendum</strong></span> <span class='ocrx_word' id='word_1_44' title='bbox 1075 892 1157 947; x_wconf 85' lang='lat' dir='ltr'><strong>esse,</strong></span> <span class='ocrx_word' id='word_1_45' title='bbox 1174 882 1204 934; x_wconf 92' lang='lat' dir='ltr'><strong>et</strong></span> <span class='ocrx_word' id='word_1_46' title='bbox 1222 892 1278 953; x_wconf 94' lang='lat' dir='ltr'><strong>po·</strong></span> 
     </span>
     <span class='ocr_line' id='line_1_7' title="bbox 163 966 1277 1052; baseline 0.006 -24"><span class='ocrx_word' id='word_1_47' title='bbox 163 966 321 1029; x_wconf 86' lang='lat' dir='ltr'><strong>tissimum</strong></span> <span class='ocrx_word' id='word_1_48' title='bbox 345 968 384 1030; x_wconf 88' lang='lat' dir='ltr'><strong>da</strong></span> <span class='ocrx_word' id='word_1_49' title='bbox 406 967 532 1030; x_wconf 87' lang='lat' dir='ltr'><strong>divinae</strong></span> <span class='ocrx_word' id='word_1_50' title='bbox 563 967 728 1032; x_wconf 79' lang='lat' dir='ltr'><strong>Trinitatis</strong></span> <span class='ocrx_word' id='word_1_51' title='bbox 752 969 919 1052; x_wconf 87' lang='lat' dir='ltr'><strong>Mysterio.</strong></span> <span class='ocrx_word' id='word_1_52' title='bbox 945 970 991 1031; x_wconf 81' lang='lat' dir='ltr'><strong>dc</strong></span> <span class='ocrx_word' id='word_1_53' title='bbox 1013 972 1108 1046; x_wconf 91' lang='lat' dir='ltr'><strong>ideo,</strong></span> <span class='ocrx_word' id='word_1_54' title='bbox 1132 974 1277 1050; x_wconf 79' lang='lat' dir='ltr'><strong>exposita</strong></span> 
     </span>
     <span class='ocr_line' id='line_1_8' title="bbox 160 1066 1273 1149; baseline 0.007 -22"><span class='ocrx_word' id='word_1_55' title='bbox 160 1066 221 1129; x_wconf 91' lang='lat' dir='ltr'><strong>bac</strong></span> <span class='ocrx_word' id='word_1_56' title='bbox 243 1067 317 1129; x_wconf 88' lang='lat' dir='ltr'><strong>lidei</strong></span> <span class='ocrx_word' id='word_1_57' title='bbox 341 1070 451 1147; x_wconf 80' lang='lat' dir='ltr'><strong>regula</strong></span> <span class='ocrx_word' id='word_1_58' title='bbox 474 1088 504 1130; x_wconf 90' lang='lat' dir='ltr'><strong>n.</strong></span> <span class='ocrx_word' id='word_1_59' title='bbox 527 1068 635 1132; x_wconf 85' lang='lat' dir='ltr'><strong>Xllll.</strong></span> <span class='ocrx_word' id='word_1_60' title='bbox 658 1072 787 1132; x_wconf 85' lang='lat' dir='ltr'><strong>subdit:</strong></span> <span class='ocrx_word' id='word_1_61' title='bbox 813 1091 829 1128; x_wconf 85' lang='grc' dir='ltr'><strong>ιι</strong></span> <span class='ocrx_word' id='word_1_62' title='bbox 845 1069 934 1132; x_wconf 88' lang='lat' dir='ltr'><strong>Haec</strong></span> <span class='ocrx_word' id='word_1_63' title='bbox 956 1072 1068 1149; x_wconf 80' lang='lat' dir='ltr'><strong>regula</strong></span> <span class='ocrx_word' id='word_1_64' title='bbox 1092 1090 1108 1132; x_wconf 89' lang='lat' dir='ltr'><strong>a</strong></span> <span class='ocrx_word' id='word_1_65' title='bbox 1132 1071 1273 1148; x_wconf 89' lang='lat' dir='ltr'><strong>Christo,</strong></span> 
     </span>
     <span class='ocr_line' id='line_1_9' title="bbox 160 1167 1271 1250; baseline 0.005 -22"><span class='ocrx_word' id='word_1_66' title='bbox 160 1175 196 1228; x_wconf 88' lang='lat' dir='ltr'><strong>nt</strong></span> <span class='ocrx_word' id='word_1_67' title='bbox 217 1167 413 1244; x_wconf 80' lang='lat' dir='ltr'><strong>probabitur</strong></span> <span class='ocrx_word' id='word_1_68' title='bbox 434 1171 591 1242; x_wconf 85' lang='lat' dir='ltr'><strong>instituta,</strong></span> <span class='ocrx_word' id='word_1_69' title='bbox 614 1169 719 1231; x_wconf 92' lang='lat' dir='ltr'><strong>nullas</strong></span> <span class='ocrx_word' id='word_1_70' title='bbox 742 1171 838 1232; x_wconf 91' lang='lat' dir='ltr'><strong>babct</strong></span> <span class='ocrx_word' id='word_1_71' title='bbox 859 1171 943 1247; x_wconf 92' lang='lat' dir='ltr'><strong>apud</strong></span> <span class='ocrx_word' id='word_1_72' title='bbox 967 1189 1022 1231; x_wconf 90' lang='lat' dir='ltr'><strong>nos</strong></span> <span class='ocrx_word' id='word_1_73' title='bbox 1045 1174 1271 1250; x_wconf 83' lang='lat' dir='ltr'><strong>quaestiones,</strong></span> 
     </span>
     <span class='ocr_line' id='line_1_10' title="bbox 159 1268 1274 1348; baseline 0.008 -19"><span class='ocrx_word' id='word_1_74' title='bbox 159 1269 217 1329; x_wconf 88' lang='lat' dir='ltr'><strong>nisi</strong></span> <span class='ocrx_word' id='word_1_75' title='bbox 239 1286 322 1347; x_wconf 92' lang='lat' dir='ltr'><strong>quas</strong></span> <span class='ocrx_word' id='word_1_76' title='bbox 343 1268 496 1330; x_wconf 82' lang='lat' dir='ltr'><strong>baeretici</strong></span> <span class='ocrx_word' id='word_1_77' title='bbox 521 1268 685 1342; x_wconf 87' lang='lat' dir='ltr'><strong>inierunt,</strong></span> <span class='ocrx_word' id='word_1_78' title='bbox 709 1279 740 1330; x_wconf 91' lang='lat' dir='ltr'><strong>et</strong></span> <span class='ocrx_word' id='word_1_79' title='bbox 762 1287 845 1348; x_wconf 89' lang='lat' dir='ltr'><strong>quaa</strong></span> <span class='ocrx_word' id='word_1_80' title='bbox 868 1271 1048 1333; x_wconf 89' lang='lat' dir='ltr'><strong>haereticos</strong></span> <span class='ocrx_word' id='word_1_81' title='bbox 1074 1273 1274 1338; x_wconf 86' lang='lat' dir='ltr'><strong>iaciunt...</strong></span> 
     </span>
     <span class='ocr_line' id='line_1_11' title="bbox 162 1364 1274 1448; baseline 0.006 -20"><span class='ocrx_word' id='word_1_82' title='bbox 162 1364 255 1429; x_wconf 81' lang='lat' dir='ltr'><strong>Fides</strong></span> <span class='ocrx_word' id='word_1_83' title='bbox 276 1369 306 1428; x_wconf 94' lang='lat' dir='ltr'><strong>in</strong></span> <span class='ocrx_word' id='word_1_84' title='bbox 329 1367 442 1447; x_wconf 79' lang='lat' dir='ltr'><strong>regula</strong></span> <span class='ocrx_word' id='word_1_85' title='bbox 464 1370 565 1446; x_wconf 91' lang='lat' dir='ltr'><strong>posita</strong></span> <span class='ocrx_word' id='word_1_86' title='bbox 587 1378 654 1430; x_wconf 84' lang='lat' dir='ltr'><strong>est:</strong></span> <span class='ocrx_word' id='word_1_87' title='bbox 677 1369 774 1430; x_wconf 86' lang='lat' dir='ltr'><strong>habes</strong></span> <span class='ocrx_word' id='word_1_88' title='bbox 789 1369 891 1448; x_wconf 83' lang='lat' dir='ltr'><strong>legem</strong></span> <span class='ocrx_word' id='word_1_89' title='bbox 907 1379 939 1432; x_wconf 90' lang='lat' dir='ltr'><strong>et</strong></span> <span class='ocrx_word' id='word_1_90' title='bbox 953 1373 1089 1434; x_wconf 88' lang='lat' dir='ltr'><strong>salutem</strong></span> <span class='ocrx_word' id='word_1_91' title='bbox 1107 1393 1147 1434; x_wconf 82' lang='lat' dir='ltr'><strong>ex</strong></span> <span class='ocrx_word' id='word_1_92' title='bbox 1164 1374 1274 1437; x_wconf 88' lang='lat' dir='ltr'><strong>obser·</strong></span> 
     </span>
     <span class='ocr_line' id='line_1_12' title="bbox 161 1468 1276 1547; baseline 0.007 -17"><span class='ocrx_word' id='word_1_93' title='bbox 161 1471 291 1531; x_wconf 86' lang='lat' dir='ltr'><strong>ratione</strong></span> <span class='ocrx_word' id='word_1_94' title='bbox 303 1469 393 1547; x_wconf 83' lang='lat' dir='ltr'><strong>legis.</strong></span> <span class='ocrx_word' id='word_1_95' title='bbox 411 1468 612 1533; x_wconf 81' lang='lat' dir='ltr'><strong>Exercitatio</strong></span> <span class='ocrx_word' id='word_1_96' title='bbox 627 1479 735 1532; x_wconf 89' lang='lat' dir='ltr'><strong>antem</strong></span> <span class='ocrx_word' id='word_1_97' title='bbox 751 1472 781 1531; x_wconf 94' lang='lat' dir='ltr'><strong>in</strong></span> <span class='ocrx_word' id='word_1_98' title='bbox 797 1473 986 1534; x_wconf 84' lang='lat' dir='ltr'><strong>curiositate</strong></span> <span class='ocrx_word' id='word_1_99' title='bbox 1000 1475 1143 1536; x_wconf 88' lang='lat' dir='ltr'><strong>consistit</strong></span> <span class='ocrx_word' id='word_1_100' title='bbox 1157 1476 1276 1538; x_wconf 89' lang='lat' dir='ltr'><strong>babens</strong></span> 
     </span>
     <span class='ocr_line' id='line_1_13' title="bbox 161 1566 1275 1652; baseline 0.005 -22"><span class='ocrx_word' id='word_1_101' title='bbox 161 1566 299 1649; x_wconf 74' lang='lat' dir='ltr'><strong>gloriam</strong></span> <span class='ocrx_word' id='word_1_102' title='bbox 320 1570 423 1631; x_wconf 92' lang='lat' dir='ltr'><strong>solam</strong></span> <span class='ocrx_word' id='word_1_103' title='bbox 445 1570 485 1631; x_wconf 88' lang='lat' dir='ltr'><strong>da</strong></span> <span class='ocrx_word' id='word_1_104' title='bbox 507 1571 641 1648; x_wconf 87' lang='lat' dir='ltr'><strong>peritias</strong></span> <span class='ocrx_word' id='word_1_105' title='bbox 661 1572 780 1633; x_wconf 92' lang='lat' dir='ltr'><strong>studio.</strong></span> <span class='ocrx_word' id='word_1_106' title='bbox 800 1591 816 1628; x_wconf 84' lang='lat' dir='ltr'><strong>a</strong></span> <span class='ocrx_word' id='word_1_107' title='bbox 839 1571 877 1633; x_wconf 86' lang='lat' dir='ltr'><strong>Et</strong></span> <span class='ocrx_word' id='word_1_108' title='bbox 901 1573 1000 1652; x_wconf 93' lang='lat' dir='ltr'><strong>paulo</strong></span> <span class='ocrx_word' id='word_1_109' title='bbox 1030 1583 1101 1652; x_wconf 91' lang='lat' dir='ltr'><strong>post</strong></span> <span class='ocrx_word' id='word_1_110' title='bbox 1132 1592 1162 1635; x_wconf 89' lang='lat' dir='ltr'><strong>n.</strong></span> <span class='ocrx_word' id='word_1_111' title='bbox 1187 1573 1275 1637; x_wconf 86' lang='lat' dir='ltr'><strong>XXl.</strong></span> 
     </span>
     <span class='ocr_line' id='line_1_14' title="bbox 163 1668 1278 1749; baseline 0.007 -21"><span class='ocrx_word' id='word_1_112' title='bbox 163 1690 177 1728; x_wconf 86' lang='grc' dir='ltr'><strong>ι</strong></span> <span class='ocrx_word' id='word_1_113' title='bbox 200 1668 294 1732; x_wconf 84' lang='lat' dir='ltr'><strong>Hanc</strong></span> <span class='ocrx_word' id='word_1_114' title='bbox 316 1671 415 1748; x_wconf 79' lang='lat' dir='ltr'><strong>igitur</strong></span> <span class='ocrx_word' id='word_1_115' title='bbox 436 1669 603 1749; x_wconf 80' lang='lat' dir='ltr'><strong>dirigimus</strong></span> <span class='ocrx_word' id='word_1_116' title='bbox 625 1673 933 1749; x_wconf 84' lang='lat' dir='ltr'><strong>praescriptionem:</strong></span> <span class='ocrx_word' id='word_1_117' title='bbox 957 1673 982 1732; x_wconf 93' lang='lat' dir='ltr'><strong>si</strong></span> <span class='ocrx_word' id='word_1_118' title='bbox 1006 1670 1161 1735; x_wconf 83' lang='lat' dir='ltr'><strong>Dominus</strong></span> <span class='ocrx_word' id='word_1_119' title='bbox 1182 1672 1278 1738; x_wconf 86' lang='lat' dir='ltr'><strong>Jesns</strong></span> 
     </span>
     <span class='ocr_line' id='line_1_15' title="bbox 162 1757 1278 1848; baseline 0 -13"><span class='ocrx_word' id='word_1_120' title='bbox 162 1769 313 1835; x_wconf 88' lang='lat' dir='ltr'><strong>Christus</strong></span> <span class='ocrx_word' id='word_1_121' title='bbox 335 1768 507 1847; x_wconf 79' lang='lat' dir='ltr'><strong>Apostolos</strong></span> <span class='ocrx_word' id='word_1_122' title='bbox 530 1771 615 1835; x_wconf 90' lang='lat' dir='ltr'><strong>misit</strong></span> <span class='ocrx_word' id='word_1_123' title='bbox 635 1771 674 1830; x_wconf 88' lang='lat' dir='ltr'><strong>ad</strong></span> <span class='ocrx_word' id='word_1_124' title='bbox 692 1757 953 1848; x_wconf 88' lang='lat' dir='ltr'><strong>praedicandum,</strong></span> <span class='ocrx_word' id='word_1_125' title='bbox 972 1771 1053 1833; x_wconf 91' lang='lat' dir='ltr'><strong>alios</strong></span> <span class='ocrx_word' id='word_1_126' title='bbox 1068 1791 1130 1832; x_wconf 92' lang='lat' dir='ltr'><strong>non</strong></span> <span class='ocrx_word' id='word_1_127' title='bbox 1145 1791 1213 1835; x_wconf 85' lang='lat' dir='ltr'><strong>csse</strong></span> <span class='ocrx_word' id='word_1_128' title='bbox 1229 1791 1278 1835; x_wconf 88' lang='lat' dir='ltr'><strong>re·</strong></span> 
     </span>
     <span class='ocr_line' id='line_1_16' title="bbox 161 1866 1272 1948; baseline 0.001 -18"><span class='ocrx_word' id='word_1_129' title='bbox 161 1866 326 1948; x_wconf 89' lang='lat' dir='ltr'><strong>cipiendos</strong></span> <span class='ocrx_word' id='word_1_130' title='bbox 347 1867 599 1945; x_wconf 85' lang='lat' dir='ltr'><strong>praedicatores,</strong></span> <span class='ocrx_word' id='word_1_131' title='bbox 623 1887 719 1946; x_wconf 86' lang='lat' dir='ltr'><strong>quarn</strong></span> <span class='ocrx_word' id='word_1_132' title='bbox 742 1887 823 1946; x_wconf 90' lang='lat' dir='ltr'><strong>quos</strong></span> <span class='ocrx_word' id='word_1_133' title='bbox 845 1869 992 1932; x_wconf 91' lang='lat' dir='ltr'><strong>Christus</strong></span> <span class='ocrx_word' id='word_1_134' title='bbox 1014 1870 1173 1931; x_wconf 85' lang='lat' dir='ltr'><strong>instituit:</strong></span> <span class='ocrx_word' id='word_1_135' title='bbox 1197 1873 1272 1948; x_wconf 90' lang='lat' dir='ltr'><strong>quia</strong></span> 
     </span>
     <span class='ocr_line' id='line_1_17' title="bbox 160 1966 1276 2048; baseline 0 -19"><span class='ocrx_word' id='word_1_136' title='bbox 160 1985 220 2030; x_wconf 89' lang='lat' dir='ltr'><strong>nec</strong></span> <span class='ocrx_word' id='word_1_137' title='bbox 244 1967 332 2029; x_wconf 90' lang='lat' dir='ltr'><strong>alius</strong></span> <span class='ocrx_word' id='word_1_138' title='bbox 354 1966 482 2030; x_wconf 86' lang='lat' dir='ltr'><strong>Patrem</strong></span> <span class='ocrx_word' id='word_1_139' title='bbox 505 1969 606 2042; x_wconf 88' lang='lat' dir='ltr'><strong>novit,</strong></span> <span class='ocrx_word' id='word_1_140' title='bbox 630 1972 687 2031; x_wconf 88' lang='lat' dir='ltr'><strong>nisi</strong></span> <span class='ocrx_word' id='word_1_141' title='bbox 712 1966 825 2042; x_wconf 86' lang='lat' dir='ltr'><strong>Filius,</strong></span> <span class='ocrx_word' id='word_1_142' title='bbox 849 1975 882 2030; x_wconf 93' lang='lat' dir='ltr'><strong>et</strong></span> <span class='ocrx_word' id='word_1_143' title='bbox 903 1971 955 2030; x_wconf 88' lang='lat' dir='ltr'><strong>cni</strong></span> <span class='ocrx_word' id='word_1_144' title='bbox 979 1967 1080 2031; x_wconf 88' lang='lat' dir='ltr'><strong>Filius</strong></span> <span class='ocrx_word' id='word_1_145' title='bbox 1098 1971 1254 2031; x_wconf 84' lang='lat' dir='ltr'><strong>revelarit</strong></span> <span class='ocrx_word' id='word_1_146' title='bbox 1264 1990 1276 2048; x_wconf 84' lang='lat'>3</span> 
     </span>
     <span class='ocr_line' id='line_1_18' title="bbox 158 2066 1277 2149; baseline 0.002 -21"><span class='ocrx_word' id='word_1_147' title='bbox 158 2085 221 2130; x_wconf 88' lang='lat' dir='ltr'><strong>nec</strong></span> <span class='ocrx_word' id='word_1_148' title='bbox 243 2067 315 2129; x_wconf 89' lang='lat' dir='ltr'><strong>aliis</strong></span> <span class='ocrx_word' id='word_1_149' title='bbox 339 2069 468 2130; x_wconf 88' lang='lat' dir='ltr'><strong>ridetur</strong></span> <span class='ocrx_word' id='word_1_150' title='bbox 489 2070 649 2131; x_wconf 87' lang='lat' dir='ltr'><strong>revelasse</strong></span> <span class='ocrx_word' id='word_1_151' title='bbox 672 2066 786 2143; x_wconf 86' lang='lat' dir='ltr'><strong>Filius,</strong></span> <span class='ocrx_word' id='word_1_152' title='bbox 809 2087 907 2148; x_wconf 91' lang='lat' dir='ltr'><strong>quam</strong></span> <span class='ocrx_word' id='word_1_153' title='bbox 931 2068 1105 2146; x_wconf 79' lang='lat' dir='ltr'><strong>Apostolis,</strong></span> <span class='ocrx_word' id='word_1_154' title='bbox 1123 2087 1204 2149; x_wconf 90' lang='lat' dir='ltr'><strong>quos</strong></span> <span class='ocrx_word' id='word_1_155' title='bbox 1219 2072 1277 2130; x_wconf 90' lang='lat' dir='ltr'><strong>mi·</strong></span> 
     </span>
     <span class='ocr_line' id='line_1_19' title="bbox 158 2169 1277 2249; baseline 0 -17"><span class='ocrx_word' id='word_1_156' title='bbox 158 2170 202 2232; x_wconf 85' lang='lat' dir='ltr'><strong>sit</strong></span> <span class='ocrx_word' id='word_1_157' title='bbox 224 2169 265 2231; x_wconf 90' lang='lat' dir='ltr'><strong>ad</strong></span> <span class='ocrx_word' id='word_1_158' title='bbox 289 2169 553 2247; x_wconf 87' lang='lat' dir='ltr'><strong>praedicandum,</strong></span> <span class='ocrx_word' id='word_1_159' title='bbox 577 2171 690 2249; x_wconf 90' lang='lat' dir='ltr'><strong>ntique</strong></span> <span class='ocrx_word' id='word_1_160' title='bbox 711 2170 797 2249; x_wconf 91' lang='lat' dir='ltr'><strong>quod</strong></span> <span class='ocrx_word' id='word_1_161' title='bbox 821 2169 884 2231; x_wconf 90' lang='lat' dir='ltr'><strong>illis</strong></span> <span class='ocrx_word' id='word_1_162' title='bbox 906 2169 1065 2230; x_wconf 84' lang='lat' dir='ltr'><strong>revelarit</strong></span> <span class='ocrx_word' id='word_1_163' title='bbox 1087 2214 1094 2228; x_wconf 93' lang='lat'><strong>.</strong></span> <span class='ocrx_word' id='word_1_164' title='bbox 1120 2213 1127 2229; x_wconf 90' lang='lat'><strong>.</strong></span> <span class='ocrx_word' id='word_1_165' title='bbox 1152 2215 1159 2230; x_wconf 89' lang='lat'><strong>.</strong></span> <span class='ocrx_word' id='word_1_166' title='bbox 1187 2169 1277 2233; x_wconf 88' lang='lat' dir='ltr'><strong>.Sn·</strong></span> 
     </span>
     <span class='ocr_line' id='line_1_20' title="bbox 157 2270 1276 2349; baseline -0.001 -16"><span class='ocrx_word' id='word_1_167' title='bbox 157 2277 274 2348; x_wconf 84' lang='lat' dir='ltr'><strong>pereat</strong></span> <span class='ocrx_word' id='word_1_168' title='bbox 293 2288 372 2349; x_wconf 80' lang='lat' dir='ltr'><strong>ergo</strong></span> <span class='ocrx_word' id='word_1_169' title='bbox 395 2270 442 2331; x_wconf 91' lang='lat' dir='ltr'><strong>uti</strong></span> <span class='ocrx_word' id='word_1_170' title='bbox 464 2270 733 2344; x_wconf 84' lang='lat' dir='ltr'><strong>demonstremus,</strong></span> <span class='ocrx_word' id='word_1_171' title='bbox 757 2288 796 2330; x_wconf 93' lang='lat' dir='ltr'><strong>an</strong></span> <span class='ocrx_word' id='word_1_172' title='bbox 818 2271 897 2332; x_wconf 90' lang='lat' dir='ltr'><strong>haec</strong></span> <span class='ocrx_word' id='word_1_173' title='bbox 919 2278 1026 2330; x_wconf 89' lang='lat' dir='ltr'><strong>nostra</strong></span> <span class='ocrx_word' id='word_1_174' title='bbox 1044 2270 1201 2345; x_wconf 90' lang='lat' dir='ltr'><strong>doctrina,</strong></span> <span class='ocrx_word' id='word_1_175' title='bbox 1219 2289 1276 2332; x_wconf 92' lang='lat' dir='ltr'><strong>cu·</strong></span> 
     </span>
     <span class='ocr_line' id='line_1_21' title="bbox 154 2370 1277 2450; baseline -0.002 -18"><span class='ocrx_word' id='word_1_176' title='bbox 154 2370 214 2450; x_wconf 87' lang='lat' dir='ltr'><strong>jus</strong></span> <span class='ocrx_word' id='word_1_177' title='bbox 237 2370 384 2447; x_wconf 79' lang='lat' dir='ltr'><strong>regulam</strong></span> <span class='ocrx_word' id='word_1_178' title='bbox 407 2387 504 2448; x_wconf 91' lang='lat' dir='ltr'><strong>supra</strong></span> <span class='ocrx_word' id='word_1_179' title='bbox 527 2371 697 2444; x_wconf 89' lang='lat' dir='ltr'><strong>edidimus,</strong></span> <span class='ocrx_word' id='word_1_180' title='bbox 714 2371 752 2431; x_wconf 88' lang='lat' dir='ltr'><strong>da</strong></span> <span class='ocrx_word' id='word_1_181' title='bbox 770 2370 1002 2448; x_wconf 77' lang='lat' dir='ltr'><strong>Apostolorum</strong></span> <span class='ocrx_word' id='word_1_182' title='bbox 1021 2371 1190 2431; x_wconf 90' lang='lat' dir='ltr'><strong>traditione</strong></span> <span class='ocrx_word' id='word_1_183' title='bbox 1205 2389 1277 2432; x_wconf 89' lang='lat' dir='ltr'><strong>cen·</strong></span> 
     </span>
     <span class='ocr_line' id='line_1_22' title="bbox 156 2470 1276 2550; baseline 0.001 -19"><span class='ocrx_word' id='word_1_184' title='bbox 156 2477 287 2542; x_wconf 79' lang='lat' dir='ltr'><strong>sertor,</strong></span> <span class='ocrx_word' id='word_1_185' title='bbox 311 2479 343 2530; x_wconf 90' lang='lat' dir='ltr'><strong>et</strong></span> <span class='ocrx_word' id='word_1_186' title='bbox 357 2490 397 2532; x_wconf 83' lang='lat' dir='ltr'><strong>ex</strong></span> <span class='ocrx_word' id='word_1_187' title='bbox 414 2471 474 2533; x_wconf 91' lang='lat' dir='ltr'><strong>hoc</strong></span> <span class='ocrx_word' id='word_1_188' title='bbox 496 2473 577 2550; x_wconf 91' lang='lat' dir='ltr'><strong>ipso,</strong></span> <span class='ocrx_word' id='word_1_189' title='bbox 593 2489 632 2532; x_wconf 92' lang='lat' dir='ltr'><strong>an</strong></span> <span class='ocrx_word' id='word_1_190' title='bbox 648 2480 775 2532; x_wconf 89' lang='lat' dir='ltr'><strong>ceterae</strong></span> <span class='ocrx_word' id='word_1_191' title='bbox 791 2470 829 2532; x_wconf 91' lang='lat' dir='ltr'><strong>de</strong></span> <span class='ocrx_word' id='word_1_192' title='bbox 845 2471 1009 2532; x_wconf 89' lang='lat' dir='ltr'><strong>mendacio</strong></span> <span class='ocrx_word' id='word_1_193' title='bbox 1030 2473 1166 2532; x_wconf 88' lang='lat' dir='ltr'><strong>veniant.</strong></span> <span class='ocrx_word' id='word_1_194' title='bbox 1183 2471 1276 2534; x_wconf 93' lang='lat' dir='ltr'><strong>Com·</strong></span> 
     </span>
     <span class='ocr_line' id='line_1_23' title="bbox 158 2571 1273 2650; baseline 0.002 -19"><span class='ocrx_word' id='word_1_195' title='bbox 158 2572 366 2633; x_wconf 81' lang='lat' dir='ltr'><strong>manicemus</strong></span> <span class='ocrx_word' id='word_1_196' title='bbox 387 2588 462 2632; x_wconf 88' lang='lat' dir='ltr'><strong>curn</strong></span> <span class='ocrx_word' id='word_1_197' title='bbox 484 2572 626 2633; x_wconf 85' lang='lat' dir='ltr'><strong>ecclesiis</strong></span> <span class='ocrx_word' id='word_1_198' title='bbox 642 2571 837 2650; x_wconf 89' lang='lat' dir='ltr'><strong>apostolicis,</strong></span> <span class='ocrx_word' id='word_1_199' title='bbox 855 2572 941 2648; x_wconf 93' lang='lat' dir='ltr'><strong>quod</strong></span> <span class='ocrx_word' id='word_1_200' title='bbox 959 2571 1048 2632; x_wconf 91' lang='lat' dir='ltr'><strong>nulla</strong></span> <span class='ocrx_word' id='word_1_201' title='bbox 1066 2573 1211 2632; x_wconf 86' lang='lat' dir='ltr'><strong>doctrina</strong></span> <span class='ocrx_word' id='word_1_202' title='bbox 1226 2573 1273 2633; x_wconf 92' lang='lat' dir='ltr'><strong>di·</strong></span> 
     </span>
     <span class='ocr_line' id='line_1_24' title="bbox 159 2670 1272 2751; baseline 0.004 -21"><span class='ocrx_word' id='word_1_203' title='bbox 159 2688 271 2745; x_wconf 82' lang='lat' dir='ltr'><strong>versa,</strong></span> <span class='ocrx_word' id='word_1_204' title='bbox 285 2671 346 2732; x_wconf 92' lang='lat' dir='ltr'><strong>boc</strong></span> <span class='ocrx_word' id='word_1_205' title='bbox 359 2681 406 2732; x_wconf 88' lang='lat' dir='ltr'><strong>ast</strong></span> <span class='ocrx_word' id='word_1_206' title='bbox 422 2673 638 2733; x_wconf 90' lang='lat' dir='ltr'><strong>testimonium</strong></span> <span class='ocrx_word' id='word_1_207' title='bbox 656 2673 816 2733; x_wconf 82' lang='lat' dir='ltr'><strong>veritatis.</strong></span> <span class='ocrx_word' id='word_1_208' title='bbox 834 2716 841 2730; x_wconf 92' lang='lat'><strong>.</strong></span> <span class='ocrx_word' id='word_1_209' title='bbox 859 2717 866 2732; x_wconf 90' lang='lat'><strong>.</strong></span> <span class='ocrx_word' id='word_1_210' title='bbox 881 2670 990 2734; x_wconf 88' lang='lat' dir='ltr'><strong>Latuit</strong></span> <span class='ocrx_word' id='word_1_211' title='bbox 1003 2672 1124 2751; x_wconf 90' lang='lat' dir='ltr'><strong>aliquid</strong></span> <span class='ocrx_word' id='word_1_212' title='bbox 1140 2672 1272 2734; x_wconf 87' lang='lat' dir='ltr'><strong>Petrum</strong></span> 
     </span>
     <span class='ocr_line' id='line_1_25' title="bbox 157 2765 1274 2850; baseline 0.004 -21"><span class='ocrx_word' id='word_1_213' title='bbox 157 2768 379 2830; x_wconf 82' lang='lat' dir='ltr'><strong>aedificandae</strong></span> <span class='ocrx_word' id='word_1_214' title='bbox 401 2765 565 2845; x_wconf 81' lang='lat' dir='ltr'><strong>Ecclesiae</strong></span> <span class='ocrx_word' id='word_1_215' title='bbox 588 2768 714 2830; x_wconf 86' lang='lat' dir='ltr'><strong>Petrum</strong></span> <span class='ocrx_word' id='word_1_216' title='bbox 729 2771 863 2846; x_wconf 90' lang='lat' dir='ltr'><strong>dictum,</strong></span> <span class='ocrx_word' id='word_1_217' title='bbox 877 2771 985 2832; x_wconf 85' lang='lat' dir='ltr'><strong>clares</strong></span> <span class='ocrx_word' id='word_1_218' title='bbox 1001 2775 1089 2850; x_wconf 81' lang='lat' dir='ltr'><strong>regni</strong></span> <span class='ocrx_word' id='word_1_219' title='bbox 1105 2774 1274 2835; x_wconf 88' lang='lat' dir='ltr'><strong>coelorum</strong></span> 
     </span>
     <span class='ocr_line' id='line_1_26' title="bbox 160 2870 1276 2960; baseline 0.003 -29"><span class='ocrx_word' id='word_1_220' title='bbox 160 2877 388 2942; x_wconf 90' lang='lat' dir='ltr'><strong>consecutum,</strong></span> <span class='ocrx_word' id='word_1_221' title='bbox 412 2879 444 2929; x_wconf 90' lang='lat' dir='ltr'><strong>et</strong></span> <span class='ocrx_word' id='word_1_222' title='bbox 465 2871 609 2931; x_wconf 85' lang='lat' dir='ltr'><strong>solvendi</strong></span> <span class='ocrx_word' id='word_1_223' title='bbox 632 2877 663 2931; x_wconf 92' lang='lat' dir='ltr'><strong>et</strong></span> <span class='ocrx_word' id='word_1_224' title='bbox 685 2870 835 2948; x_wconf 85' lang='lat' dir='ltr'><strong>alligandi</strong></span> <span class='ocrx_word' id='word_1_225' title='bbox 858 2871 889 2931; x_wconf 90' lang='lat' dir='ltr'><strong>in</strong></span> <span class='ocrx_word' id='word_1_226' title='bbox 905 2871 1050 2960; x_wconf 52' lang='lat' dir='ltr'><strong>coelisft</strong></span> <span class='ocrx_word' id='word_1_227' title='bbox 1064 2875 1094 2934; x_wconf 96' lang='lat' dir='ltr'><strong>in</strong></span> <span class='ocrx_word' id='word_1_228' title='bbox 1111 2875 1205 2935; x_wconf 90' lang='lat' dir='ltr'><strong>terris</strong></span> <span class='ocrx_word' id='word_1_229' title='bbox 1220 2892 1276 2953; x_wconf 91' lang='lat' dir='ltr'><strong>po·</strong></span> 
     </span>
     <span class='ocr_line' id='line_1_27' title="bbox 161 2966 462 3031; baseline -0.02 -2"><span class='ocrx_word' id='word_1_230' title='bbox 161 2966 339 3030; x_wconf 72' lang='lat' dir='ltr'><strong>testatem?</strong></span> <span class='ocrx_word' id='word_1_231' title='bbox 362 2977 422 3031; x_wconf 90' lang='lat' dir='ltr'><strong>etc.</strong></span> <span class='ocrx_word' id='word_1_232' title='bbox 447 2987 462 3024; x_wconf 81' lang='lat' dir='ltr'><strong>a</strong></span> 
     </span>
    </p>

    <p class='ocr_par' dir='ltr' id='par_1_4' title="bbox 161 3067 1278 4253">
     <span class='ocr_line' id='line_1_28' title="bbox 243 3067 1272 3149; baseline 0.005 -22"><span class='ocrx_word' id='word_1_233' title='bbox 243 3067 399 3146; x_wconf 89' lang='lat' dir='ltr'><strong>ldeoque,</strong></span> <span class='ocrx_word' id='word_1_234' title='bbox 415 3068 440 3129; x_wconf 92' lang='lat' dir='ltr'><strong>si</strong></span> <span class='ocrx_word' id='word_1_235' title='bbox 461 3069 491 3131; x_wconf 94' lang='lat' dir='ltr'><strong>in</strong></span> <span class='ocrx_word' id='word_1_236' title='bbox 514 3069 783 3147; x_wconf 86' lang='lat' dir='ltr'><strong>disputationibus</strong></span> <span class='ocrx_word' id='word_1_237' title='bbox 805 3088 879 3131; x_wconf 92' lang='lat' dir='ltr'><strong>cum</strong></span> <span class='ocrx_word' id='word_1_238' title='bbox 903 3071 1072 3131; x_wconf 88' lang='lat' dir='ltr'><strong>haereticis</strong></span> <span class='ocrx_word' id='word_1_239' title='bbox 1096 3089 1272 3149; x_wconf 85' lang='lat' dir='ltr'><strong>numquam</strong></span> 
     </span>
     <span class='ocr_line' id='line_1_29' title="bbox 161 3168 1275 3250; baseline 0.004 -20"><span class='ocrx_word' id='word_1_240' title='bbox 161 3168 378 3231; x_wconf 85' lang='lat' dir='ltr'><strong>recedendum</strong></span> <span class='ocrx_word' id='word_1_241' title='bbox 401 3178 471 3230; x_wconf 90' lang='lat' dir='ltr'><strong>erat</strong></span> <span class='ocrx_word' id='word_1_242' title='bbox 493 3187 510 3229; x_wconf 94' lang='lat' dir='ltr'><strong>a</strong></span> <span class='ocrx_word' id='word_1_243' title='bbox 533 3170 660 3247; x_wconf 79' lang='lat' dir='ltr'><strong>regula,</strong></span> <span class='ocrx_word' id='word_1_244' title='bbox 673 3170 739 3231; x_wconf 86' lang='lat' dir='ltr'><strong>sive</strong></span> <span class='ocrx_word' id='word_1_245' title='bbox 755 3187 770 3229; x_wconf 92' lang='lat' dir='ltr'><strong>a</strong></span> <span class='ocrx_word' id='word_1_246' title='bbox 789 3170 997 3233; x_wconf 77' lang='lat' dir='ltr'><strong>fundamento</strong></span> <span class='ocrx_word' id='word_1_247' title='bbox 1015 3173 1117 3247; x_wconf 91' lang='lat' dir='ltr'><strong>posito</strong></span> <span class='ocrx_word' id='word_1_248' title='bbox 1132 3172 1172 3231; x_wconf 92' lang='lat' dir='ltr'><strong>ab</strong></span> <span class='ocrx_word' id='word_1_249' title='bbox 1188 3171 1275 3250; x_wconf 76' lang='lat' dir='ltr'><strong>Apo·</strong></span> 
     </span>
     <span class='ocr_line' id='line_1_30' title="bbox 162 3269 1275 3350; baseline 0.004 -20"><span class='ocrx_word' id='word_1_250' title='bbox 162 3270 272 3331; x_wconf 84' lang='lat' dir='ltr'><strong>stolis:</strong></span> <span class='ocrx_word' id='word_1_251' title='bbox 296 3277 328 3330; x_wconf 90' lang='lat' dir='ltr'><strong>et</strong></span> <span class='ocrx_word' id='word_1_252' title='bbox 348 3270 373 3330; x_wconf 91' lang='lat' dir='ltr'><strong>si</strong></span> <span class='ocrx_word' id='word_1_253' title='bbox 397 3269 450 3331; x_wconf 83' lang='lat' dir='ltr'><strong>rix</strong></span> <span class='ocrx_word' id='word_1_254' title='bbox 465 3270 578 3331; x_wconf 86' lang='lat' dir='ltr'><strong>liceret</strong></span> <span class='ocrx_word' id='word_1_255' title='bbox 593 3271 788 3350; x_wconf 87' lang='lat' dir='ltr'><strong>quandoque</strong></span> <span class='ocrx_word' id='word_1_256' title='bbox 804 3290 877 3333; x_wconf 89' lang='lat' dir='ltr'><strong>cum</strong></span> <span class='ocrx_word' id='word_1_257' title='bbox 895 3272 1064 3332; x_wconf 84' lang='lat' dir='ltr'><strong>haereticis</strong></span> <span class='ocrx_word' id='word_1_258' title='bbox 1079 3273 1159 3333; x_wconf 91' lang='lat' dir='ltr'><strong>inira</strong></span> <span class='ocrx_word' id='word_1_259' title='bbox 1175 3290 1275 3350; x_wconf 90' lang='lat' dir='ltr'><strong>quaa·</strong></span> 
     </span>
     <span class='ocr_line' id='line_1_31' title="bbox 161 3368 1267 3451; baseline 0.005 -23"><span class='ocrx_word' id='word_1_260' title='bbox 161 3369 281 3430; x_wconf 86' lang='lat' dir='ltr'><strong>stiones</strong></span> <span class='ocrx_word' id='word_1_261' title='bbox 304 3369 493 3444; x_wconf 89' lang='lat' dir='ltr'><strong>praesertim</strong></span> <span class='ocrx_word' id='word_1_262' title='bbox 516 3369 554 3429; x_wconf 89' lang='lat' dir='ltr'><strong>de</strong></span> <span class='ocrx_word' id='word_1_263' title='bbox 577 3368 649 3431; x_wconf 89' lang='lat' dir='ltr'><strong>fidei</strong></span> <span class='ocrx_word' id='word_1_264' title='bbox 665 3372 846 3451; x_wconf 81' lang='lat' dir='ltr'><strong>mysteriis3</strong></span> <span class='ocrx_word' id='word_1_265' title='bbox 865 3372 941 3449; x_wconf 91' lang='lat' dir='ltr'><strong>quid</strong></span> <span class='ocrx_word' id='word_1_266' title='bbox 959 3373 1137 3450; x_wconf 89' lang='lat' dir='ltr'><strong>putandum</strong></span> <span class='ocrx_word' id='word_1_267' title='bbox 1150 3371 1212 3432; x_wconf 90' lang='lat' dir='ltr'><strong>erit</strong></span> <span class='ocrx_word' id='word_1_268' title='bbox 1228 3371 1267 3433; x_wconf 89' lang='lat' dir='ltr'><strong>de</strong></span> 
     </span>
     <span class='ocr_line' id='line_1_32' title="bbox 165 3466 1273 3552; baseline 0.002 -22"><span class='ocrx_word' id='word_1_269' title='bbox 165 3466 253 3530; x_wconf 83' lang='lat' dir='ltr'><strong>Petri</strong></span> <span class='ocrx_word' id='word_1_270' title='bbox 274 3470 515 3531; x_wconf 88' lang='lat' dir='ltr'><strong>successoribus</strong></span> <span class='ocrx_word' id='word_1_271' title='bbox 537 3466 719 3552; x_wconf 81' lang='lat' dir='ltr'><strong>Zephyrion</strong></span> <span class='ocrx_word' id='word_1_272' title='bbox 742 3479 773 3532; x_wconf 90' lang='lat' dir='ltr'><strong>et</strong></span> <span class='ocrx_word' id='word_1_273' title='bbox 795 3471 942 3546; x_wconf 88' lang='lat' dir='ltr'><strong>Callisto,</strong></span> <span class='ocrx_word' id='word_1_274' title='bbox 958 3489 1099 3551; x_wconf 91' lang='lat' dir='ltr'><strong>quorum</strong></span> <span class='ocrx_word' id='word_1_275' title='bbox 1114 3471 1273 3551; x_wconf 89' lang='lat' dir='ltr'><strong>judicium</strong></span> 
     </span>
     <span class='ocr_line' id='line_1_33' title="bbox 162 3572 1272 3652; baseline 0.005 -21"><span class='ocrx_word' id='word_1_276' title='bbox 162 3587 353 3649; x_wconf 87' lang='lat' dir='ltr'><strong>supremum</strong></span> <span class='ocrx_word' id='word_1_277' title='bbox 376 3579 560 3632; x_wconf 89' lang='lat' dir='ltr'><strong>ceterorum</strong></span> <span class='ocrx_word' id='word_1_278' title='bbox 584 3574 764 3649; x_wconf 90' lang='lat' dir='ltr'><strong>praestabat</strong></span> <span class='ocrx_word' id='word_1_279' title='bbox 785 3572 1001 3636; x_wconf 80' lang='lat' dir='ltr'><strong>auctoritati?</strong></span> <span class='ocrx_word' id='word_1_280' title='bbox 1024 3575 1131 3652; x_wconf 93' lang='lat' dir='ltr'><strong>etqui</strong></span> <span class='ocrx_word' id='word_1_281' title='bbox 1155 3593 1171 3634; x_wconf 92' lang='lat' dir='ltr'><strong>a</strong></span> <span class='ocrx_word' id='word_1_282' title='bbox 1194 3572 1272 3636; x_wconf 87' lang='lat' dir='ltr'><strong>Jesn</strong></span> 
     </span>
     <span class='ocr_line' id='line_1_34' title="bbox 164 3671 1275 3749; baseline 0.005 -19"><span class='ocrx_word' id='word_1_283' title='bbox 164 3671 331 3731; x_wconf 87' lang='lat' dir='ltr'><strong>constituti</strong></span> <span class='ocrx_word' id='word_1_284' title='bbox 354 3679 446 3730; x_wconf 87' lang='lat' dir='ltr'><strong>eraut</strong></span> <span class='ocrx_word' id='word_1_285' title='bbox 468 3688 530 3730; x_wconf 87' lang='lat' dir='ltr'><strong>non</strong></span> <span class='ocrx_word' id='word_1_286' title='bbox 552 3671 589 3730; x_wconf 92' lang='lat' dir='ltr'><strong>ad</strong></span> <span class='ocrx_word' id='word_1_287' title='bbox 612 3671 877 3749; x_wconf 89' lang='lat' dir='ltr'><strong>disceptandum,</strong></span> <span class='ocrx_word' id='word_1_288' title='bbox 900 3673 954 3733; x_wconf 90' lang='lat' dir='ltr'><strong>sed</strong></span> <span class='ocrx_word' id='word_1_289' title='bbox 978 3674 1016 3733; x_wconf 91' lang='lat' dir='ltr'><strong>ad</strong></span> <span class='ocrx_word' id='word_1_290' title='bbox 1039 3674 1275 3736; x_wconf 84' lang='lat' dir='ltr'><strong>confirmandos</strong></span> 
     </span>
     <span class='ocr_line' id='line_1_35' title="bbox 165 3767 1274 3852; baseline 0.006 -24"><span class='ocrx_word' id='word_1_291' title='bbox 165 3767 295 3842; x_wconf 83' lang='lat' dir='ltr'><strong>iratres,</strong></span> <span class='ocrx_word' id='word_1_292' title='bbox 320 3770 420 3830; x_wconf 88' lang='lat' dir='ltr'><strong>veluti</strong></span> <span class='ocrx_word' id='word_1_293' title='bbox 444 3770 539 3830; x_wconf 84' lang='lat' dir='ltr'><strong>Petro</strong></span> <span class='ocrx_word' id='word_1_294' title='bbox 562 3771 704 3832; x_wconf 82' lang='lat' dir='ltr'><strong>dixerat:</strong></span> <span class='ocrx_word' id='word_1_295' title='bbox 729 3780 755 3832; x_wconf 89' lang='lat' dir='ltr'><strong>et</strong></span> <span class='ocrx_word' id='word_1_296' title='bbox 775 3782 811 3833; x_wconf 80' lang='lat' dir='ltr'><strong>trs</strong></span> <span class='ocrx_word' id='word_1_297' title='bbox 831 3770 1006 3852; x_wconf 82' lang='lat' dir='ltr'><strong>aliquando</strong></span> <span class='ocrx_word' id='word_1_298' title='bbox 1020 3790 1188 3834; x_wconf 84' lang='lat' dir='ltr'><strong>conversus</strong></span> <span class='ocrx_word' id='word_1_299' title='bbox 1202 3791 1274 3835; x_wconf 83' lang='lat' dir='ltr'><strong>cors·</strong></span> 
     </span>
     <span class='ocr_line' id='line_1_36' title="bbox 164 3865 1278 3950; baseline 0.006 -22"><span class='ocrx_word' id='word_1_300' title='bbox 164 3868 256 3944; x_wconf 74' lang='lat' dir='ltr'><strong>firmo</strong></span> <span class='ocrx_word' id='word_1_301' title='bbox 277 3871 393 3948; x_wconf 78' lang='lat' dir='ltr'><strong>fratres</strong></span> <span class='ocrx_word' id='word_1_302' title='bbox 414 3865 516 3931; x_wconf 74' lang='lat' dir='ltr'><strong>tuos?</strong></span> <span class='ocrx_word' id='word_1_303' title='bbox 538 3870 691 3948; x_wconf 80' lang='lat' dir='ltr'><strong>dugescit</strong></span> <span class='ocrx_word' id='word_1_304' title='bbox 712 3878 820 3933; x_wconf 91' lang='lat' dir='ltr'><strong>autem</strong></span> <span class='ocrx_word' id='word_1_305' title='bbox 844 3873 950 3950; x_wconf 90' lang='lat' dir='ltr'><strong>quod,</strong></span> <span class='ocrx_word' id='word_1_306' title='bbox 975 3891 1048 3933; x_wconf 90' lang='lat' dir='ltr'><strong>cnm</strong></span> <span class='ocrx_word' id='word_1_307' title='bbox 1071 3873 1112 3932; x_wconf 93' lang='lat' dir='ltr'><strong>ita</strong></span> <span class='ocrx_word' id='word_1_308' title='bbox 1136 3872 1278 3950; x_wconf 89' lang='lat' dir='ltr'><strong>disputet</strong></span> 
     </span>
     <span class='ocr_line' id='line_1_37' title="bbox 164 3965 1277 4051; baseline 0.007 -23"><span class='ocrx_word' id='word_1_309' title='bbox 164 3965 385 4032; x_wconf 85' lang='lat' dir='ltr'><strong>Tertullianus</strong></span> <span class='ocrx_word' id='word_1_310' title='bbox 406 3971 562 4032; x_wconf 86' lang='lat' dir='ltr'><strong>adversus</strong></span> <span class='ocrx_word' id='word_1_311' title='bbox 584 3972 776 4047; x_wconf 89' lang='lat' dir='ltr'><strong>haereticos,</strong></span> <span class='ocrx_word' id='word_1_312' title='bbox 791 3972 875 4033; x_wconf 91' lang='lat' dir='ltr'><strong>hand</strong></span> <span class='ocrx_word' id='word_1_313' title='bbox 892 3991 966 4033; x_wconf 91' lang='lat' dir='ltr'><strong>eum</strong></span> <span class='ocrx_word' id='word_1_314' title='bbox 983 3973 1084 4034; x_wconf 88' lang='lat' dir='ltr'><strong>latare</strong></span> <span class='ocrx_word' id='word_1_315' title='bbox 1100 3975 1277 4051; x_wconf 89' lang='lat' dir='ltr'><strong>potuissent</strong></span> 
     </span>
     <span class='ocr_line' id='line_1_38' title="bbox 165 4057 1272 4157; baseline 0.005 -28"><span class='ocrx_word' id='word_1_316' title='bbox 165 4057 398 4148; x_wconf 85' lang='lat' dir='ltr'><strong>praesumptae</strong></span> <span class='ocrx_word' id='word_1_317' title='bbox 412 4071 422 4144; x_wconf 78' lang='lat' dir='ltr'><strong>l</strong></span> <span class='ocrx_word' id='word_1_318' title='bbox 433 4089 514 4150; x_wconf 90' lang='lat' dir='ltr'><strong>quas</strong></span> <span class='ocrx_word' id='word_1_319' title='bbox 536 4070 625 4150; x_wconf 81' lang='lat' dir='ltr'><strong>lingit</strong></span> <span class='ocrx_word' id='word_1_320' title='bbox 647 4071 856 4155; x_wconf 79' lang='lat' dir='ltr'><strong>Anonymusl</strong></span> <span class='ocrx_word' id='word_1_321' title='bbox 881 4068 1053 4157; x_wconf 76' lang='lat' dir='ltr'><strong>zephyrini</strong></span> <span class='ocrx_word' id='word_1_322' title='bbox 1086 4081 1117 4135; x_wconf 88' lang='lat' dir='ltr'><strong>et</strong></span> <span class='ocrx_word' id='word_1_323' title='bbox 1149 4071 1272 4136; x_wconf 88' lang='lat' dir='ltr'><strong>Callisti</strong></span> 
     </span>
     <span class='ocr_line' id='line_1_39' title="bbox 166 4167 1276 4253; baseline 0.009 -25"><span class='ocrx_word' id='word_1_324' title='bbox 166 4171 365 4243; x_wconf 87' lang='lat' dir='ltr'><strong>quaestiones</strong></span> <span class='ocrx_word' id='word_1_325' title='bbox 386 4189 460 4233; x_wconf 89' lang='lat' dir='ltr'><strong>cnm</strong></span> <span class='ocrx_word' id='word_1_326' title='bbox 482 4168 665 4246; x_wconf 81' lang='lat' dir='ltr'><strong>Theodoto,</strong></span> <span class='ocrx_word' id='word_1_327' title='bbox 688 4167 874 4247; x_wconf 88' lang='lat' dir='ltr'><strong>Cleomene,</strong></span> <span class='ocrx_word' id='word_1_328' title='bbox 897 4179 930 4235; x_wconf 90' lang='lat' dir='ltr'><strong>et</strong></span> <span class='ocrx_word' id='word_1_329' title='bbox 951 4173 1117 4237; x_wconf 85' lang='lat' dir='ltr'><strong>Sabellio:</strong></span> <span class='ocrx_word' id='word_1_330' title='bbox 1134 4191 1276 4253; x_wconf 86' lang='lat' dir='ltr'><strong>quorum</strong></span> 
     </span>
    </p>
   </div>
   <div class='ocr_carea' id='block_1_4' title="bbox 0 0 1455 4784">
    <p class='ocr_par' dir='ltr' id='par_1_5' title="bbox 0 0 1455 4784">
     <span class='ocr_line' id='line_1_40' title="bbox 0 0 1455 4784; baseline 0 0"><span class='ocrx_word' id='word_1_331' title='bbox 0 0 1455 4784; x_wconf 95' lang='lat' dir='ltr'><strong> </strong></span> 
     </span>
    </p>
   </div>
  </div>
 </body>
</html>
