2886 4784
1154 319 1195 388 tlt

77 417 211 516 pelopea.
238 419 279 486 El
300 422 333 485 in
355 419 468 484 eodem
491 437 605 483 rursus
627 425 769 494 cratere,
792 419 823 480 in
844 437 910 498 qne
929 418 1040 481 mnndi
1054 421 1193 485 animum

79 531 275 612 permiscens
299 536 549 605 temperaverat,
571 527 750 604 superioris
773 526 1013 603 temperationis
1040 525 1194 604 reliquias

78 628 243 692 miscendo
264 627 408 706 perfudit
430 636 491 689 etc.
515 645 531 683 ν
556 625 707 700 Domum,
730 627 815 704 qnod
839 627 1016 688 marimum
1040 635 1102 700 est,
1119 645 1195 689 nns-

74 751 174 812 qnarn
210 733 338 808 scripsit
372 728 463 791 Plato
495 731 633 790 animam
666 730 839 791 humanam
872 747 1011 807 corpore
1045 740 1195 792 constare

74 833 268 912 splendido:
293 840 342 893 ast
363 832 401 892 de
423 832 543 893 mundo
565 832 606 891 ita
632 833 779 909 putavit:
804 852 820 888 ιι
842 829 947 892 Dirini
970 830 1115 910 quidem,
1139 834 1195 904 ait,

74 934 228 996 animalis
259 935 397 1012 speciem
431 952 472 994 ex
507 933 578 1011 igne
610 934 750 994 maxima
781 953 827 994 cx·
858 940 948 1010 parte
983 935 1197 1011 componebat

74 1034 212 1114 (Deus)
243 1038 432 1097 universum
463 1041 499 1095 nt
527 1033 818 1111 splendidissimum
846 1041 929 1095 esset
953 1042 985 1095 et
1013 1034 1198 1112 pulcherri-

76 1154 180 1198 mum.
206 1146 223 1192 ν
247 1134 373 1209 Quibus
396 1134 506 1213 positis
529 1132 736 1195 concluditur
757 1133 964 1216 Anonymum
987 1133 1026 1195 de
1054 1133 1196 1198 Platonis

76 1238 284 1317 philosophia
307 1237 468 1310 locutum,
484 1234 563 1296 alias
580 1233 673 1313 juxu
699 1252 822 1297 morem
845 1236 932 1298 illius
955 1234 1051 1310 dicta,
1069 1243 1101 1296 et
1116 1235 1195 1297 alias

76 1338 214 1400 falsasse
236 1355 360 1399 sensns.

156 1437 324 1502 Cedrenns
356 1436 469 1498 deinde
501 1437 540 1498 de
572 1438 680 1499 stoicis
712 1439 791 1498 baec
824 1436 944 1500 babel:
980 1459 996 1497 ιι
1028 1430 1192 1514 Euenum

64 1529 200 1640 ἆιρεσις
234 1543 294 1603 τῶν
326 1533 480 1605 στω’ἱκὼν.
506 1526 573 1604 Καὶ
608 1523 697 1604 οὗτοι
731 1530 875 1604 ὑπέθεντο
905 1531 1017 1639 ἀρχήν
1048 1538 1109 1630 μὲν
1140 1540 1195 1608 τὸν

63 1641 198 1711 πάντων
221 1635 320 1713 Θεὸν,
344 1639 405 1710 aad
426 1633 463 1709 τὸ
484 1641 557 1711 καθ’
580 1638 782 1740 ἒιμοιρμένην
805 1639 846 1710 τοὶ
869 1640 973 1711 ποίντοι
997 1639 1197 1737 credebaut-

64 1767 185 1818 σαντο.
204 1737 274 1827 Τήν
289 1746 425 1828 σελήνην
444 1744 589 1839 λέγουσιν
603 1745 763 1818 ἀθοίνοιτον
779 1736 860 1818 εἶναι
877 1756 984 1841 σῶμα,
999 1746 1145 1842 λέγουσιν
1162 1741 1197 1817 δι’

67 1853 223 1944 γενεσθαι
247 1850 281 1921 ἐκ
308 1865 367 1932 τῆς
396 1851 584 1953 περιψύξεως
614 1853 669 1921 rio
696 1852 792 1956 ἀέρος
820 1855 876 1922 rio
906 1852 1199 1956 περιέχοντος,·διο“

63 1951 130 2026 παὶ
156 1951 269 2048 ψυχήν
292 1950 393 2038 ἀυτήν
409 1957 574 2028 κοιλδνσιν.
599 1959 804 2052 Ομολογῧνοι
825 1955 883 2029 uui
901 1959 1198 2051 μετενοωμάτωσιν,

65 2058 262 2159 ὡρισμένων
286 2061 385 2134 decbr
409 2071 469 2132 τῶν
493 2071 613 2158 ψυχῶν.
642 2068 661 2126 i.
684 2087 712 2128 e.

72 2175 85 2218 t
160 2169 335 2234 Undecima
358 2182 442 2233 secta
466 2177 654 2234 stoicorum.
679 2172 732 2235 isti
756 2190 888 2252 qaoque
913 2174 1106 2249 principium
1128 2190 1197 2232 om-

76 2273 168 2334 nium
192 2281 377 2334 statuerunt
400 2271 516 2349 Deum,
540 2293 577 2336 ac
608 2275 842 2336 conitendernnt
875 2275 980 2335 omnia
1015 2272 1081 2335 lato
1111 2272 1193 2334 lieri.

75 2375 192 2438 lunam
215 2375 326 2436 dicunt
346 2393 416 2436 esse
439 2377 668 2448 immortalem,
682 2387 713 2439 et
729 2394 848 2455 corpus
867 2378 938 2455 ejus
961 2374 1111 2453 inquiunt
1128 2374 1196 2436 fieri

77 2496 122 2539 ex
144 2476 229 2538 aeris
252 2477 482 2538 circumdantis
505 2477 767 2556 refrigeratione3
783 2489 813 2538 et
829 2479 872 2540 ob
888 2480 947 2539 boc
968 2465 1080 2567 ψνχνὶν
1102 2475 1199 2555 salpi·

82 2579 159 2640 dom
181 2597 252 2641 eam
277 2587 401 2640 vocant.
424 2577 629 2643 Confitentur
650 2590 758 2642 aulem
773 2584 953 2645 animarum
969 2602 987 2643 c
1003 2601 1141 2661 corpore
1157 2580 1197 2642 ad

78 2680 170 2742 aliud
195 2681 477 2760 immigrationem,
501 2701 575 2745 cum
597 2684 661 2744 sint
681 2700 817 2745 numero
839 2685 963 2745 animae
985 2683 1145 2744 definitae.
1168 2702 1185 2753 ν

53 2837 57 2841 .
162 2781 198 2845 ln
222 2784 282 2846 boc
305 2784 448 2847 articulo
481 2786 670 2869 lluonymus
699 2785 797 2847 latius
830 2787 1030 2863 transcripsit
1060 2784 1196 2848 Cedreui

77 2883 165 2945 dicta
190 2885 441 2959 circumcides,
466 2887 507 2946 ita
533 2894 638 2946 tamen
661 2893 695 2946 nt
717 2889 852 2947 istorum
876 2888 1040 2964 opiniones
1065 2906 1193 2965 perrer-

78 2984 167 3046 ierit.
193 2981 310 3047 Scribit
333 2983 498 3047 Cedrenus
520 2988 638 3047 stoicos
661 2986 769 3047 tunam
792 2988 896 3066 fucere
917 2987 1147 3060 lanceariorum,
1169 2997 1199 3051 ct

73 3087 284 3166 corporales
304 3085 397 3166 ajunt
417 3085 488 3166 ficri
508 3106 546 3150 cor
567 3088 651 3150 ueris
678 3085 905 3150 circumdantis
926 3087 1167 3168 resripcrutinne
1179 3109 1197 3162 ,·

75 3194 107 3248 et
130 3185 167 3246 ob
187 3184 244 3246 boc
266 3177 376 3277 ψυχήν
396 3186 549 3265 [ιιψίιὶπιπ
570 3207 636 3250 cum
658 3199 781 3250 cocunt.
807 3186 995 3268 Annnymus
1031 3206 1108 3249 vcro
1129 3191 1195 3251 ait:

84 3318 100 3354 ι
125 3281 200 3368 Τήν
224 3285 257 3357 δι’
281 3289 393 3384 ψυχήν
416 3288 542 3382 λέγουσι
568 3290 675 3382 με’νειν
700 3282 1061 3384 perberaeensium
1087 3288 1121 3360 δέ
1143 3298 1203 3360 σῶ-

70 3416 128 3486 μα
151 3386 210 3462 καὶ
233 3395 375 3486 periclen
392 3393 427 3465 ἐκ
441 3407 499 3475 τῆς
524 3397 713 3494 περιψύξεως
735 3396 790 3466 τον
806 3396 899 3498 ἀέρος
913 3399 969 3467 riv
984 3395 1197 3501 περιέχοντος·

74 3495 135 3570 διὸ
158 3495 215 3571 καὶ
239 3501 411 3573 ποιλέισθοιι
435 3501 546 3594 ψυχήν
569 3509 589 3566 i.
605 3525 632 3567 e.
651 3506 799 3568 Animam
815 3517 923 3569 antem
940 3508 1050 3569 dicunt
1069 3525 1198 3568 manere

73 3619 328 3688 postmortem,
353 3619 384 3671 et
406 3629 474 3671 csse
496 3627 615 3687 onrpns
637 3621 668 3670 et
691 3612 774 3688 gigni
797 3631 838 3674 ex
862 3612 1106 3690 relrigeratione
1132 3628 1199 3670 ana·

76 3711 197 3774 bientis
218 3712 315 3785 aeris,
339 3712 470 3773 acideo
495 3715 603 3772 vocari
626 3706 738 3802 ψυχήν
759 3712 925 3792 driuidum.
948 3732 965 3770 ν

162 3813 204 3875 Et
226 3817 297 3894 quis
321 3815 399 3878 baec
414 3815 523 3893 legens
539 3835 600 3877 non
616 3820 752 3878 senserit
767 3819 927 3898 Anonymi
946 3835 1106 3889 errorem,
1124 3832 1199 3877 cum

73 3916 207 3978 animae
231 3917 389 3978 humanae
411 3917 585 3991 adscribat,
608 3936 692 3996 qnae
708 3920 805 3980 lunae
822 3920 954 3998 propria
970 3919 1200 3979 existimarunt

73 4014 202 4080 stoici?
223 4017 264 4079 El
286 4019 434 4096 quamvis
458 4021 507 4080 isti
532 4019 625 4098 plura
650 4022 790 4082 dixerint
812 4022 850 4082 de
872 4025 975 4082 anima
1000 4020 1122 4091 mnndi,
1146 4018 1200 4080 de-

63 4135 141 4196 que
165 4120 331 4181 bominum
354 4128 386 4179 et
415 4122 588 4181 brutorum
623 4123 811 4198 animabns3
847 4122 1053 4183 nibilominus
1084 4135 1198 4180 eurum

73 4226 176 4286 nanto
199 4223 328 4301 pulavit
348 4223 486 4286 animam
517 4223 653 4286 hominis
676 4225 822 4303 generari
845 4224 885 4286 ab
906 4225 990 4286 aeris
1022 4220 1195 4298 relrigcra·
