2886 4784
239 438 359 502 licinde
381 442 554 520 sequiturr
571 439 706 518 «Quod
726 441 811 508 enim
834 441 912 508 dicit
927 440 1193 525 (Dominusttalc
1211 451 1263 508 est:

158 540 189 603 si
207 558 273 604 non
290 552 421 620 proptor
441 541 625 619 libidinem,
647 545 700 607 sed
717 552 845 625 propter
866 542 1027 627 injurians
1046 543 1182 608 dimittis
1200 563 1265 607 uno

159 661 245 717 rann·
259 662 359 725 pnnrc
379 654 526 724 expertes
547 644 686 726 infelices
703 645 830 726 priores
851 645 993 728 nuptias,
1008 665 1168 710 nocnrnrn
1181 657 1208 710 te
1221 645 1266 708 in·

159 744 261 809 mittis
279 742 459 825 periculo?
480 766 497 804 n
519 747 641 811 Suadet
661 767 686 811 s.
710 746 834 812 Ductor
856 750 950 825 viro,
984 759 1021 813 ut
1053 761 1222 830 postquam
1239 766 1266 810 sc

158 852 361 927 separaverit
381 849 424 909 alr
444 866 550 912 uxore
572 848 746 913 fornicaria
779 850 821 913 ub
850 849 1005 931 injuriam
1030 851 1092 914 sibi
1113 851 1156 913 ab
1177 868 1212 921 aa
1231 849 1267 910 sl·

161 946 284 1027 latam,
307 955 346 1014 ut
365 952 520 1029 innuptus
544 956 670 1012 anancat
692 967 755 1011 nun
784 949 892 1014 solum
922 951 1105 1014 secuudum
1136 949 1267 1013 divinum

162 1050 363 1126 mandatum,
385 1051 447 1115 sed
463 1051 559 1114 etiam
581 1060 619 1114 ut
638 1071 673 1114 se
694 1051 811 1116 liberet
825 1070 842 1113 a
858 1052 1007 1131 periculo
1028 1053 1142 1116 denua
1163 1069 1265 1114 occur·

158 1155 250 1218 rendi
267 1153 363 1218 uxori
378 1153 508 1217 intideli.
528 1152 607 1217 ltenr
629 1154 701 1216 dein
723 1154 830 1217 addite
845 1176 862 1214 ι
876 1152 944 1220 Nec
965 1173 1029 1216 nou
1051 1156 1131 1234 quia
1154 1159 1269 1234 poterat

158 1258 302 1332 evenire,
324 1263 362 1319 ut
380 1255 476 1337 juxta
499 1254 632 1318 eandem
654 1258 757 1335 legem
772 1275 859 1320 uxor
875 1257 1050 1335 repudium
1066 1274 1202 1337 qnoque
1220 1256 1266 1317 da·

160 1368 210 1422 ret
225 1359 361 1443 marito,
383 1357 496 1422 cadem
517 1358 644 1420 cautela
666 1359 821 1438 praecipi,
848 1359 914 1439 ait,
937 1376 976 1422 ne
997 1359 1066 1440 ipsa
1095 1359 1264 1422 secundun

160 1462 298 1541 accipiat
319 1461 439 1536 virum,
455 1467 488 1524 et
508 1463 621 1539 nequis
638 1479 708 1523 eam
724 1460 887 1526 dimissam
901 1463 1015 1536 ducat,
1031 1463 1062 1523 ui
1087 1462 1168 1525 velit
1187 1458 1267 1522 adul·

162 1564 234 1626 terii
255 1562 382 1625 crimini
403 1561 565 1624 obnoxius
588 1561 721 1625 haberi:
745 1562 856 1626 eadam
877 1562 1001 1626 scilicet
1022 1581 1103 1625 usus
1126 1562 1265 1626 cautione

144 1661 381 1744 ,Hieronymus
402 1660 442 1725 de
464 1679 582 1738 uxore,
605 1678 704 1742 quam
727 1662 888 1745 praestitit
908 1662 947 1727 dc
970 1664 1055 1740 siro,
1079 1681 1120 1728 uc
1148 1663 1264 1725 dimissa

161 1757 283 1828 notum
304 1764 401 1827 iniret
420 1762 619 1844 conjugium.

242 1863 346 1928 Porro
367 1873 399 1927 et
420 1882 462 1927 ex
483 1866 668 1928 successivo
690 1865 835 1945 ejusdem
861 1866 1097 1953 commentario
1119 1867 1152 1928 ia
1176 1885 1205 1927 v.
1225 1859 1267 1929 tt.

159 1966 269 2029 dicunt
291 1966 319 2027 ei
338 1963 493 2044 discipali
512 1965 600 2045 ejus:
615 1963 644 2028 ri
663 1965 711 2029 ito
729 1976 773 2030 est
794 1986 891 2031 conec
910 1966 1049 2031 nominis
1069 1985 1146 2030 cnm
1166 1983 1268 2041 neon,

157 2087 221 2131 non
236 2065 361 2148 expedit
373 2066 496 2144 ndens,
510 2076 652 2146 augetur
662 2070 802 2148 suspicio
814 2070 1001 2133 intrusionis
1012 2069 1104 2132 incisi
1117 2089 1128 2132 s
1141 2066 1267 2132 etclicn

160 2168 310 2244 deserit,
335 2168 526 2232 annectatur.
552 2164 640 2231 ldeur
670 2171 753 2233 enim
770 2167 893 2233 Doctor
908 2171 940 2233 in
968 2189 998 2232 e.
1014 2165 1068 2235 10.
1084 2169 1184 2233 iterat
1202 2184 1268 2248 con

157 2265 311 2335 ditionem
331 2273 495 2336 ‘insertam
528 2271 691 2334 versiculo
721 2273 944 2354 antecedenti,
973 2272 1045 2335 aliis
1077 2280 1185 2335 umen
1206 2285 1267 2332 rer·

158 2372 221 2448 bis,
238 2390 277 2435 ac
297 2372 352 2437 ulti
373 2390 503 2436 sonsum
524 2390 620 2434 suurn
643 2375 743 2452 magis
762 2375 954 2452 explicatde
968 2375 1136 2436 connubio
1157 2371 1266 2434 insola·

158 2473 227 2536 ltili.
249 2472 337 2536 Loco
357 2475 442 2535 enim
463 2470 529 2535 nisi
548 2470 584 2533 cd
603 2471 859 2553 fornicationsm,
881 2475 1008 2554 scripsit
1029 2483 1163 2553 eccepto
1182 2489 1268 2536 cnseo

158 2572 398 2656 fornicationis,
421 2576 588 2655 inquiens:
614 2596 630 2632 u
649 2574 757 2638 Grave
779 2577 903 2654 pondus
927 2595 1071 2638 uxorum
1093 2585 1156 2648 est,
1172 2577 1209 2651 si,
1222 2592 1269 2635 cn·

159 2685 248 2755 copta
266 2672 493 2757 fornicationis
514 2693 623 2751 cansa,
639 2695 693 2739 eas
708 2677 870 2739 dimittere
885 2695 948 2739 nou
967 2677 1056 2738 licet.
1074 2674 1173 2751 Quod
1196 2678 1267 2739 uuita

162 2779 189 2840 si
213 2778 388 2840 temulenta
413 2777 525 2853 luerit,
548 2778 574 2839 si
596 2778 765 2855 iracunda,
788 2779 813 2841 si
836 2779 928 2839 malis
950 2777 1109 2853 moribus,
1134 2779 1160 2840 si
1182 2778 1268 2840 lusu·

161 2882 261 2956 riosa,
282 2881 309 2943 si
331 2880 458 2960 gulosa,
480 2881 506 2941 si
530 2897 623 2959 saga,
645 2881 670 2942 si
689 2879 868 2961 iurgatur,
885 2881 918 2942 -si
940 2876 1121 2954 maledica,
1146 2878 1267 2941 tenenda

160 2989 219 3042 est.
242 2999 259 3039 t>
283 2979 318 3042 lu
339 2981 459 3061 quibus
483 2980 588 3044 verbis
610 2980 676 3044 duo
698 2980 930 3045 consideranda
952 2985 1051 3041 suut:
1083 2980 1192 3058 primo
1216 2996 1265 3040 cx·

159 3080 276 3158 clusio,
294 3088 330 3144 ut
350 3081 430 3156 diri,
448 3081 610 3145 lormulae
631 3078 697 3144 nisi
717 3081 752 3142 ob
770 3079 1028 3163 fornicationem,
1042 3100 1082 3144 eu
1098 3099 1205 3163 usqne
1221 3078 1268 3141 tu·

163 3185 268 3247 tribus
290 3186 414 3264 graecis
436 3191 467 3246 et
487 3183 594 3246 latinis
615 3184 746 3261 ignota,
768 3191 801 3246 at
822 3201 921 3264 quam
943 3184 1015 3246 ideo
1037 3184 1107 3262 ipse
1128 3183 1267 3262 superius

159 3286 191 3348 in
212 3285 348 3366 epistola
370 3284 409 3347 ad
428 3284 623 3360 Amandum,
639 3286 702 3348 hoc
723 3285 807 3348 idem
831 3285 1049 3348 testimonium
1076 3284 1193 3358 citans,
1215 3282 1266 3343 rite

161 3387 312 3452 exclusit.
336 3385 498 3462 Secundo,
520 3389 693 3461 revocatis,
717 3389 855 3466 quaein
877 3404 974 3448 versu
997 3387 1202 3449 antecedenti
1220 3384 1267 3444 dn·

160 3490 241 3564 cuit,
264 3489 466 3568 praeclarius
486 3506 599 3551 causas
621 3489 763 3550 decernit
785 3487 931 3567 partialis
952 3489 1180 3564 separationis,
1197 3483 1269 3549 nudo

163 3592 299 3653 maritus
322 3609 338 3651 a
360 3609 394 3653 sa
415 3599 505 3653 arcet
523 3591 600 3670 jure
623 3609 760 3653 uxorem
783 3607 901 3660 suam,
921 3589 1046 3653 scilicet
1079 3587 1123 3651 ub
1156 3585 1269 3649 adulte·

160 3692 270 3773 rium3
292 3692 334 3754 ob
355 3700 485 3756 ceteras·
503 3699 607 3755 tamen
630 3711 755 3765 causas,
772 3691 893 3764 subdit,
911 3690 1000 3752 nolas
1021 3697 1072 3753 est
1085 3690 1117 3753 ei
1133 3687 1266 3753 eamdent

158 3793 333 3856 diruittere.
365 3792 465 3869 Quasi
498 3792 644 3868 diceret,
676 3795 701 3856 si
735 3795 785 3853 vir
814 3793 974 3854 dimiserit
1011 3808 1154 3853 uxureru
1185 3803 1268 3854 surus

160 3895 358 3971 adulteram,
373 3896 452 3957 benc
474 3895 570 3957 lacit:
597 3912 660 3956 non
681 3895 764 3957 enirn
787 3892 881 3955 debet
902 3893 1004 3955 teneri
1027 3908 1044 3951 a
1069 3894 1200 3964 marito,
1219 3885 1267 3952 sel

162 4014 180 4058 a
204 3996 346 4058 thalamo
367 3996 545 4075 separanda
567 4003 627 4071 cst,
650 4014 690 4058 ne
711 3996 778 4075 ipse
799 4011 933 4076 quoque
951 3992 1013 4055 sut
1036 3995 1153 4057 uxoris
1180 3990 1268 4057 male·

161 4098 300 4160 dictione
321 4097 387 4159 liat.
411 4095 443 4159 st
467 4115 545 4160 reru
568 4096 741 4159 temulenta
758 4096 810 4170 sit,
826 4094 994 4168 iracunda,
1015 4094 1190 4160 luxuriosa
1210 4101 1265 4156 ets.

161 4219 178 4261 a
203 4200 331 4275 marito,
355 4198 447 4275 velit,
468 4198 563 4277 uolit,
587 4197 722 4264 tenenda
743 4205 814 4274 est,
837 4198 933 4277 eique
954 4196 1146 4263 cohabitare
1163 4194 1268 4280 ,tenen
