2886 4784
149 480 305 554 spectant
330 475 368 536 ad
400 474 567 539 Pontifices
593 474 796 554 Agapctum,
821 473 1000 555 vigilium,
1031 476 1219 554 Pelagium,
1248 487 1280 538 et

149 573 447 650 att-lustratorum,
464 577 609 656 genuinis
632 577 853 639 coalescerent
875 579 993 640 borum
1016 579 1131 640 dictis:
1148 585 1181 640 et
1197 597 1280 657 quo·

151 676 214 740 ties
241 677 501 754 frequentissima
526 677 556 736 iu
580 676 627 738 bis
648 693 711 738 non
733 685 945 740 occurrerent
962 677 1078 739 indicia
1096 676 1278 755 praeclara,

151 794 245 856 quae
268 785 404 839 cunctas
424 774 606 840 excludunt
626 776 792 839 dubitandi
816 777 956 840 rationes
988 777 1028 839 de
1060 785 1149 838 recto
1180 774 1279 839 lusti·

150 877 245 941 uisui
266 876 595 958 sensu,dce1usdem
617 885 775 958 perpetua
799 879 971 941 concordia
995 897 1068 941 cum
1091 878 1280 956 episcopatu

149 976 344 1049 catholico,
367 978 462 1039 sicuti
477 970 523 1038 'dc
547 975 653 1055 Vigilii
677 987 708 1040 et
731 978 850 1058 Pelagii
874 978 898 1040 Ι.
921 981 1018 1041 animi
1042 979 1225 1058 integritate
1246 986 1279 1040 et

149 1075 315 1140 firmitate
337 1079 367 1138 in
391 1074 554 1139 tractanda
587 1079 775 1158 quaestione
806 1081 905 1143 trium
931 1080 1159 1160 Capitulorum
1189 1087 1221 1141 et
1248 1081 1281 1141 in

149 1177 350 1242 eorumdem
373 1177 648 1241 condemnatione.

240 1277 474 1357 Quapropter,
497 1281 575 1341 etsi
597 1279 728 1342 dicatur
749 1279 936 1343 Anastasius
958 1283 989 1342 in
1012 1277 1084 1343 vtu
1115 1280 1278 1359 praelato·
1321 1270 1327 1280 ’

150 1397 234 1443 rum
260 1377 452 1445 Pontificum
475 1380 516 1441 ab
532 1379 693 1443 Archiviis
717 1379 881 1444 Ecclesiae
903 1380 1070 1449 Romanae
1091 1382 1273 1462 collegisse,

149 1499 244 1562 guae
266 1480 333 1560 ipse
355 1491 508 1559 enarra13
532 1499 572 1544 ne
594 1482 820 1561 ambigendum
844 1483 975 1562 quidem
1004 1491 1052 1546 est
1073 1485 1216 1546 extitisse
1249 1485 1280 1545 in

149 1581 236 1664 ipsis
258 1582 421 1646 Arcbieiis
444 1582 608 1661 praelatas
631 1584 782 1664 epistolas
803 1593 860 1647 aut
886 1585 1014 1646 decreta
1047 1594 1110 1646 tam
1144 1584 1278 1647 Pontib-

149 1702 233 1751 cum
258 1702 360 1764 quam
380 1683 552 1748 iustiniani
579 1685 639 1764 (de
660 1703 802 1764 quorum
825 1688 1010 1749 sinceritate
1034 1705 1129 1749 nemo
1160 1686 1279 1748 hucus-

149 1803 222 1866 que
245 1783 426 1861 dubitarit)
450 1787 613 1848 contraria
636 1786 818 1848 omnimode
841 1787 995 1866 capientia
1021 1788 1069 1862 iis,
1092 1804 1177 1866 quae
1192 1804 1209 1847 a
1227 1783 1277 1847 Bi·

148 1883 376 1949 biiotbecario
406 1895 582 1960 notantur,
607 1887 818 1951 documentis.
842 1886 899 1950 llis
921 1888 1015 1962 adde,
1038 1906 1166 1961 eorum,
1194 1904 1279 1966 quae

148 1986 270 2054 scribit
295 1973 482 2052 Anastasius
501 1984 572 2056 300.
596 1989 663 2053 iere
686 1999 757 2068 post
777 1990 890 2062 aunis,
913 1989 1020 2051 adbuc
1042 1989 1193 2068 ignorare
1220 2006 1277 2049 au-

148 2097 285 2153 ctorem
307 2099 338 2151 et
361 2098 513 2165 aetatem,
535 2093 561 2152 si
585 2100 660 2154 tunc
685 2091 734 2153 vel
758 2097 867 2170 postea
892 2091 1022 2164 vixerit,
1046 2089 1152 2170 qualis
1176 2090 1278 2151 luerit

149 2190 307 2272 ejusdem
329 2191 419 2267 tides,
442 2200 475 2254 et
495 2192 599 2255 tontes
621 2192 706 2256 uude
727 2210 764 2256 ea
787 2191 970 2271 decerpsit:
993 2197 1026 2255 et
1046 2194 1073 2255 si
1095 2209 1208 2269 reapse
1232 2190 1273 2252 ab

149 2293 325 2357 Archiviis
355 2297 519 2369 romanis,-
545 2296 596 2358 vel
620 2295 749 2358 aliunde
771 2312 807 2357 ea
841 2294 1034 2373 collegerit3
1058 2300 1089 2356 et
1111 2295 1137 2355 si
1158 2293 1277 2373 scripta

148 2401 215 2458 aut
240 2394 393 2474 vulgares
422 2397 610 2459 traditiones
638 2404 771 2458 secutus
802 2394 864 2473 sit3
897 2395 1142 2473 acpraecipue
1171 2392 1278 2472 quoad

151 2497 263 2559 trium
295 2495 523 2576 capitulorum
555 2498 719 2576 negotium
750 2514 849 2576 supra
883 2495 1016 2559 modum
1048 2497 1205 2574 agitatum
1237 2512 1279 2556 ex

149 2597 305 2678 partium
326 2598 434 2661 studio
458 2599 487 2659 in
512 2596 641 2659 Africae
668 2604 700 2659 et
728 2590 911 2661 Occidentis
941 2596 1107 2670 ecclesiis,
1138 2592 1192 2656 ubi
1220 2595 1276 2657 alii

148 2716 189 2762 ea
215 2695 455 2771 defendebant,
478 2697 806 2778 expugnabantur,
832 2696 968 2759 vicissim
990 2714 1024 2759 se
1047 2694 1278 2759 lacessentibus

148 2797 332 2861 haereseos
354 2806 438 2860 nota.
464 2797 504 2861 lit
525 2799 550 2860 si
572 2798 742 2860 dicendum
760 2796 856 2871 soret,
874 2804 910 2860 ut
926 2797 1197 2859 verisimillimum
1214 2803 1276 2870 est,

148 2898 367 2965 Anastasiou
390 2900 431 2960 ab
453 2900 570 2961 eisdem
588 2897 734 2960 liberati
758 2897 899 2962 lontibus
920 2915 956 2959 ea
979 2897 1171 2970 deduxisse,
1193 2914 1279 2977 quae

149 3010 274 3063 narrat
293 2998 333 3060 de
355 2997 472 3077 Vigilio
494 3012 524 3062 et
547 3001 586 3061 de
607 2999 813 3075 iustiniauo,
837 3007 913 3061 tnnc
934 2998 974 3058 ad
998 2997 1172 3060 tollendam
1202 2997 1279 3060 illu·

148 3104 303 3176 sionem,
327 3103 359 3164 in
387 3098 490 3164 'lomo
515 3098 567 3163 tv.
593 3119 620 3163 c.
645 3099 713 3163 XX.
737 3099 825 3163 XXl.
849 3098 954 3162 xtttt.
979 3100 1120 3162 discussa
1152 3097 1278 3161 suffice·

148 3212 242 3266 rent.
268 3203 315 3266 Ac
337 3204 421 3277 ideo,
448 3204 595 3282 quamvis
617 3222 652 3264 ea
680 3204 747 3283 ipsa
780 3209 886 3264 aetate
910 3200 1026 3262 vixisse
1058 3199 1187 3262 dicatur
1218 3200 1277 3261 iste

147 3302 354 3369 Pontificum
370 3313 408 3367 et
429 3302 601 3367 iustiniani
629 3304 782 3367 historiae
814 3305 1046 3367 concinnator:
1069 3301 1277 3365 nibilominus

149 3423 235 3470 cum
257 3423 298 3467 cx
321 3406 459 3468 adverso
483 3413 565 3467 stent
588 3416 675 3467 certa
698 3414 728 3467 et
752 3406 918 3468 luculenta
936 3411 1119 3466 eorummet
1134 3405 1276 3466 testimo·

148 3506 224 3580 uia,
247 3505 304 3584 qui
326 3522 386 3584 pro
406 3506 517 3583 seipsis
538 3523 647 3568 coram
669 3502 812 3568 Ecclesia
835 3513 868 3567 et
899 3506 1036 3584 imperio
1067 3504 1273 3565 obtestantur

148 3609 257 3672 aliter
288 3623 387 3685 quam
415 3607 528 3669 scribit
554 3606 768 3684 Anastasius,
796 3607 872 3686 J'ure
901 3607 1039 3669 istorum
1069 3604 1149 3668 tides
1178 3603 1274 3666 alteri

150 3706 373 3791 praeferenda
397 3717 455 3770 est.

239 3805 377 3870 Densum
400 3812 486 3871 circa
511 3807 668 3871 Anastasii
692 3806 935 3872 bibliothecarii
957 3806 1124 3870 illusiones
1146 3807 1178 3867 iu
1205 3806 1274 3869 col·
1355 3878 1357 3883 ¹

145 3910 296 3974 lectione
329 3912 413 3973 ritae
446 3909 667 3974 Romanorum
700 3910 891 3974 Pontiticum
920 3910 1153 3985 conterantur,
1187 3924 1273 3989 quac

145 4012 269 4077 scribit
289 4031 317 4076 c.
340 4011 480 4076 loannes
502 4010 645 4094 baptista
669 4010 831 4099 Deliossi
857 4009 955 4077 Rorno
984 4021 1191 4075 sotterraneo.
1210 4008 1278 4073 To·

146 4131 210 4176 ruo
232 4112 257 4174 l.
282 4132 311 4176 c.
337 4111 376 4176 ll·
401 4132 431 4176 ιι.
453 4112 475 4179 3
511 4133 540 4204 p.
569 4110 635 4184 122.

606 4236 841 4294 “ab‘’
