2886 4784
170 459 301 541 quidam
323 461 502 540 protulere.
528 458 721 537 Novissima,
744 460 831 540 quod
856 463 956 540 magis
979 469 1134 541 praestat,
1152 462 1210 528 bue
1227 479 1266 527 re

171 561 351 625 vocandum
373 568 421 624 est
443 563 562 626 Gelasii
587 561 692 642 Papae
721 564 864 625 alterum
897 563 1066 626 decretum
1088 564 1121 626 iu
1143 563 1266 630 Concilio

168 663 316 726 Romano
339 681 387 724 au.
408 662 480 731 aab.
505 665 545 726 tle
568 663 672 726 Libris
694 666 793 726 sacris
816 672 847 726 et
870 663 908 725 de
937 665 1153 743 scriptoribus
1184 667 1268 729 eccle·

168 766 327 828 siastieis:
350 766 405 828 ubi
430 768 570 844 primum
592 769 636 828 ait
657 785 690 828 se
713 766 858 828 refutare
881 767 911 827 in
928 766 1070 845 Origene
1091 786 1178 846 quae
1198 768 1270 832 relu-

169 868 248 930 tarit
270 865 510 950 Hieronymus,
534 870 611 946 quin
635 875 739 929 tamen
763 869 839 929 citet
861 871 1052 929 seutentiam
1075 867 1194 952 Syuotli
1220 869 1270 933 sub

155 968 334 1030 'Anastasio
355 969 515 1030 adunatae
536 969 693 1032 advorsus
716 969 866 1030 eumdum
890 977 922 1030 et
943 969 1045 1030 libros
1071 971 1167 1050 eius,
1197 970 1272 1051 quoi

166 1068 261 1129 valde
282 1080 503 1146 opportunum
530 1072 633 1130 risum
658 1068 780 1130 luisset.
803 1067 1011 1147 Deincepsln
1034 1068 1096 1130 fine
1119 1071 1206 1133 illius
1226 1070 1273 1135 de·

167 1172 248 1231 creti
274 1170 576 1232 haeresiarcharum
599 1171 741 1231 oninium
765 1170 803 1230 ad
825 1188 919 1231 suam
943 1189 1046 1249 usque
1069 1180 1207 1234 aetatem
1227 1190 1273 1235 nn·

164 1272 249 1332 mina
272 1287 439 1332 recensens
461 1264 636 1356 Gelasius,
653 1291 791 1334 exorsus
814 1290 829 1330 a
854 1271 982 1334 Simone
1005 1269 1128 1349 Mago,
1159 1273 1275 1352 penitus

163 1372 281 1435 omittit
301 1364 448 1450 Origunis
466 1372 618 1434 baeretici
635 1381 667 1434 at
682 1376 930 1450 origenistarum
947 1381 1066 1434 sectam
1079 1393 1094 1450 3
1108 1375 1198 1454 quoti
1212 1374 1273 1453 qni·

163 1474 235 1536 dem
265 1492 327 1535 uon
357 1480 427 1535 erat
460 1474 753 1553 praetereundum,
775 1477 800 1536 si
813 1473 1013 1535 Anastasius
1046 1493 1123 1537 cum
1155 1474 1272 1557 Syuutln

156 1591 217 1654 per
236 1576 336 1635 totum
357 1571 479 1648 orbem,
504 1581 539 1635 ut
562 1572 691 1634 Ruffino
714 1574 823 1653 objicit
847 1572 1090 1652 Hieronymus,
1123 1572 1272 1655 Orr'penrttr

161 1672 353 1736 haereticum
374 1673 594 1736 denunciaaset
613 1673 751 1753 populis.
770 1673 820 1736 Ex
834 1694 900 1752 quo
923 1672 1044 1736 Gelasii
1066 1676 1198 1740 silentio
1214 1689 1272 1738 am·

146 1768 304 1855 ‘piissime
325 1786 471 1838 nostrum
494 1775 646 1837 firmatur
669 1778 870 1853 propositum
898 1775 938 1836 tle
959 1776 1073 1839 fictitia
1109 1785 1144 1840 et
1174 1776 1269 1856 imagi

162 1876 252 1937 uaria
275 1875 425 1954 Origenis
448 1884 479 1936 et
501 1875 752 1953 origenistarum
776 1876 926 1948 haeresi„

245 1973 314 2041 Nec
334 1979 467 2053 insuper
487 1975 665 2036 audiendus
687 1981 735 2036 est
749 1973 888 2037 Huetius
901 1978 980 2055 ipse,
997 1977 1052 2056 qui
1070 1978 1103 2038 iu
1120 1975 1216 2040 Libro
1231 1975 1265 2039 tt.

162 2098 191 2141 c.
215 2060 270 2138 lV.
293 2077 378 2141 Suet.
403 2075 426 2136 l.
450 2075 703 2155 u.21t.inquit,
735 2077 765 2136 in
797 2073 948 2154 Hispania
973 2096 1108 2156 quoque
1130 2077 1268 2140 diffusam

160 2181 244 2241 hauc
265 2185 505 2258 praesumptam
527 2175 676 2255 Origenis
700 2177 869 2238 baeresim.
886 2176 955 2238 Hoc
972 2194 1073 2255 porro
1089 2177 1265 2241 deducitur

161 2278 351 2364 Hieronymi
373 2277 505 2357 epistola
529 2277 568 2337 ad
592 2278 723 2339 Avitum
747 2286 778 2338 et
799 2278 839 2338 ab
861 2278 962 2339 altera
987 2277 1161 2354 Augustini
1192 2278 1267 2342 eirca

162 2399 213 2442 an.
234 2378 304 2446 415.
328 2381 367 2440 ati
392 2378 551 2441 Erudium
572 2379 705 2456 scripta,
729 2379 781 2440 ubi
805 2396 905 2456 prope
927 2377 1021 2439 finem
1040 2383 1108 2440 ait:
1127 2379 1264 2442 «Oresio

162 2483 239 2559 (qui
262 2481 303 2542 ab
324 2479 483 2560 Hispania,
495 2479 533 2539 ad
556 2497 604 2540 me
620 2479 813 2552 advenerant
830 2479 868 2538 ad
886 2477 1044 2555 quaedam
1062 2481 1265 2558 interrogata,

161 2600 245 2661 quae
266 2581 359 2644 illum
382 2581 420 2642 do
443 2579 754 2658 priscillianistarum
772 2579 908 2650 haeresi,
925 2585 957 2638 et
971 2576 1123 2655 Origenis
1144 2579 1264 2658 quibus·

161 2684 233 2759 dam
255 2682 470 2760 opinionibus,
493 2699 573 2760 quas
596 2699 658 2741 uon
692 2680 812 2756 recepit
845 2677 1007 2752 Ecclesia,
1032 2681 1264 2756 permovebant,

162 2796 227 2845 uuo
247 2783 333 2845 libro
355 2800 416 2843 nnn
440 2784 576 2860 grandi,
599 2790 718 2859 quauta
743 2782 833 2860 potui
860 2781 1020 2842 brevitate
1042 2789 1075 2842 et
1103 2781 1264 2861 perspicui·

161 2894 226 2946 tate
249 2883 409 2962 respondi.
433 2901 449 2940 n

240 2983 390 3047 Attamen
412 2985 452 3044 ab
474 2993 615 3061 utraque
637 2982 771 3061 epistola
789 2999 850 3042 non
870 2981 1262 3044 rideturconcludeuduu

162 3088 193 3146 iu
217 3083 368 3165 Hispania
392 3085 551 3161 reperiri,
574 3085 629 3162 qui
657 3083 804 3161 Origenis
835 3084 993 3144 baeresim
1025 3083 1258 3160 profiterentur.

51 3183 53 3186 ⁴
160 3183 248 3249 Unus
270 3187 376 3261 enim,
399 3184 481 3245 idest
502 3184 618 3245 Avitus
641 3185 717 3260 petit
739 3183 780 3243 ab
801 3180 1024 3262 Hieronymo,
1049 3192 1085 3244 ut
1107 3185 1137 3244 ei
1164 3180 1260 3260 expla-

158 3298 233 3362 net,
258 3288 371 3367 quales
394 3287 455 3347 siut
478 3285 576 3364 ipsius
597 3284 745 3364 Origeuis
767 3301 918 3345 errores:
942 3283 1030 3360 quod
1053 3301 1132 3347 saue
1157 3283 1260 3345 iudicat

158 3388 200 3449 ab
219 3405 302 3448 anno
322 3383 394 3456 All).
423 3389 453 3447 in
481 3404 517 3448 ea
553 3389 685 3463 regiona
717 3385 824 3447 adbuc
855 3402 911 3446 eos
943 3385 1099 3461 ignorari.
1122 3384 1202 3447 llam
1227 3399 1259 3444 er

158 3490 329 3567 Augustini
353 3488 467 3549 litteris
490 3488 528 3548 ati
553 3486 713 3548 Evodium
737 3506 798 3548 uon
821 3489 951 3549 eruitur
966 3490 996 3546 in
1013 3485 1168 3565 Hispania
1184 3502 1260 3565 prae·

157 3600 303 3670 sumptos
325 3590 521 3652 invalescere
544 3607 673 3649 errores
685 3609 696 3666 3
719 3590 866 3666 quamvis
888 3608 929 3650 ex
952 3585 1146 3669 Hieronymi
1165 3585 1259 3650 studio

159 3690 300 3768 undique
321 3689 512 3768 quibusdam
535 3689 576 3749 ab
598 3689 671 3750 bine
692 3691 781 3749 aunis
805 3688 926 3765 vulgati
950 3696 1067 3761 essent,
1087 3697 1259 3749 nontamen

158 3791 189 3850 in
212 3798 314 3852 totum
338 3790 402 3851 uoti
416 3808 426 3867 3
450 3807 523 3850 cum
556 3787 677 3848 idcirco
704 3788 820 3849 Avitus
841 3786 880 3847 ad
904 3787 1056 3847 eumdem
1083 3787 1256 3866 scripserit,

158 3898 306 3953 exactam
328 3892 458 3969 cupiens
480 3889 646 3951 doctrinae
667 3889 872 3967 origenianae
894 3890 1039 3949 notitiam
1055 3909 1063 3950 r
1080 3907 1179 3968 qaam
1199 3886 1257 3967 qui·

156 3992 229 4053 dem
252 4008 313 4053 nou
335 3992 581 4070 postulasset,·si
600 4007 713 4052 revera
737 3992 767 4051 iu
789 4009 825 4053 aa
850 3989 980 4068 regione
1004 3989 1087 4054 bauo
1111 3989 1255 4055 haeresin

157 4089 307 4170 professi,
322 4091 451 4171 ‘reperti
473 4090 617 4153 luissent.

168 4198 175 4219 ’
238 4191 435 4274 Ceteroquin
452 4212 499 4258 ‚ex
522 4190 709 4273 Epiphanii‚
726 4190 908 4271 Tbeopbili,
925 4197 957 4254 et
977 4189 1171 4275 Hieronymi
1187 4185 1256 4256 toti
