2886 4784
246 452 339 534 Quae
360 470 435 520 cnm
458 453 501 519 ita
522 455 606 533 sint,
630 453 706 534 quid
741 451 872 535 prodest
896 448 1096 540 Hieronymo
1119 455 1158 518 ad
1191 475 1287 538 syno-

156 559 220 622 dos
242 559 409 639 appellare
431 559 462 619 in
485 558 632 642 Aegypto
655 565 686 619 et
710 555 999 638 Constantinopoli,
1017 561 1154 621 instante
1177 554 1283 620 'l'heo-

161 660 269 739 philo‚
292 661 447 722 adsersus
469 656 642 738 Origeuem
664 667 696 721 et
716 659 931 737 origenistas,
954 675 1029 721 cum
1052 658 1183 720 illarum
1214 667 1286 720 acta

164 765 263 826 irrita
292 761 457 823 declarata
479 757 570 824 sint'l
591 758 676 835 Quid
704 760 834 840 prodest
869 757 1067 840 Hieronymo
1098 760 1128 820 in
1151 761 1288 840 epistola

163 863 205 926 nd
231 861 470 940 Ctesiphontem
493 871 524 923 et
546 861 621 922 alihi
645 861 820 924 monachos
841 860 1030 939 origenistas
1048 878 1165 922 vocare
1188 878 1285 923 verse

166 964 245 1027 iidei
268 965 488 1041 simulatores,
506 962 588 1024 mala
612 964 767 1042 germina,
792 962 975 1042 pestiferos,
993 962 1174 1024 haereticos
1197 970 1229 1024 el
1250 962 1292 1025 ab

165 1067 328 1146 episeopis
359 1065 543 1138 damnatos,
567 1065 598 1126 in
619 1067 738 1144 quibus
758 1073 926 1127 enumerat
951 1063 1172 1138 Ammoninm,
1191 1062 1291 1127 liuse-

167 1168 275 1242 hinm‚
292 1164 519 1251 Euthynium,
532 1163 720 1244 Evagriurn,
735 1165 796 1239 Or,
814 1163 985 1239 isidorum,
1001 1173 1032 1227 et
1050 1166 1169 1228 multos
1183 1167 1288 1244 alios3

169 1269 304 1351 qnando
326 1270 425 1347 paulo
449 1264 527 1346 post'
542 1265 746 1330 innocentius
771 1265 854 1346 Papa
880 1267 1000 1328 certior
1024 1267 1129 1330 lactus
1150 1285 1289 1344 corum,

169 1386 259 1452 quse
281 1372 313 1432 in
337 1373 484 1455 Aegypto
505 1375 538 1431 ct
559 1366 834 1446 Constantinopoli
857 1365 1056 1449 Theophilus
1087 1369 1290 1434 machinatus

175 1480 226 1536 est
247 1470 404 1536 adsersus
425 1458 692 1555 chrysostomum
714 1475 747 1532 et
768 1469 934 1549 religiosos
956 1471 1130 1533 monachos
1152 1470 1204 1546 (in
1219 1469 1291 1550 qni-

174 1575 250 1647 hur,
266 1572 397 1652 speciali
422 1571 754 1636 titolocommeudans
774 1570 934 1647 Pontiies,
951 1572 1092 1635 nominat
1112 1571 1290 1647 isidorum)

173 1680 291 1738 cunata
314 1672 458 1735 decernit
479 1692 520 1736 ex
551 1673 658 1736 animo
690 1673 896 1752 sanguinario
928 1681 960 1735 et
991 1680 1123 1752 praeter
1151 1690 1289 1735 canones

172 1793 245 1838 ssse
266 1771 423 1856 patrata?
445 1772 486 1836 Er
506 1774 583 1854 quid
603 1774 690 1854 jusit
712 1771 947 1856 Hieronymum
968 1773 1066 1836 latine
1090 1774 1289 1850 transferre,

177 1876 327 1953 vulgare,
349 1875 516 1936 celebrare
537 1873 706 1953 'l'heophili
729 1874 880 1955 epistolas
900 1875 1087 1956 synodalem
1103 1882 1136 1938 ct
1158 1876 1290 1953 paseha·

177 1975 247 2047 les,
273 1978 303 2036 in
325 1975 442 2054 quihus
464 1985 550 2053 gesta
573 1983 748 2036 narrantur
768 1975 881 2056 synodi
912 1974 1165 2047 alexandrinae,
1192 1991 1231 2038 ao
1261 1975 1293 2038 in

175 2076 298 2138 eisdem
321 2079 466 2138 maniachi
490 2079 657 2138 nitrienses
680 2077 831 2150 maxime,
850 2084 885 2138 nt
908 2076 1059 2137 haeretici
1083 2075 1291 2152 vellicentur,

173 2197 253 2245 cum
276 2196 316 2238 ex
339 2178 470 2238 decreto
494 2177 667 2239 innocentii
684 2177 825 2239 deletum
848 2177 888 2240 sit
910 2178 1150 2239 haereticorum
1174 2193 1290 2240 nomeu

180 2279 230 2340 iris
246 2276 401 2340 inflictum
424 2296 442 2339 a
464 2276 672 2356 Theophila?
689 2277 725 2339 Et
742 2279 818 2358 quid
836 2277 957 2356 proicit
975 2275 1174 2360 Hieronymo
1189 2276 1296 2341 'lheo-

181 2380 285 2459 phili,
309 2382 362 2442 cui
394 2400 427 2442 se
462 2389 566 2443 lotum
596 2381 727 2444 devovit
760 2384 790 2440 in
823 2380 882 2442 hac
914 2381 1124 2459 quaestione,
1149 2381 1238 2443 zelus
1262 2381 1294 2443 in

182 2483 414 2561 persequendis
436 2484 598 2545 monachis
622 2493 656 2544 ut
680 2483 863 2555 haereticis,
884 2482 1014 2560 quando
1036 2482 1134 2556 panto
1158 2482 1291 2559 posted

182 2601 240 2644 eos
260 2582 404 2661 conringii
429 2581 628 2658 Patriarcha,
653 2594 688 2646 ut
712 2603 770 2663 pro
791 2602 825 2646 sc
847 2584 1084 2646 intercederent
1107 2601 1218 2646 coram
1247 2599 1299 2667 sy·

183 2687 271 2748 nudo
292 2683 539 2749 Thessalonicae
560 2689 780 2766 congreganda
795 2685 811 2748 'l

271 2783 310 2846 lit
332 2786 409 2864 quid
442 2786 528 2848 ultra
562 2787 698 2863 proiecit
730 2784 971 2869 Hieronymus,
1005 2794 1128 2849 tantum
1164 2788 1301 2852 aeneiae

183 2886 351 2949 collocans
373 2886 404 2947 in
428 2884 624 2964 Theophila,
648 2887 743 2965 eique
776 2889 805 2947 iu
837 2890 961 2949 cunetis
993 2889 1190 2964 obsecutus,
1215 2907 1300 2970 qnae

183 2988 314 3066 scripsit
334 2987 674 3064 adversusilrigeuem
687 2984 704 3051 l
719 2996 858 3049 attamen
881 2986 1026 3049 lecturus
1049 3005 1184 3067 pergens
1205 2991 1297 3053 istius

179 3098 366 3161 tractatus,
391 3089 444 3151 ubi
467 3089 650 3152 orthodoxa
676 3088 943 3166 propugnabatur
973 3088 1144 3163 doctrina,
1166 3107 1301 3153 accura-

188 3199 255 3254 tam
279 3190 493 3270 praetermisit
508 3190 624 3251 horum
645 3190 863 3262 collationem,
881 3207 965 3266 quac
982 3207 1043 3248 non
1065 3199 1135 3251 erat
1156 3192 1304 3252 omitten-

190 3291 255 3366 da,
286 3309 325 3354 ne
357 3308 431 3354 enm
462 3292 572 3352 insano
601 3291 767 3369 disputare
793 3291 966 3353 videretur.
994 3289 1032 3351 Et
1055 3290 1131 3369 quid
1154 3293 1301 3370 iuquam,

186 3392 232 3454 ita
255 3391 394 3468 proiecit
415 3409 441 3451 s.
467 3389 605 3464 licetur,
635 3391 692 3451 nisi
723 3399 758 3451 ut
789 3391 883 3452 modo
912 3392 1023 3469 pinna,
1048 3391 1143 3455 niodo
1166 3393 1302 3470 impium

188 3503 324 3560 vocaret
344 3492 540 3570 Origeuemr
564 3510 648 3553 nunc
679 3492 922 3564 orthodoxum,
956 3510 1040 3552 nunc
1074 3493 1297 3570 haereticum

187 3594 270 3656 alias
291 3597 479 3671 sapientem,
497 3593 577 3655 alias
591 3593 752 3669 stultum3
776 3610 859 3654 rruac
877 3595 1019 3654 veritatis
1036 3604 1298 3672 propagatorem,

190 3696 290 3758 modo
315 3694 481 3768 falsitatis:
509 3712 593 3756 nuuc
622 3694 857 3765 christianum,
880 3695 974 3754 modo
1007 3711 1186 3772 paganum3
1219 3713 1305 3757 nunc

187 3799 298 3859 virum
320 3794 557 3874 apostolicum,
582 3797 677 3857 morlo
702 3797 845 3856 omnium
880 3795 1049 3856 haeresum
1083 3796 1303 3856 condimenta-

188 3890 305 3960 rium'?
325 3897 406 3958 adeo
428 3905 487 3970 ut,
509 3897 603 3956 sicuti
628 3912 791 3972 nunquam
823 3891 1041 3975 Hieronymus
1073 3895 1304 3958 cohaerentem

188 4000 250 4062 sihi
273 3998 424 4077 exposuit
444 3996 592 4076 Origenis
614 3996 806 4067 doctrinam,
829 3996 871 4055 ita
895 4013 952 4056 uec
974 3996 1041 4073 ipse
1062 4013 1086 4056 s.
1105 3993 1229 4058 Doctor
1251 4015 1309 4058 un·

189 4117 290 4180 quam
312 4099 371 4160 sihi
395 4099 574 4162 constiterit
606 4100 636 4157 in
665 4097 847 4176 judicandis
868 4096 1013 4176 ejusdem
1045 4094 1133 4158 libris
1166 4104 1198 4158 et
1230 4098 1309 4159 alio·

187 4217 264 4262 rum
285 4204 471 4261 sanctorum
497 4198 657 4273 virorum,
676 4197 731 4278 qni
755 4213 814 4275 pro
836 4213 876 4258 eo
897 4206 930 4259 et
951 4214 1025 4261 cum
1048 4214 1088 4260 eo
1109 4196 1144 4260 iu
1157 4195 1306 4262 Ecclesia

190 4298 313 4366 Christi
334 4297 660 4381 irreprehensibiliter
679 4315 715 4363 re
735 4304 912 4379 gesserunt.
