2886 4784
230 422 398 492 'Ceterum
420 422 451 485 iu
473 421 539 488 ,hoc
567 420 782 485 accusationis
812 435 929 498 genere
958 415 1283 484 animadvertendam

155 546 243 593 aene
264 535 326 603 est,
348 523 762 606 quo..proprie,.ad1quem
784 533 815 584 et
837 521 876 583 ad
899 520 997 600 quale
1019 527 1146 600 tompus
1161 520 1288 584 refero«

159 636 221 692 tur
237 627 326 708 quod
342 628 410 706 ipse
423 627 612 710 anonymus
626 622 761 688 Callisto
781 624 971 701 exprobrat,
994 622 1033 684 de
1048 623 1238 701 recipiendis
1254 625 1287 686 in

159 727 346 792 Ecclesiam
369 728 594 806 peccatoribus
615 726 902 787 indiscriminatim.
925 722 985 787 Cui
1007 725 1175 786 doctrinae
1197 724 1285 787 Ano·

163 846 282 912 uymus
305 829 382 890 dicit
400 846 436 890 se
459 829 635 901 restitisse,
660 828 856 889 contrariam
880 825 1045 904 protessus
1069 825 1281 903 disciplinam.

165 928 258 995 Haec
278 946 379 1013 porro
400 929 544 992 doctrina
569 928 728 1010 Anonymi
750 936 783 990 ot
804 928 933 1005 quidem
950 927 1209 1006 haeredemque
1226 928 1283 989 ab·

162 1033 272 1096 solute
294 1040 366 1108 post
388 1032 583 1110 baptismum
605 1030 796 1095 excluditur
817 1032 1032 1106 poeniteutiae
1061 1029 1181 1100 locus,
1214 1029 1283 1092 sire

166 1134 383 1214 ssrarissima,
406 1135 474 1195 sire
489 1132 603 1211 :gravis
620 1140 684 1204 „et
704 1130 866 1210 cuiusque
897 1133 1022 1209 generis
1055 1129 1139 1191 toret
1159 1131 1284 1206 culpa,

164 1233 347 1316 nulli-ode
369 1232 593 1296 contundenda
614 1239 662 1294 est
686 1249 760 1295 cum
784 1229 976 1294 Tertulliani
1005 1231 1283 1310 praesumptione.

167 1332 271 1403 Valde
292 1335 376 1397 enirn
399 1333 440 1395 ab
460 1351 497 1396 ea
517 1333 627 1398 'distat
648 1331 871 1398 Tertullianus
892 1335 977 1394 enim
1001 1341 1174 1411 postquam
1193 1350 1285 1394 mon·

166 1439 293 1501 lanistis
313 1443 507 1515 accesserat,
528 1435 669 1501 divinam
691 1435 1060 1500 clementiam-cohibuit
1079 1435 1285 1498 solummodo

166 1557 250 1619 erga
268 1539 453 1612 odaliscos,
473 1537 965 1617 apostatas‚.homiotdss;·cum
987 1538 1027 1596 de
1049 1537 1169 1597 ceteris·
1189 1539 1286 1598 reatu

166 1643 238 1709 eus·
251 1648 323 1718 post
346 1640 540 1718 baptismum
563 1639 632 1700 dari
655 1640 885 1717 poeniteutiam
906 1646 938 1698 ct
954 1638 1173 1715 remissionom
1186 1637 1284 1718 iuxta

162 1739 526 1821 tudunum-Ecclesiae
548 1742 646 1805 ritum
671 1739 973 1817 interuentuque
995 1739 1155 1800 scribebat
1177 1741 1209 1800 in
1233 1738 1284 1802 Ll-

160 1843 224 1905 bro
238 1838 480 1908 scammata
500 1860 532 1903 n.
555 1837 585 1905 t.
609 1839 709 1904 sltoe
732 1842 816 1903 caim
839 1841 983 1902 moechia
1000 1847 1031 1900 et
1047 1839 1220 1902 fornicatio
1242 1841 1283 1902 de

164 1944 301 2009 modicis
315 1951 355 2007 st
376 1942 416 2006 de
438 1943 548 2010 mediis
576 1942 701 2005 delictis
731 1941 998 2018 deputabuntur,
1014 1947 1072 2002 :ut
1103 1949 1284 2020 utromque

162 2053 342 2124 competat,
364 2052 397 2106 et
417 2044 605 2109 sollicitudo
626 2061 711 2123 quae
734 2049 919 2120 praecavet,
942 2052 973 2104 et
993 2044 1183 2116 securitas,
1196 2054 1287 2121 quo'o

164 2147 344 2226 indulget.
368 2187 376 2209 .
470 2144 573 2208 Porro
594 2154 626 2208 et
647 2141 1030 2221 auotoritasSertpturae
1046 2143 1075 2202 in
1090 2143 1156 2204 suis
1173 2146 1283 2205 termi-

129 2314 134 2321 ,
163 2250 214 2311 nis
234 2248 332 2310 stabit
345 2248 421 2309 ¹sine
440 2248 612 2310 alterutra,
631 2247 835 2325 oppositione
846 2264 857 2324 3
880 2253 913 2307 et
934 2245 1148 2323 poeniteutiae
1166 2244 1284 2306 subsi-

162 2351 256 2413 dium
278 2351 344 2413 suis
365 2348 602 2413 conditionibus
623 2348 860 2409 determinatur
879 2348 948 2407 sine
965 2346 1088 2421 passiva
1105 2346 1285 2408 concamio·

164 2469 229 2530 σος
251 2453 398 2529 aliptae:
412 2451 504 2529 prius
525 2448 743 2534 causac-‚ejus
763 2448 1019 2525 ,distinguuntur
1047 2448 1116 2507 sine
1144 2447 1284 2510 contusa·

165 2551 335 2630 positione.
358 2549 479 2614 Causas
499 2551 715 2626 poenitentiae
734 2547 850 2610 delicta
869 2549 1078 2610 condicimus.
1097 2545 1184 2610 Haeo
1197 2548 1282 2610 disi·

165 2654 275 2715 dimus
296 2654 327 2714 in
349 2653 430 2714 dnos
450 2654 570 2715 esitus.
590 2651 661 2714 atta
679 2660 779 2712 erunt·
798 2651 1012 2724 remissibilia,
1030 2652 1091 2711 alia
1106 2653 1285 2714 irremissi-

166 2754 258 2816 bilia,
279 2750 465 2816 Secundum
485 2753 573 2831 quod
589 2753 705 2815 nemini
729 2751 873 2813 dubium·
885 2751 945 2825 est,
962 2753 1024 2813 alia
1041 2753 1283 2832 castigationem

168 2856 312 2925 mereri,
326 2855 390 2916 alia
404 2856 660 2916 damnationem.
682 2872 699 2910 n
721 2850 765 2929 (i)
855 2896 859 2903 .
888 2894 893 2903 .

249 2953 472 3032 Quapropter,
495 2972 570 3017 cum
593 2953 780 3033 hujusmodi
796 2955 836 3014 als
853 2953 1022 3038 Anonymo
1043 2954 1139 3014 citata
1162 2955 1285 3018 doctri·

166 3072 206 3117 ua
221 3072 315 3134 ,per
335 3072 434 3134 quam
456 3056 633 3127 statuitur,
657 3073 753 3115 unam
783 3054 1005 3115 tantummodo
1022 3055 1094 3114 dari
1119 3056 1284 3133 poeniten·

166 3159 259 3229 tiam,
281 3163 314 3221 ot
335 3157 425 3227 hine,
447 3158 503 3235 qui
526 3164 598 3234 post
620 3157 812 3233 baptismum
835 3155 1034 3233 deliquerits
1057 3155 1182 3216 unllam
1203 3173 1280 3234 erga

164 3275 244 3319 eum
256 3257 393 3334 reperiri
408 3254 465 3318 Dei
480 3257 744 3326 misericordiam,
758 3256 907 3317 absolute
920 3255 1057 3316 excluso
1071 3255 1181 3316 veniae
1193 3256 1280 3328 loco,

165 3375 228 3420 noo
249 3354 465 3432 Tertulliano,
489 3376 546 3423 nec
568 3359 730 3421 olliillius
744 3360 815 3418 aeri
832 3356 1279 3426 naereticoinscrilrendaeit,

160 3460 244 3540 jure
265 3459 479 3522 demandatur
501 3462 538 3520 ad
564 3458 734 3522 Noratiani
750 3468 888 3520 aetatem
901 3467 939 3535 et
952 3475 1133 3537 personam.
1152 3456 1192 3519 Et
1208 3474 1286 3518 saise
1313 3498 1315 3503 -

164 3561 549 3639 proclamaremus]
573 3559 786 3657 Eusebius-iu
810 3557 993 3622 Librollll.
1015 3556 1140 3622 c..·Vll.
1164 3558 1283 3622 descri-

929 3667 933 3683 ·’
1228 3702 1232 3707 ,
1261 3668 1286 3711 :l

238 3803 270 3877 (*)
284 3803 369 3859 Porro
379 3803 418 3859 ibi
427 3803 608 3879 Anonymum
618 3805 694 3878 loqui
704 3806 738 3862 de
748 3804 847 3879 quovis
860 3789 949 3874 reatin,
960 3800 1012 3860 nec
1021 3807 1130 3859 tantum
1143 3801 1177 3857 de
1190 3790 1282 3873 inspu-

163 3894 276 3963 dietus
291 3893 481 3952 abundantius
499 3896 657 3953 ostenditur
675 3897 705 3952 in
723 3897 852 3970 sequenti
868 3896 959 3970 capito
971 3888 1006 3951 dt
1019 3890 1171 3961 Alcibiade,
1186 3882 1289 3971 quentssl‘·

163 3988 400 4045 heteaesaisarum
425 3989 556 4046 innovata
572 3991 699 4054 haeresi,
722 3992 761 4046 alt
779 4007 796 4046 a
813 3988 921 4047 calisti
945 3988 1072 4045 doctrine
1094 3985 1209 4042 initium
1228 3978 1287 4042 εἰμ’

160 4087 303 4150 mentem,
322 4081 495 4155 baptismum
513 4084 871 4158 poenitentiae‘iurexisse,
882 4100 939 4156 quo
959 4081 1097 4156 cujusque
1111 4079 1222 4154 generis
1235 4089 1283 4143 re·-
1321 4079 1324 4087 “

161 4172 356 4240 mittebantur
373 4185 497 4248 peccata.
1167 4194 1170 4200 '

1068 4269 1087 4331 8
