2886 4784
164 417 300 488 tuerunt
309 453 323 488 ,
343 427 418 475 eum
439 409 482 475 ob
502 412 617 476 oculos
637 428 714 490 suos
734 411 870 493 limpide
895 411 1037 494 fulgeret
1065 415 1197 480 historia
1219 434 1261 498 pa·

163 515 386 596 regrinationis
408 513 479 595 ojus
501 515 585 576 inter
603 523 735 594 gentes:
759 515 814 608 ubi
838 517 939 580 instar
963 518 1112 597 Apostoli
1133 519 1264 584 omnibus

162 619 269 682 omnia
291 616 395 681 lactus
417 624 477 693 est,
501 624 538 680 ut
559 636 669 681 omnes
691 618 813 680 iaceret
827 618 946 681 salsos.
965 617 1013 680 Ab
1032 619 1183 704 Aegypto
1197 610 1266 685 enin

162 738 300 784 exorans
320 720 350 780 in
374 720 526 782 Arabiam
551 720 648 792 venit,
665 721 697 782 in
721 719 947 796 Palaestinam,
965 721 996 784 in
1018 715 1263 800 Cappadociam,

162 823 201 884 ad
225 820 382 901 hebajam
405 839 510 900 usque
535 820 701 899 proiectus
731 828 800 897 est,
826 823 877 884 vel
901 824 941 884 ab
962 823 1122 901 episcopis
1146 832 1269 888 vocatus

160 933 218 987 ant
238 933 366 1004 sponte,
390 939 429 985 eo
452 921 651 1000 potissimum
673 922 796 996 studio,
817 930 855 986 ut
877 931 1023 987 errantes
1044 924 1085 986 ad
1110 922 1269 1005 Evangelii

160 1025 330 1088 veritatem
353 1022 569 1101 perduceret,
593 1023 772 1087 haereticos
796 1023 1003 1100 consummi,
1026 1023 1151 1088 Christi
1173 1027 1268 1089 hostes

161 1124 387 1198 confunderet,
404 1122 519 1187 dubios
541 1124 572 1185 in
594 1123 656 1186 ilde
678 1123 834 1188 firmaret.
858 1123 1027 1189 Neminem
1050 1111 1182 1188 interim
1203 1125 1269 1206 legi·

162 1235 218 1288 tur
238 1245 279 1289 ex
301 1226 435 1287 illoram
451 1225 699 1305 provinciarum
720 1227 891 1306 episcopis,
906 1226 1025 1306 quibus
1049 1227 1079 1287 in
1103 1227 1268 1296 ministerio

160 1325 329 1407 Evangelii
351 1326 485 1401 adstitit,
509 1326 549 1389 de
571 1344 686 1389 errore
707 1328 887 1406 increpasse
902 1329 1091 1407 Origeoem,
1115 1337 1175 1392 aut
1195 1346 1266 1393 nora

161 1427 420 1491 introducentem
443 1427 595 1507 dogmata
617 1428 774 1491 adversus
796 1427 891 1491 fidem
913 1429 1139 1508 apostolicam.
1162 1428 1264 1505 Quoti-

161 1529 212 1590 die
227 1529 260 1590 in
276 1529 408 1604 scholis,
426 1528 571 1608 qnotidie
594 1531 624 1591 in
646 1528 790 1593 ecclesiis
812 1529 970 1593 docebat:
994 1529 1144 1610 quotidie
1162 1529 1263 1593 divinis

161 1626 338 1708 Scripturis
354 1630 543 1695 auditorum
568 1630 733 1693 imbuebat
754 1632 889 1706 animos,
908 1635 950 1695 ita
975 1641 1011 1694 ut
1032 1639 1264 1711 nuncuparetur

160 1727 211 1790 eir
232 1729 446 1810 apostolicas,
467 1728 615 1810 magister
635 1728 848 1793 ecelesiarum.
872 1730 1008 1795 Etcum
1032 1731 1078 1793 sic
1104 1731 1157 1794 rel
1183 1728 1261 1792 doce·

161 1837 225 1905 ret,
250 1830 300 1891 vel
322 1830 492 1906 scriberet,
516 1831 546 1892 in
570 1830 630 1894 hoe
652 1846 754 1893 unum
769 1819 976 1894 incumbebat
996 1821 1117 1894 Christi
1139 1847 1258 1904 aeram,

159 1935 192 1995 ιιι
208 1935 292 1996 riam
314 1933 459 1997 veritatis
479 1933 642 2009 incedens,
660 1944 696 1997 ut
711 1952 820 1997 omnes
837 1937 935 1998 vitam
951 1934 1110 1997 habereris
1126 1941 1158 1996 et
1173 1932 1257 1996 aban
1281 1926 1284 1931 ’

161 2036 290 2098 (lautius
312 2035 479 2098 baberent.
503 2033 724 2111 Quamobrem
740 2043 865 2099 tantum
882 2035 1005 2113 gloriae
1024 2043 1195 2098 assecutus
1213 2038 1258 2104 ec,

160 2144 198 2199 ut
219 2133 399 2216 Gregorius
425 2137 435 2216 i
450 2143 559 2217 postea
599 2132 841 2200 Neocaesareae
871 2139 1043 2214 episcopus
1075 2136 1204 2199 scientia
1231 2148 1257 2194 aa

161 2239 328 2302 miraculis
349 2243 542 2318 coruscans)
564 2235 670 2301 cirum
690 2239 755 2319 fere
775 2236 923 2301 divisum
945 2239 1068 2301 diceret
1091 2236 1257 2316 Origenes

164 2390 167 2395 .
240 2341 355 2427 Nemo,
382 2343 527 2423 inquam,
550 2343 579 2405 ei
602 2344 731 2416 restitit,
754 2343 811 2404 nisi
835 2342 1004 2415 haeretici,
1018 2343 1074 2420 qui
1098 2341 1139 2402 ab
1159 2358 1198 2402 ao
1216 2354 1257 2407 tn·

160 2445 278 2524 parati,
294 2462 373 2507 voce
389 2445 476 2507 illios
497 2451 530 2507 et
549 2444 676 2522 scriptis
697 2444 840 2519 contriti,
856 2443 957 2505 libros
979 2461 1056 2505 suos
1075 2439 1257 2521 interpolare

160 2547 219 2609 nisi
239 2552 326 2620 sunt,
346 2546 631 2626 quemadmodum,
654 2564 696 2608 ex
717 2545 917 2608 confessione
938 2563 997 2607 sua
1018 2548 1050 2606 in
1065 2543 1207 2623 'epistola
1227 2537 1255 2602 al

157 2647 407 2722 alexandrinos,
432 2647 622 2711 Antiochiae
647 2648 763 2711 accidit
784 2655 816 2709 et
838 2646 983 2709 Athenis.
1014 2643 1144 2721 Quibus
1168 2652 1258 2707 tamen

159 2765 349 2824 occurrens,
370 2765 481 2811 coram
514 2749 648 2812 testibus
680 2747 892 2828 exprobrarit
921 2746 1057 2809 illorum
1088 2744 1255 2826 perfidiam

160 2846 297 2924 ldcirco‚
320 2852 346 2913 si
370 2849 525 2912 haeretici
546 2848 695 2928 Origenis
715 2850 834 2930 scripta
858 2848 1023 2910 maculare
1046 2849 1153 2911 conati
1175 2850 1258 2911 suntr

159 2955 191 3011 et
213 2949 289 3028 quid
303 2950 362 3012 sibi
380 2950 456 3013 velit
473 2950 660 3030 hujusmodi
675 2951 916 3013 hoereticorum
933 2947 1097 3013 conatus?
1111 2949 1170 3011 nisi
1184 2944 1259 3028 quoi

161 3050 281 3131 optime
303 3053 452 3116 noverint
475 3052 576 3133 ipsius
596 3053 717 3133 scripta
739 3051 962 3116 orthodoxum
986 3049 1158 3131 praeferre
1178 3050 1261 3115 dieta·

160 3159 253 3232 tum3
277 3171 335 3216 nee
357 3154 430 3218 ideo
452 3173 512 3234 pro
534 3155 572 3216 iis
596 3155 741 3217 valeam
764 3155 820 3231 iis,
834 3153 889 3217 sed
912 3161 1023 3216 contra
1049 3170 1108 3216 eoa
1129 3152 1260 3216 dimicas·

156 3272 215 3318 ser
238 3255 291 3317 cui
313 3255 385 3319 ideo
405 3257 482 3338 jure
503 3273 619 3318 nomen
641 3256 777 3319 inditum
803 3260 852 3319 est
876 3251 1104 3317 baereticorum
1131 3254 1258 3318 melleet.

237 3353 295 3417 llis
317 3357 500 3432 praemissis
523 3356 704 3435 priscorum
726 3355 863 3419 Patrum
887 3351 1256 3435 testimoniis,'quomodo

155 3453 256 3515 stabit
276 3454 362 3533 quod
386 3452 610 3532 Theophilus,
632 3458 809 3519 summaria
831 3456 1026 3519 enumeratis
1048 3455 1216 3520 erroribus
1233 3456 1257 3514 et

157 3555 364 3635 blasphemiis
386 3555 547 3636 Origenis,
569 3559 682 3620 scribit
703 3559 735 3642 in
756 3559 891 3637 epistola
909 3556 932 3619 l.
951 3557 1100 3621 l’asehali
1122 3575 1153 3620 n.
1172 3554 1202 3621 6.
1223 3554 1257 3616 ιιι·

158 3659 293 3736 quiens:
317 3679 334 3718 a
356 3657 515 3738 Equidem
538 3661 621 3723 scire
643 3679 705 3723 non
727 3679 883 3741 possum,
904 3680 967 3742 qua
992 3661 1175 3724 temeritate
1197 3654 1257 3723 oa·

156 3777 252 3839 genes
275 3768 362 3824 lanta
383 3761 588 3840 confingens,
612 3772 643 3825 et
665 3781 727 3825 non
749 3762 937 3843 Scripturae
960 3764 1194 3826 auctoritatem
1212 3753 1253 3822 sel

158 3879 423 3926 anum-errorem
444 3882 605 3942 sequens,
627 3883 726 3927 ausus
746 3869 788 3928 sit
808 3867 931 3928 eunctis
954 3867 986 3927 in
1007 3865 1151 3928 medium
1182 3856 1253 3925 nori·

158 3971 233 4025 tura
253 3964 422 4042 prolerre:
446 3983 504 4027 nee
526 3967 707 4028 aestimarit
723 3986 866 4047 unquam
883 3967 988 4030 ullum
1006 3967 1168 4029 hominem
1186 3965 1251 4031 toro

157 4065 213 4143 qni
235 4066 301 4127 suis
322 4067 552 4129 assertionibus
575 4069 766 4144 contrairet,
782 4070 814 4130 ‘si
838 4069 1112 4147 pbilosophorum
1133 4060 1250 4147 argutiis

157 4165 296 4245 propriis
319 4168 508 4232 tractatibus
529 4170 730 4246 miscuissem
753 4175 785 4231 et
806 4186 823 4230 a
846 4169 933 4232 malo
965 4167 1104 4231 exordio
1124 4166 1156 4230 in
1175 4163 1249 4231 labu-
