2886 4784
245 418 392 488 &cundo
413 419 518 489 obstat
540 428 576 492 ul
598 421 727 489 dicatur
740 413 959 507 Hieronymus
974 416 1134 487 vocabule
1157 414 1266 486 nicici

163 522 406 605 fornicationem
427 546 469 591 ex
490 527 654 591 codicibus
678 535 823 591 vetustae
838 526 958 589 latinae
974 527 1129 598 versionis
1154 519 1269 590 desum·

164 632 232 706 pto,
248 645 307 690 suo
323 629 495 694 inseruisse
516 629 763 704 commentario,
780 644 856 692 cum
877 627 1078 712 exemplaris
1096 619 1195 709 bajus
1210 645 1270 691 ecs

163 729 282 804 sionis,
306 739 470 810 quotquot
490 732 629 810 reperiri
650 731 854 810 potuerinta
876 729 919 794 el.
944 730 1017 793 siro
1040 727 1145 799 Petro,
1160 727 1271 795 smus·

164 828 248 893 tiere
268 837 300 892 et
322 831 351 891 in
373 831 517 895 ecelesiis
538 829 791 894 occidentalibus
806 824 1104 910 uota,‘priusqua'm
1120 848 1211 892 -uoss
1233 831 1271 891 in⁴

162 928 342 993 valesceret
359 950 409 1006 ea,
426 946 509 1011 quse
524 931 644 996 dicitur
658 924 769 995 Editio
792 921 938 1011 ominata,
960 929 1146 994 cunctaitc
1173 929 1273 1012 cupri·

163 1037 252 1091 msut
272 1047 362 1094 sucre
388 1033 497 1107 rerba,
521 1033 612 1113 quasi
636 1033 668 1094 in
689 1024 811 1111 graecis
832 1030 998 1098 codicibus
1012 1017 1198 1111 legeretur,
1218 1046 1272 1094 ocu

142 1134 146 1143 '
162 1125 213 1221 μή
226 1121 278 1199 tei
299 1129 434 1234 acpcieai
445 1132 511 1199 nisi
525 1129 562 1197 cb
572 1124 832 1212 fornicationem,
847 1132 902 1196 sed
918 1118 1077 1228 παρεκτδς
1098 1122 1199 1224 λόγου
1211 1147 1276 1230 non·

156 1232 247 1316 νίκας
259 1246 500 1317 ecceptn'cnnsa
512 1232 749 1318 fornicationis,
765 1254 823 1299 seu
839 1231 906 1298 nisi
916 1234 953 1298 ob
967 1254 1102 1299 cuasam
1115 1233 1272 1310 adulterii,

160 1347 220 1405 aut
238 1349 365 1418 accepta
386 1338 510 1401 ratione
529 1334 776 1420 fornicationis,
802 1337 853 1401 sel
873 1327 943 1402 nisi
959 1335 1194 1420 fornicatiouis
1206 1352 1273 1400 cns·

159 1459 207 1506 sa.
227 1440 261 1504 lu
275 1443 394 1521 quibus
411 1441 522 1504 termis
537 1441 685 1520 quamvis
705 1439 853 1515 diuersis,
868 1441 1026 1520 originale
1046 1449 1158 1504 tameo
1186 1435 1273 1531 λόγου

143 1558 277 1604 nomen
299 1541 387 1605 clare
407 1541 686 1621 subintelligitur,
709 1537 796 1618 qued
819 1539 850 1602 lu
872 1540 976 1606 altera
997 1543 1136 1607 omuino
1156 1542 1271 1608 deside

163 1651 268 1706 ratur.
852 1670 856 1677 ·
1239 1632 1242 1639 ¹

241 1743 324 1808 Cum
346 1744 513 1824 ergosire
534 1743 641 1824 graeci
661 1743 731 1805 sire
747 1738 837 1804 letiui
853 1735 1011 1807 Matthaei
1026 1741 1172 1822 codices,
1186 1752 1271 1826 quot·

162 1852 243 1924 quot
265 1853 399 1922 praesto·
411 1844 537 1908 luerint
558 1840 757 1929 Hieronymo
779 1845 811 1905 in
832 1843 894 1906 boc
923 1844 1086 1924 explendo
1117 1832 1271 1928 commes-

162 1945 261 2019 tario,
276 1946 408 2009 illorum
432 1945 542 2009 nullus
557 1946 585 2006 el
599 1945 767 2019 obtulerit,
784 1964 842 2008 uec
857 1944 976 2009 ollerre
993 1945 1141 2024 potuerit
1157 1947 1272 2012 lormu·

158 2046 225 2107 lam
248 2044 313 2108 nisi
333 2043 369 2109 ob
388 2045 643 2127 fornicationem,
664 2044 865 2109 iniereodum
887 2052 935 2108 est
957 2063 1112 2110 sersumc
1134 2045 1271 2128 anisum

160 2164 219 2225 qne
238 2146 394 2212 dimiserit
415 2158 546 2211 uxorem
566 2165 659 2212 ettam
679 2143 748 2210 nisi
774 2146 813 2209 ab
838 2143 1107 2227 fornicationem,
1130 2157 1161 2212 et
1179 2147 1270 2212 etms

133 2276 135 2282 ·
161 2245 304 2324 demerit,
326 2245 518 2325 moeciratnr,
539 2250 635 2313 sicuti
656 2247 753 2310 modo
776 2245 936 2327 legitur,..
953 2245 994 2308 ab
1024 2241 1271 2313 'amanuensibus

161 2350 317 2412 insertum
335 2350 438 2423 fuisse
453 2351 542 2434 illius
557 2350 810 2422 commentario,
833 2366 909 2411 cum
930 2356 1022 2410 antes
1039 2348 1083 2411 its
1099 2365 1168 2415 unu
1180 2357 1274 2414 estete.

163 2447 269 2522 Quem
292 2451 422 2529 quidem
444 2451 614 2515 lectionem
636 2447 702 2513 nisi
731 2446 770 2508 ab
796 2447 1064 2528 fornicationem,
1086 2468 1150 2514 uec
1169 2442 1270 2526 ullibi,

159 2546 226 2627 jam
249 2551 328 2622 disi,
346 2551 412 2629 ipse
427 2553 550 2624 citavit,
568 2568 626 2613 uec
640 2557 713 2611 aute
729 2566 804 2612 eum
819 2545 1054 2626 Tertullianus,
1074 2547 1270 2625 Lactantius,

69 2631 73 2638 ’
164 2645 367 2724 ambrosius,
393 2649 584 2713 philastrius
605 2650 740 2729 aliique,
763 2648 802 2710 de
824 2649 943 2728 quibus
965 2649 1061 2712 inire.

240 2746 370 2813 Cunctis
391 2752 575 2832 praemissis
597 2748 885 2831 disquisitionibus,
908 2750 1133 2814 concludatur
1152 2770 1179 2814 s.
1203 2747 1271 2815 nte

162 2863 335 2930 rouymum
356 2871 419 2914 nou
441 2863 564 2915 tautum
588 2852 685 2914 luisse
707 2849 947 2913 insolubilitatis
968 2851 1113 2933 coniugii
1130 2852 1269 2917 christis

162 2947 193 3008 ni
209 2954 504 3031 patrocinaturam,
519 2954 573 3016 sed
589 2961 633 3028 et,
648 2951 735 3030 quod
752 2952 891 3013 maxime
905 2953 1092 3030 quaeritur,
1109 2969 1269 3034 nunquam

163 3046 280 3119 insule
302 3051 393 3115 libris
413 3057 528 3118 citasse
552 3053 749 3118 versiculum
764 3049 794 3117 9.
810 3069 839 3114 c.
856 3048 943 3115 xiii.
959 3053 1145 3118 secuudum
1165 3053 1268 3119 ieelim

163 3165 235 3211 nem
261 3153 436 3234 vulgatam.
