2886 4784
1182 355 1246 425 129

140 456 189 521 irn
213 462 287 536 post
308 408 473 539 synodum
498 449 557 532 V.)
577 455 725 535 quamvis
746 458 913 520 sanctitate
935 465 967 520 et
987 458 1131 521 doctrina
1154 477 1247 538 prae·

141 566 275 635 tantes,
297 559 338 619 ab
357 557 501 638 ejusdem
522 557 788 621 obtestationibus
808 562 973 638 superati,
995 562 1163 623 anathema
1185 562 1245 641 ipsi

140 678 268 740 {nuque
289 660 471 722 clamarunt
493 659 524 720 in
545 658 730 737 Origeuem,
753 661 783 720 iu
806 663 978 724 monachos
1000 663 1186 739 nitrienses,
1208 681 1247 725 ac

140 781 162 825 n
185 771 316 825 ceteros
339 761 426 822 illius
447 761 559 823 aetatis
575 759 684 820 fideles
702 770 733 822 et
749 761 915 840 religiosos
939 767 1036 826 viros.

210 861 346 926 Certum
369 863 408 924 de
430 862 558 940 reliquo
580 870 626 922 est
649 858 912 944 Hieronymum,
935 864 1091 927 simulac
1116 864 1241 943 accepit

140 964 273 1029 lbartas
295 963 520 1025 alexandrinas
542 972 573 1024 et
594 963 679 1024 alter
701 963 807 1025 iactos
829 964 870 1024 ab
892 981 942 1037 eu,
958 961 1050 1042 {guod
1074 973 1166 1026 antea
1189 983 1249 1043 pu·

142 1068 217 1129 avit
239 1065 278 1126 de
298 1062 464 1142 Origene,
488 1066 695 1142 praecipitem
718 1084 751 1126 se
773 1066 895 1126 dedisse
917 1066 947 1126 in
969 1065 1155 1145 huiusmodi
1185 1066 1245 1127 dn·

140 1177 282 1233 netum:
306 1185 323 1226 a
346 1184 412 1246 quo
434 1183 496 1226 noo
518 1168 631 1238 evasit,
656 1167 713 1227 nisi
737 1176 773 1228 ut
794 1167 917 1229 cunctis
940 1168 1143 1238 mentiretur,
1161 1183 1249 1244 qnae

140 1271 225 1332 rrius
249 1278 316 1331 tunt
340 1269 378 1330 de
399 1265 540 1344 Origene
564 1266 642 1327 bene
664 1268 803 1343 scripsit,
821 1285 894 1328 cum
909 1266 1094 1329 decunctia
1110 1267 1247 1344 scripto·

140 1370 227 1432 ibus
248 1378 280 1429 et
302 1367 535 1441 de-Patribus,
558 1385 700 1444 quorum
723 1374 814 1428 antea
838 1367 983 1427 meminit
1013 1366 1044 1426 in
1072 1363 1169 1427 Libro
1202 1363 1248 1426 lle

140 1469 217 1533 siris
237 1467 429 1531 illustribus.
455 1465 489 1529 ln
513 1469 573 1530 hoc
594 1470 677 1530 enim
710 1469 751 1529 ab
773 1469 936 1547 Apostolis
959 1486 1118 1542 exorsus,
1141 1468 1252 1544 genui·

140 1591 214 1638 rum
239 1570 525 1643 totiuslicclesiae
545 1588 673 1632 sensum
695 1572 876 1648 expressit,
900 1570 1083 1632 encomium
1115 1569 1250 1632 illorum

140 1681 250 1738 exous
271 1674 313 1735 ob
338 1674 420 1734 vitae
442 1681 474 1734 et
495 1673 660 1734 doctrinae
681 1670 892 1733 sanctitatem.
917 1669 1037 1732 Deinde
1054 1688 1132 1732 vero
1148 1669 1252 1732 laudi·

140 1791 196 1838 tna
219 1775 251 1834 in
275 1775 470 1850 vituperium
493 1773 642 1846 mutatis,
667 1775 692 1834 is
711 1772 802 1833 solus
823 1790 863 1833 ex
887 1771 984 1850 hujus
1006 1772 1119 1832 aetatis
1150 1772 1251 1848 scrip·

140 1875 265 1939 toribus
287 1882 491 1947 numeratur,
530 1875 584 1954 qui
604 1872 683 1951 ‚talia
706 1873 862 1934 adversus
884 1891 938 1934 eos
960 1873 1141 1947 scriberet,
1169 1888 1252 1950 quos

140 1978 266 2055 putarit
286 1973 433 2052 Origeuis
456 1977 655 2054 praesumpti
679 1975 832 2037 baeretici
854 1991 971 2036 causae
993 1961 1116 2034 lavere.¹

219 2074 340 2155 Utique
362 2077 428 2137 dixi
451 2075 588 2138 Chartas
603 2076 829 2139 alexandrinas
843 2077 885 2136 ita
902 2073 1090 2155 Hieronymi
1107 2080 1247 2136 mentem

140 2177 300 2251 turbasse,
320 2183 358 2245 ut
372 2184 485 2239 cuncta
498 2177 700 2250 emendaret,
714 2194 798 2255 quae
814 2184 906 2237 autea
923 2193 981 2253 pro
996 2173 1136 2252 Origene
1151 2175 1252 2251 scrip-

140 2281 207 2342 sit:
232 2277 311 2356 quio
335 2288 439 2340 tamon
460 2278 593 2339 sentiret
613 2296 647 2339 se
668 2278 729 2340 sub
754 2286 842 2338 tanto
864 2275 946 2338 duce
977 2283 1009 2336 et
1034 2275 1194 2354 magistro
1224 2275 1255 2336 in

140 2379 290 2441 omnibns
313 2395 440 2457 passum
462 2396 530 2440 esse
552 2378 746 2440 illusionem.
771 2375 862 2440 Unde
885 2376 1005 2439 lactum
1027 2385 1097 2452 est,
1121 2383 1159 2437 ut
1181 2392 1252 2454 per·

138 2486 245 2559 petuo
265 2475 435 2557 Theophili
457 2477 533 2539 dolo
555 2478 689 2552 cedens,
713 2497 797 2558 qnae
820 2495 917 2552 vera,
941 2495 1026 2557 quae
1048 2478 1184 2557 genuina
1215 2476 1246 2536 in

140 2576 338 2642 Periurcbou
359 2579 449 2642 libris
470 2579 673 2658 legebantur,
690 2579 856 2660 abjecerit,
873 2597 911 2643 ac
926 2578 1047 2642 falsatis
1068 2578 1253 2659 spurilsque

140 2681 234 2743 dietis
255 2698 387 2760 operam
411 2679 548 2756 dederit,
566 2698 602 2743 ca
620 2681 717 2759 vulgo
742 2682 868 2744 tradens
895 2683 942 2743 uti
957 2682 1118 2745 sincerum
1136 2680 1256 2741 hncto·

139 2785 188 2845 ris
210 2799 337 2842 sensum
361 2783 391 2841 in
413 2781 557 2861 eiusdem
580 2783 887 2845 condemnationem.
911 2781 955 2845 Et
977 2783 1056 2844 baec
1084 2783 1116 2842 in
1144 2796 1257 2844 secun·

140 2882 184 2946 do
207 2879 309 2944 Tomu
331 2883 474 2944 studiose
497 2891 634 2945 tractata
658 2893 748 2945 sunt.
1244 2945 1248 2951 .

222 2978 318 3044 Nono
341 2998 419 3044 vero
441 2989 478 3043 ut
500 2982 599 3060 magis
622 2983 811 3057 innotescat,
828 2982 914 3061 quod
938 2983 969 3043 in
991 2970 1092 3061 prima
1116 2977 1255 3042 Periodu

142 3083 333 3148 notavimus
353 3083 392 3142 de
414 3084 586 3145 concordia
609 3082 810 3157 libellorum,
828 3085 868 3145 ab
884 3090 989 3144 aetate
1012 3080 1169 3160 Pamphili
1189 3078 1256 3140 edi·

143 3193 255 3249 tarum
278 3183 434 3245 adversus
456 3181 642 3262 Origenem,
665 3203 738 3246 cum
762 3184 837 3258 illis,
856 3203 938 3260 quos
960 3179 1258 3260 Theophiluslegii

140 3286 174 3347 in
196 3283 326 3363 Synodo
348 3284 556 3346 alexandrina
581 3295 616 3347 ut
636 3286 846 3347 damnaretur
868 3303 928 3346 una
953 3301 1027 3346 cum
1052 3284 1118 3344 suis
1143 3290 1253 3360 patro·

142 3386 213 3464 nis;
236 3392 268 3446 et
289 3385 401 3462 nequis
422 3385 561 3462 amplius
583 3387 621 3446 de
644 3387 705 3448 boc
726 3385 855 3448 adserto
882 3386 1025 3459 dubitet,
1048 3402 1105 3445 uec
1136 3383 1254 3457 obstet,

142 3505 206 3551 cur
230 3483 415 3562 Pamphilus
438 3504 499 3546 non
525 3489 683 3565 expressit
707 3488 892 3566 singillatim
921 3488 1032 3549 ialsata
1060 3484 1256 3549 periarchon

140 3588 229 3650 dicta
252 3588 283 3647 in
304 3586 423 3648 libellis
444 3591 612 3664 exposita:
638 3596 741 3650 tamen
763 3591 842 3651 sciat
863 3609 903 3651 ex
926 3590 963 3651 iis
985 3607 1042 3668 per
1062 3604 1188 3650 summa
1203 3603 1255 3648 ca-

142 3689 210 3769 pita
235 3688 389 3758 recitatis,
405 3687 564 3761 satisfieri,
583 3696 619 3751 ut
640 3691 836 3752 decernatur
850 3690 960 3751 eadem
975 3708 1056 3764 esse,
1073 3707 1156 3767 quae
1171 3684 1255 3748 The·

143 3787 276 3867 ophilus
298 3787 418 3865 aliique
441 3797 551 3867 postea
576 3789 763 3868 vulgarunt.
790 3789 818 3851 la
839 3793 921 3852 enim
944 3791 976 3851 in
998 3789 1059 3850 line
1081 3790 1193 3866 capitis
1217 3783 1254 3846 V.

143 3897 318 3970 postquam
340 3908 381 3949 ex
404 3891 548 3967 genuinis
574 3887 764 3950 Pariorclroc
786 3891 949 3952 codicibus
971 3889 1065 3970 plura
1088 3889 1194 3950 hausit
1211 3895 1256 3951 te·

142 3987 298 4055 arimonio
322 4004 381 4065 pro
403 3988 562 4049 catholica
584 3986 732 4067 Origcnis
754 3988 899 4053 doctrina
921 3992 1006 4053 circa
1040 3989 1166 4050 divinae
1187 3985 1256 4049 Tri·

140 4091 257 4154 nitatis
287 4085 503 4168 Mysterium,
527 4091 675 4167 sequitur
696 4109 888 4153 enumerans
916 4090 1002 4166 alia,
1030 4091 1069 4153 dc
1097 4089 1214 4170 quihus
1239 4106 1257 4151 a

142 4186 317 4255 malevolis
339 4195 371 4249 at
393 4189 548 4269 imperitis
570 4198 740 4253 accusatus
761 4199 819 4255 est.
