2886 4784
261 371 322 439 tls

608 538 613 548 ¹
698 467 838 535 claun
860 466 933 534 xil.

262 668 443 738 minumus
463 679 492 732 st
510 671 703 752 refelluntur
728 671 832 751 primo
860 690 898 734 ee
924 691 950 734 s.
977 667 1171 752 Epiphanio,
1194 691 1279 754 quas
1300 670 1386 740 Aac·

299 791 412 855 aymus
436 769 568 836 Callisto
588 770 790 851 exprobravit
811 774 966 837 secundos
986 776 1035 835 eet
1058 772 1168 838 terties
1193 772 1327 856 nuptias
1347 775 1383 839 in

306 864 394 941 Cisra
414 874 582 939 admissos.
617 871 770 948 Secundo,
794 877 878 955 qnod
907 874 997 954 Papa
1017 873 1168 958 cujusque
1188 876 1382 949 conditionis

299 976 379 1041 siris
391 976 572 1059 permiserit
585 975 768 1039 mulieribus
789 977 911 1040 nubere.
931 973 1048 1050 Tertio,
1065 979 1219 1040 oscarus
1239 980 1379 1042 eumdem

296 1079 454 1160 probetur
468 1095 523 1139 nec
541 1075 710 1141 Callistum
730 1094 785 1140 nee
803 1087 876 1157 post
896 1097 966 1140 eum
988 1076 1157 1158 Pontifices
1178 1097 1325 1159 unqunm
1345 1078 1380 1144 ia

274 1250 279 1259 ,
303 1176 446 1243 Ecclesia
465 1175 612 1241 Romanu
632 1175 781 1257 baptismi
803 1177 969 1242 admisisse
989 1181 1236 1242 renovationem.

260 1426 314 1548 In
336 1482 518 1564 praemissis
549 1500 609 1561 pro
640 1479 774 1561 Callisto
804 1482 1054 1560 dimicavimus,
1085 1484 1293 1551 ostendentes
1324 1504 1379 1553 nec

262 1607 289 1652 s.
315 1583 500 1651 Pontificem
523 1602 648 1646 errasse
670 1585 700 1644 in
725 1583 901 1647 Ecclesiam
924 1587 1130 1664 recipientem
1146 1585 1258 1653 tidelcs
1277 1606 1295 1650 a
1312 1607 1379 1653 rea·

265 1687 352 1755 libus
373 1686 608 1766 resipiscentes,
631 1702 669 1747 ec
692 1692 872 1764 praeterea,
896 1687 951 1764 qui
978 1690 1175 1750 contrariam
1198 1690 1379 1768 opinionem

265 1789 427 1861 tenebant,
446 1806 652 1867 nequaquam
669 1788 707 1848 ad
723 1786 845 1853 Callisti
860 1789 915 1849 scd
932 1788 970 1850 ad
987 1788 1142 1852 seriorem
1157 1798 1299 1855 aetatem
1316 1811 1381 1856 esse

269 1889 467 1956 referendos.
492 1887 588 1952 Nunc
611 1899 654 1951 ut·
669 1893 769 1967 magis
791 1890 946 1971 injuriosa
963 1900 995 1951 ct
1011 1889 1088 1951 lelsa
1108 1890 1238 1967 patefiat
1254 1892 1380 1978 Anony-

267 1992 528 2064 micriminstio,
550 1990 774 2064 conteramur,
797 2009 880 2070 quae
895 1992 1060 2069 speciatim
1075 1993 1112 2055 de
1128 1995 1310 2057 novatianis
1328 1995 1380 2057 ibi·

267 2095 340 2159 dem
362 2093 489 2158 disserit
510 2111 536 2155 s.
562 2091 774 2172 Epiphanius,
799 2093 855 2154 ubi
880 2092 1075 2154 verbotenus
1098 2093 1165 2156 iere
1186 2111 1224 2156 ea
1241 2095 1310 2174 ipsa
1330 2113 1382 2159 oo·

268 2206 382 2260 tantur
402 2205 434 2259 et
455 2194 677 2269 refelluntur,
699 2213 784 2274 quae
806 2193 845 2256 de
867 2192 1000 2255 Callisto
1022 2204 1223 2259 commentus
1243 2207 1294 2260 est
1315 2196 1380 2261 du·

267 2306 340 2363 ster
360 2304 480 2361 noster.
497 2293 585 2358 llaec
607 2294 735 2358 interim
757 2296 789 2357 in
813 2293 966 2356 Pontifice
983 2296 1120 2375 corripit
1134 2296 1326 2380 Euonymus
1339 2298 1382 2360 in·

266 2404 402 2480 quiens:
427 2395 592 2476 «vigente
614 2415 652 2458 eo
674 2396 833 2474 (Callisto)
856 2397 1043 2487 episcopi-et
1060 2398 1254 2477 presbyteri,
1271 2407 1305 2462 et
1318 2400 1382 2463 dis·

268 2503 340 2564 coni
363 2508 435 2579 post
455 2500 536 2561 duas
559 2509 665 2561 tresve
686 2500 812 2577 nuptias
835 2499 918 2560 inter
938 2499 1075 2562 clericos
1095 2499 1206 2561 locum
1235 2501 1381 2565 oblinere

267 2619 416 2680 coepere.
440 2596 638 2675 Quinetiam
656 2601 755 2678 siquis
772 2601 802 2659 in
817 2599 908 2661 clero
922 2601 1061 2662 existens
1078 2617 1218 2663 uxorem
1234 2600 1380 2674 doceret,

267 2705 299 2765 in
322 2700 436 2765 ordine
457 2718 587 2764 manere
617 2717 692 2762 eum
722 2700 881 2785 jubebat,
914 2702 1004 2777 quasi
1034 2698 1144 2780 flagitii
1175 2701 1255 2762 nihil
1286 2702 1382 2767 admi·

267 2803 410 2867 sisset.»

348 2901 437 2975 Haec
466 2904 577 2966 eadem
600 2903 697 2981 juxta
723 2901 941 2984 Epiphaniam
966 2922 1028 2966 nou
1049 2901 1206 2981 Callisto,
1229 2903 1286 2968 sed
1308 2902 1381 2971 Gor·

267 3004 354 3068 oelio
378 3004 482 3085 l'apae
511 3007 644 3084 suisque
665 3007 906 3069 suecessoribus
929 3005 1172 3086 exprobrarunt
1197 3005 1380 3081 novatiani,

194 3172 197 3177 ,
266 3105 367 3169 laicos
388 3108 484 3169 simul
508 3118 538 3168 et
564 3107 700 3170 elericos
726 3108 1044 3186 comprehendentes.
1069 3105 1186 3168 Scribit
1207 3127 1233 3169 s.
1264 3105 1383 3170 Ductor

266 3222 298 3266 n.
320 3202 359 3270 3:
385 3206 595 3270 «Praeterea
619 3207 713 3268 iidem
738 3208 784 3268 illi
807 3208 935 3287 longius
959 3228 998 3270 ex
1022 3208 1079 3270 illo
1101 3206 1250 3286 dogmate
1286 3210 1382 3287 prosi-

270 3305 382 3370 lientes
403 3306 465 3368 elia
488 3307 647 3387 quaedam
670 3307 870 3387 adJcccruot.
896 3307 996 3386 Ajunt
1017 3311 1100 3368 enim
1116 3325 1149 3369 se
1165 3307 1315 3369 camdem
1331 3326 1380 3370 oo·

266 3406 392 3471 hiscum
416 3408 535 3469 habere
557 3405 652 3468 iidem
665 3426 676 3484 3
699 3406 752 3468 sed
778 3417 881 3469 tamen
903 3426 977 3469 cum
994 3408 1125 3486 bigamis
1142 3411 1381 3471 communicare

269 3490 461 3571 satiemini.
486 3504 568 3570 Nam
591 3508 690 3586 siquis
714 3516 783 3584 post
816 3508 1009 3587 baptismum
1038 3510 1213 3571 secundam
1246 3528 1382 3574 uxorem

269 3608 415 3682 eluxerit,
438 3607 480 3670 ab
505 3608 567 3671 illis
590 3626 652 3670 non
674 3609 813 3688 amplius
828 3609 1022 3672 admittitur.
1037 3629 1053 3666 e
1071 3608 1110 3672 Et
1126 3613 1186 3674 hoc
1201 3612 1386 3675 asserebant

268 3708 308 3770 ad
333 3709 480 3790 Apostoli
505 3709 588 3772 dicta
613 3719 839 3794 recurrentes,
864 3712 917 3773 ubi
941 3713 1070 3773 mandat
1092 3722 1126 3773 ut
1151 3713 1246 3774 nnius
1272 3714 1384 3776 uxoris

271 3812 323 3873 eir
344 3809 383 3871 ad
406 3812 627 3890 episcopatum
650 3813 826 3890 evehatur,
849 3812 935 3891 quod
954 3814 1038 3874 idem
1055 3813 1176 3876 vellent
1189 3814 1282 3885 laicis
1298 3831 1386 3893 pras·

269 3911 379 3973 scribi.
405 3909 446 3974 Et
467 3912 606 3990 amplius
628 3912 836 3991 increpabant
856 3911 1037 3988 catholicis,
1058 3915 1146 3993 quod
1169 3915 1337 3977 nonnullis
1357 3916 1387 3977 in

268 4012 350 4075 lacis
374 4013 579 4098 presbyteri,
602 4012 726 4074 diaconi
748 4020 780 4075 et
802 4013 1014 4097 hypodiaconi
1037 4016 1196 4080 uxoribus
1222 4016 1387 4081 cohabita·

274 4120 357 4186 rant,
381 4112 520 4195 filiisque
543 4112 655 4175 darent
678 4128 825 4189 operam,

354 4212 518 4278 Adversus
540 4231 624 4293 quac
655 4232 679 4275 s.
713 4211 912 4294 Epiphanius
936 4215 1084 4295 vemens,
1115 4215 1224 4296 quoad
1249 4217 1390 4296 primam
