2886 4784
1219 293 1280 368 tt5

158 402 258 470 uelut
280 400 489 466 lundamento
513 398 639 464 [lumini
661 397 738 462 ddcs
760 396 930 462 inuititura
956 415 1055 478 supra
1088 417 1186 479 quam
1220 398 1281 468 Es.

159 509 264 572 ctests
286 505 389 568 modis
411 504 560 568 omnihus
582 512 732 567 extructa
754 512 803 564 cst
824 539 833 558 ·
855 546 862 560 .
887 545 895 562 .
920 545 929 560 .
953 497 1076 563 Verum
1091 513 1124 566 ct
1139 502 1283 582 11111111·-

116 668 122 675 .
159 609 246 671 trust
272 626 404 687 quoque
426 607 628 668 firmissimus
648 613 836 666 structurae
858 602 938 680 lupis
960 620 997 666 uc
1019 604 1146 667 divinas
1165 606 1280 669 domus

158 708 407 772 laudamentum
431 707 512 770 luit:
536 727 624 780 oum,
642 715 757 784 negato
772 703 911 778 Christo,
929 723 1081 769 reversus
1101 707 1141 769 ad
1162 726 1209 781 sa,
1226 726 1281 772 ra·

159 811 215 874 lut
237 819 385 890 repertus
406 829 424 870 a
447 808 608 892 Domino,
639 817 671 871 ct
700 809 824 869 honore
850 816 939 869 tauto
966 808 1127 884 allectus,
1154 809 1278 873 audiit:

154 928 253 992 pasca
272 929 343 972 oocs
363 929 468 984 sucos,
491 918 519 972 ct
536 928 629 991 posca
651 927 748 987 cynos
768 925 874 970 mccc:
895 925 933 970 ac
958 911 1056 970 tertio
1066 951 1078 985 ,
1097 927 1191 988 posce
1210 928 1280 972 cars

159 1031 257 1074 meos.
282 1011 374 1088 Quae
397 1010 544 1076 Christus
566 1030 640 1075 cum
662 1011 756 1082 dixit,
772 1010 812 1071 ad
830 1013 1045 1088 poeniteutiae
1066 1029 1123 1074 uus
1143 1030 1280 1076 conrar-

160 1116 285 1178 riuuem
307 1114 445 1176 induxit.
467 1113 543 1189 Quo
566 1131 697 1174 rursum
720 1113 750 1172 iu
772 1110 830 1174 illo
844 1111 1035 1186 solidissime
1051 1112 1182 1175 lundata
1199 1113 1279 1178 tides

161 1215 404 1289 aedificaretur,
427 1234 511 1295 quae
534 1215 614 1277 nulli
637 1214 802 1276 homiuum
828 1215 923 1275 vitam
946 1230 983 1276 ac
997 1213 1136 1276 salutem
1150 1216 1281 1280 subtra-

160 1317 233 1396 hit5
254 1317 410 1397 quamdiu
435 1316 498 1376 aivi
519 1325 551 1377 et
573 1317 729 1396 spirantes
750 1321 837 1387 sunt,
860 1321 959 1393 atque
980 1333 1020 1376 ex
1043 1316 1149 1378 auimo
1170 1318 1280 1396 poeul-
1363 1390 1366 1394 ⁴

135 1460 138 1465 -
161 1421 294 1482 tantiam
315 1419 506 1497 suscipiunt,
529 1433 567 1478 ac
589 1416 798 1494 deniquesua
816 1415 846 1474 iu
864 1413 925 1476 hoc
940 1414 1060 1478 muodo
1075 1415 1191 1479 delicta
1207 1435 1281 1481 cor·

162 1518 320 1598 rigant.»
342 1516 415 1581 Non
436 1519 558 1580 erravit
579 1535 659 1598 ergo
680 1516 845 1587 Callistus,
867 1519 1044 1580 secuudum
1062 1518 1148 1581 Petri
1171 1530 1204 1582 et
1223 1533 1280 1583 an'·

161 1609 362 1682 accessurum
383 1618 584 1696 disciplinam
605 1618 775 1689 inccdens,
797 1617 911 1696 culpas
940 1618 1124 1682 condonans
1153 1620 1279 1699 unicul-

157 1737 228 1802 quc
248 1737 289 1783 cx
311 1721 417 1781 auimo
441 1721 615 1782 revertenti
636 1719 676 1780 ad
701 1718 885 1781 Dominum.
908 1718 968 1783 Sed
1001 1722 1125 1783 erravit
1147 1722 1278 1805 huouy·

157 1837 236 1882 mus
257 1821 398 1898 primum
418 1822 603 1883 adscribens
624 1821 684 1883 soll
700 1819 846 1893 Callisto,
863 1821 1092 1899 quodtcuuctls
1107 1826 1278 1903 proprium

161 1921 228 1984 luit
250 1920 457 1986 Pontificibus
478 1933 510 1984 et
532 1921 696 1985 Ecclesiae
718 1921 915 1984 Catholicae.
940 1922 987 1984 hc
1008 1924 1128 1987 iterum
1156 1926 1284 1989 crrarlt·

159 2023 365 2104 Euonymus,
388 2024 445 2103 qui
467 2026 594 2103 putavit
619 2025 791 2087 terminum
814 2025 980 2103 imponere
1002 2023 1129 2087 divinae
1154 2026 1280 2087 miseri·

159 2125 294 2189 cordiae
315 2143 391 2204 erga
414 2135 616 2204 peccatores.
639 2171 642 2177 ,
693 2160 706 2171 =·

242 2223 337 2302 Quod
362 2244 461 2306 porro
483 2226 550 2288 dixi
575 2226 886 2310 Anonymumcirca
910 2226 992 2288 hauc
1024 2227 1274 2306 quaestionem,

159 2330 287 2391 erroris
309 2326 429 2391 Novati
453 2331 610 2392 vindicem
624 2349 667 2413 ‘sc
689 2329 861 2403 exhibere,
884 2329 985 2410 magis
1006 2328 1079 2391 inde
1101 2328 1277 2403 firmetur,

160 2428 220 2492 uhi
241 2427 412 2492 Callistum
433 2430 601 2492 docenium
624 2430 759 2503 inducit,
782 2450 803 2492 a
823 2447 854 2490 sc
872 2437 999 2508 paccata
1020 2425 1164 2498 omnihus
1184 2429 1281 2494 donau

158 2528 335 2591 autumatis
356 2529 493 2603 remitti;
517 2531 655 2611 ideoque
676 2530 815 2593 suhdeus
829 2531 867 2593 ah
880 2528 1113 2592 hccdoctriuac
1125 2529 1281 2594 callistio-

157 2649 222 2694 παι
241 2628 442 2711 indulpcatia
462 2632 589 2694 allectos
609 2630 749 2694 homiues
780 2630 876 2714 facilc
907 2632 950 2694 ad
975 2640 1138 2711 peccatum
1166 2630 1278 2694 salodi.

161 2731 205 2811 Et
229 2734 307 2794 haec
330 2751 442 2809 reapse
464 2734 583 2796 eisdem
606 2733 750 2796 sensibus
773 2736 891 2812 repetit
913 2751 939 2795 s.
966 2731 1186 2813 Epiphanius,
1209 2730 1277 2796 No·

166 2835 333 2896 ratianum
355 2835 533 2914 corripiens
551 2834 647 2915 juxta
664 2838 806 2896 veterem
822 2842 853 2896 et
869 2834 1062 2898 catholicam
1084 2834 1277 2909 doctrinam,

161 2952 311 3000 asscrens
332 2953 362 2997 u.
386 2935 714 3001 autumationum
741 2953 921 2998 sermonem
948 2945 1016 2999 tum
1044 2945 1187 3017 sanctam
1217 2932 1276 2998 Dei

160 3035 343 3107 Ecclesiam
365 3046 525 3116 perpetuo
542 3038 768 3114 poeniteutiam
785 3038 995 3116 approbasse:
1014 3054 1076 3098 uon
1091 3037 1178 3116 quod
1196 3037 1277 3100 mol·

158 3137 227 3201 lior
242 3156 286 3201 ‚ac
306 3137 442 3200 dilutior
467 3139 528 3216 sit3
552 3147 611 3200 aut
638 3139 795 3216 pigriores
824 3137 898 3198 illus
928 3136 1049 3210 iaciat,
1073 3138 1128 3216 qui
1158 3138 1189 3197 iu
1216 3135 1277 3201 illo

157 3239 266 3304 stadio
286 3239 487 3317 decurruut;
509 3239 563 3300 sed
588 3249 624 3303 ut
646 3238 702 3300 Dei
725 3241 861 3318 gratiam
894 3248 925 3301 ct
948 3240 1181 3301 humanitatem
1214 3255 1278 3300 nou

160 3339 301 3421 rejiciat,
316 3357 354 3401 ac
370 3340 532 3420 cujusque
547 3357 665 3402 causae
682 3341 813 3401 modum
829 3346 861 3402 et
877 3339 1035 3401 rationem
1051 3337 1276 3400 consideret.»

162 3437 205 3502 Et
227 3439 419 3517 paulopost
440 3457 471 3500 n.
492 3437 522 3502 5.
548 3459 564 3499 s
586 3437 762 3514 Quocirca,
784 3441 841 3514 ait,
863 3439 964 3517 siquis
986 3448 1120 3519 peccato
1140 3437 1276 3516 aliquo,

158 3540 395 3622 quodcumque
416 3540 547 3602 demum
570 3539 650 3601 illud
672 3541 725 3613 sit,
744 3547 923 3618 occupatus
938 3539 1051 3614 tuerit,
1068 3538 1167 3618 hujus
1181 3537 1276 3601 illum

161 3639 325 3718 poeniteat
350 3685 437 3702 ....
462 3637 555 3714 Quae
576 3658 650 3701 cunr
676 3641 717 3701 ita
739 3643 815 3715 siut,
830 3659 935 3719 neque
951 3641 1133 3703 libertatem
1149 3640 1187 3703 iis
1209 3656 1278 3700 om·

161 3740 251 3814 uiuo,
272 3739 328 3818 qui
352 3749 423 3818 post
445 3741 639 3818 baptismum
661 3740 870 3818 deliquerint,
892 3742 1103 3815 ostendimus,
1121 3757 1225 3820 usque
1239 3739 1278 3800 il·

160 3841 202 3904 lis
221 3859 313 3921 spem
333 3841 448 3905 salutis
469 3841 636 3922 eripimus.
660 3839 845 3905 Misericors
866 3843 949 3905 euim
972 3840 1059 3904 Deus
1081 3851 1128 3904 est
1144 3849 1176 3902 et
1191 3840 1278 3901 haui-
1327 3880 1329 3884 ι

163 3959 257 4021 gnus,
278 3959 317 4006 uc
340 3951 507 4024 receptum
524 3943 758 4023 poenitentibus
773 3944 905 4007 indulsit
926 3989 935 4006 .
959 3987 968 4007 .
991 3985 1001 4004 .
1025 3942 1150 4005 Etenim
1166 3942 1197 4002 iu
1212 3958 1285 4003 ma«

164 4061 206 4108 uu
229 4024 329 4108 ritum
350 4044 406 4107 ille
429 4052 527 4119 tenet,
550 4052 582 4106 et
603 4043 635 4104 iu
656 4042 793 4106 salutem
816 4061 1007 4124 propensam
1030 4043 1275 4106 humanitatem.

166 4141 325 4217 Quidnam
348 4163 427 4208 raro
449 4146 504 4208 illc
527 4145 645 4219 lactat,
676 4144 737 4207 soli
768 4152 816 4209 est
848 4145 906 4224 ipsi
939 4155 1156 4223 perspectum.
1192 4137 1276 4202 illud
