2886 4784
569 484 727 534 PEMODOS
752 485 845 534 ruthe

323 671 517 753 quaestionis
537 671 742 754 origenianae
765 680 838 734 ante
866 669 1077 752 Theophilum.

141 916 302 1038 Harum
322 974 459 1055 primus,
482 975 538 1055 qui
560 974 708 1055 origenis
730 983 897 1056 gesserunt
918 991 1049 1039 causam
1071 976 1188 1051 adstat,
1204 996 1261 1041 no-

141 1079 192 1140 bis
214 1096 241 1140 s.
267 1074 440 1158 Dionysias
461 1075 714 1150 alexandrinus,
736 1077 832 1157 cujus
854 1077 1029 1156 pietatem,
1058 1079 1259 1155 doctrinam,

140 1179 311 1258 animique
331 1178 557 1254 alacritatem,
580 1195 644 1257 qua
666 1196 726 1258 pro
747 1177 878 1241 Christo
901 1180 1056 1258 pugnavit
1086 1197 1189 1260 usque
1219 1179 1259 1242 ed

140 1281 286 1354 obitum,
312 1286 396 1341 totus
419 1277 555 1340 Romam
580 1297 683 1357 usqae
705 1279 840 1340 miratus
874 1286 921 1340 est
949 1278 1036 1342 orbis
1065 1281 1262 1343 christianus

141 1390 177 1444 et
203 1398 308 1460 usque
329 1379 426 1443 modo
448 1380 598 1460 miratur.
624 1377 687 1441 iste
707 1396 784 1442 sane
802 1385 862 1454 est,
877 1398 973 1460 quem
996 1380 1144 1461 Origenis
1163 1383 1263 1460 ipsius

141 1489 239 1547 actus
262 1490 294 1545 et
315 1482 472 1557 doctrina,
495 1481 745 1561 qualiscumque
761 1480 885 1556 luisset,
903 1482 1007 1545 latere
1021 1502 1084 1547 nou
1100 1492 1261 1563 poterant.

141 1578 295 1664 Uterque
321 1601 461 1664 namque
483 1583 703 1646 Alexandriae
729 1583 817 1662 degit
843 1582 999 1664 Origenes
1021 1593 1054 1648 et
1075 1584 1261 1669 Dionysius,

142 1704 231 1750 unus
254 1686 419 1765 magister,
434 1684 520 1747 aiter
541 1684 719 1763 discipulus
741 1684 804 1747 tide
825 1687 1014 1750 concordes.
1040 1685 1160 1750 Deinde
1189 1685 1264 1748 Oio-

141 1790 260 1870 nysius
280 1787 431 1852 scholam
455 1785 697 1848 alexandrinam
721 1786 820 1860 rexit,
844 1785 929 1850 alter
949 1788 980 1848 in
1004 1786 1181 1850 Palaestina
1208 1788 1263 1849 do·

141 1890 227 1952 cnite
246 1888 277 1948 in
299 1887 361 1949 tide
383 1887 507 1966 pariter
527 1886 671 1957 consoni,
688 1886 825 1964 parique
846 1888 918 1946 zelo
938 1887 1138 1950 incesserunt
1153 1890 1184 1948 in
1206 1887 1263 1948 da·

142 2008 200 2052 mn
215 1987 288 2064 Oei,
305 1987 447 2049 infideles
470 1986 716 2065 haereticosque
737 1993 971 2063 expugnantes,
987 1986 1089 2048 donec
1103 2005 1158 2049 eos
1174 2005 1261 2050 mors

141 2092 321 2171 separavit.
343 2089 499 2168 Origenes
519 2086 599 2173 Tyri
622 2087 724 2148 tidelis
747 2084 804 2148 Osi
826 2105 940 2149 servus
961 2096 1112 2151 mortuus
1128 2097 1186 2150 est.
1206 2089 1262 2152 ht·

141 2201 196 2255 ter
217 2193 376 2256 ecciesiae
397 2190 628 2253 alexandrinae
650 2195 771 2269 pastor,
788 2190 932 2251 deiuncti
949 2191 1008 2250 viri
1025 2190 1125 2268 probe
1140 2189 1260 2251 callens

140 2293 328 2373 singulares
350 2292 420 2372 ejus
443 2294 589 2364 virtutes,
605 2291 654 2367 pia
677 2289 841 2368 dogmata,
857 2298 888 2349 et
910 2297 1031 2367 quanta
1053 2290 1126 2349 ideo
1147 2307 1260 2366 pessus

141 2405 219 2459 erat
240 2413 302 2473 pro
323 2393 442 2457 Christi
463 2392 603 2463 nomine,
621 2391 708 2452 illius
730 2397 802 2467 post
824 2391 947 2453 obitam
969 2392 1083 2454 intexit
1105 2391 1260 2468 elogium,

144 2505 230 2559 teste
254 2493 368 2556 Photio
390 2495 421 2553 in
444 2491 643 2554 Bibliotheca
667 2489 746 2552 Coa.
760 2487 829 2555 232.
846 2509 887 2551 cx
904 2489 1002 2552 Libro
1023 2489 1174 2568 Stephani
1198 2488 1262 2552 Go-

140 2598 215 2660 bari
249 2596 422 2656 tritheitae.
456 2594 491 2654 in
521 2593 770 2654 bunuariorum
802 2590 935 2655 Petrum
962 2588 1114 2670 expositis
1146 2592 1261 2652 sedulo

140 2697 333 2768 sententiis,
357 2694 396 2755 de
417 2691 558 2770 Origene
580 2692 658 2754 haec
680 2691 859 2768 leguntur:
884 2713 901 2752 a
922 2693 1095 2771 Origenem
1112 2703 1142 2754 et
1159 2691 1263 2754 Theo·

140 2807 300 2880 guastum
327 2812 460 2872 maguus
482 2794 538 2855 iiie
560 2789 756 2854 Athanasius
785 2795 815 2854 iu
844 2796 954 2856 multis
987 2796 1176 2858 tractatibus
1207 2795 1263 2856 ad·

140 2901 309 2979 probavit.
330 2897 369 2959 lit
387 2895 478 2957 Titus
500 2894 672 2970 bostrensis
693 2904 726 2955 et
748 2892 926 2973 Gregorius
948 2893 1133 2974 Theologns
1151 2899 1180 2956 in
1196 2898 1262 2972 epi·

140 3003 239 3063 stolis
261 2999 409 3061 eumdem
431 2993 610 3086 φιλόκαλον
628 2995 822 3074 philocalum
844 2997 1007 3058 nominate
1039 3007 1072 3058 et
1094 2992 1260 3080 Nyssenus

140 3100 358 3164 laudabiliter
379 3102 450 3181 ejus
472 3103 666 3163 mentionem
700 3097 787 3159 lecit.
811 3093 851 3156 Et
875 3095 1045 3178 Dionysius
1078 3097 1261 3158 alexandri·

140 3221 206 3265 nus
227 3204 267 3262 ed
283 3203 433 3263 eumdem
456 3203 559 3280 ipsum
582 3200 705 3263 scribit.
729 3200 791 3264 Ετι
813 3193 848 3265 δέ
863 3195 922 3264 καὶ
937 3189 1018 3287 μετὰ
1032 3193 1168 3264 θάνατον
1183 3194 1265 3265 tete-

140 3324 197 3372 νου
220 3296 301 3398 πρὸς
323 3299 493 3373 caertesae
516 3294 571 3368 τὸν
596 3311 655 3380 τῆς
677 3299 883 3400 Καισαρέιας
914 3300 1085 3371 ἐπίσκοπον
1114 3300 1261 3402 γράφων,

140 3407 188 3476 δι’
204 3404 340 3476 todoat
362 3403 416 3475 τὸν
439 3402 598 3509 Ωριγὲνην
621 3399 690 3495 ἄγει
713 3411 732 3467 ἰ.
755 3428 785 3469 e.
811 3408 927 3470 Adhuc
948 3417 1055 3468 autem
1078 3408 1173 3469 etiam
1190 3417 1261 3486 post

143 3524 289 3575 mortem
312 3513 398 3574 iliius
420 3513 562 3574 scribens
578 3511 617 3571 ad
635 3508 855 3571 Theotecnum
872 3506 1048 3571 Caesareae
1063 3510 1261 3587 episcopum,

140 3631 206 3694 per
226 3615 342 3676 laudes
364 3615 453 3676 ducit
475 3613 660 3692 Origenem.
684 3610 725 3673 Et
746 3610 923 3673 alexander
938 3609 1121 3688 Hierapolis
1142 3611 1263 3689 episco-

141 3734 208 3795 pus
230 3716 381 3776 eumdem
396 3734 454 3795 per
467 3714 592 3776 litteras
613 3709 689 3782 itm
713 3707 886 3782 ὂικειδυται
909 3703 964 3778 τὸν
986 3706 1090 3811 ἄνδρα
1111 3710 1181 3791 aire
1202 3711 1265 3778 lta‘²

140 3837 216 3908 γοις
241 3817 348 3878 verbis
369 3817 547 3893 plurimum
570 3817 682 3877 delinit
705 3817 821 3877 viram.
845 3835 861 3872 n
886 3815 925 3893 ti)

222 4116 258 4189 (*)
278 4114 322 4170 Ita
340 4133 421 4188 porro
438 4115 561 4188 loquitur
578 4114 613 4171 de
630 4114 753 4188 Origene
771 4111 900 4170 Oebasus
918 4113 1045 4179 miratus,
1059 4109 1134 4184 quod
1153 4126 1188 4164 ex
1207 4125 1264 4164 sua-

142 4214 240 4266 meam
258 4208 305 4263 alii
322 4225 383 4280 pro,
402 4208 448 4264 alii
465 4214 562 4266 contra
578 4207 659 4264 illum
677 4207 860 4279 disputarent.
