2886 4784
157 311 198 381 70

604 413 743 483 CAPUT
765 414 821 489 xl.

166 612 304 677 Veterum
328 612 463 677 Petrum
484 615 521 677 de
537 617 685 698 praefato
706 624 856 679 commate
876 613 1052 679 summarie
1075 615 1265 691 innovantur

240 713 417 778 testimonio
429 759 442 790 ,
458 733 519 794 pro
540 715 740 780 restitutione
758 715 917 797 pristinae
939 717 1105 793 iectionis,
1135 707 1267 783 codicum

240 819 448 896 antiquorum
469 813 660 880 auctoritate
680 820 845 881 adauctae.

163 1060 344 1212 Quamvis
358 1125 494 1202 sparsim
510 1123 694 1202 praelatum
710 1118 866 1184 Matthaei
883 1121 1083 1185 versiculum
1099 1117 1131 1187 9.
1146 1141 1173 1184 o.
1188 1100 1267 1185 llll.

127 1267 130 1272 -
162 1225 341 1288 secundnm
358 1225 616 1307 uniuscujusque
630 1225 797 1305 scriptoris
814 1225 863 1284 sel
883 1224 1070 1301 interpretis
1091 1231 1269 1287 mentemst

163 1327 347 1388 citationem
370 1333 462 1387 antea
485 1329 665 1390 notaverim
684 1335 714 1388 et
730 1324 972 1405 explanaverim
981 1344 993 1403 3
1009 1325 1220 1387 nihilominus
1233 1326 1267 1385 ad

164 1427 263 1508 hujus
289 1428 472 1507 argumenti
493 1421 778 1510 perspicuitatem,
794 1426 951 1505 genuinae
975 1427 1123 1488 lectionis
1148 1427 1269 1489 testium

161 1547 320 1592 summam
339 1529 402 1592 hnc
418 1530 564 1609 redigere
586 1530 780 1608 existimavi,
796 1527 929 1592 Petrum
952 1528 1162 1592 citationibus
1189 1527 1270 1591 addi·

163 1631 204 1693 tis
226 1631 349 1710 graecis
370 1637 403 1692 et
423 1631 530 1694 letiuls
552 1629 726 1693 codicibus.

243 1729 293 1793 hc
313 1731 440 1793 interim
463 1749 502 1793 ex
526 1733 657 1811 antiqua
680 1727 889 1792 alexandrina
911 1729 1028 1794 Schola
1052 1731 1201 1806 exorsis,
1218 1731 1268 1810 qui

163 1831 329 1910 explicite,
346 1833 413 1895 sine
429 1833 590 1896 additione
605 1844 633 1895 et
652 1831 752 1894 oliam
766 1828 895 1892 duxerit
913 1830 1109 1907 moechatur,
1123 1833 1186 1895 hoc
1200 1832 1270 1895 eita-

163 1935 210 1997 vit
233 1935 448 1997 testimonium
472 1935 633 2016 (aliorum
655 1935 751 2008 enim,
768 1934 825 2013 qui
841 1934 869 1992 ei
885 1942 1146 2012 praecesserunt,
1162 1936 1269 1997 desunt

162 2035 261 2107 libri)
284 2038 407 2114 primus
428 2037 574 2099 occurrit
595 2034 763 2114 Clemens3
786 2035 841 2113 qui
863 2035 948 2096 circa
966 2033 1059 2095 finem
1074 2035 1208 2097 secundi
1226 2052 1270 2096 se·

163 2136 230 2199 culi
252 2139 283 2198 in
307 2136 403 2200 Libro
425 2136 483 2199 lll.
507 2134 700 2199 &remotum
721 2136 876 2198 adversus
898 2135 1028 2196 divortii
1057 2143 1270 2216 propugnato·

165 2257 217 2301 res
239 2239 392 2302 dimicans
413 2240 540 2319 inquit:
564 2259 580 2298 ι
602 2237 686 2314 Quid
709 2246 755 2300 est
777 2246 886 2300 antem
910 2236 995 2316 quod
1016 2233 1175 2302 Dominus
1195 2256 1269 2319 quo·

163 2360 229 2421 que
250 2341 331 2403 dixit
352 2342 409 2415 eis,
426 2343 482 2420 qui
506 2340 748 2419 interrogabant
769 2341 808 2402 de
830 2339 985 2413 divortio,
1011 2358 1052 2401 aa
1073 2339 1172 2403 liceat
1193 2359 1267 2404 uxo·

164 2458 234 2505 rem
257 2443 429 2518 dimittere,
446 2461 520 2505 cum
543 2441 673 2527 Moyses
689 2443 720 2504 id
734 2438 948 2523 permiserit?
965 2441 1013 2502 dd
1032 2441 1192 2507 duritiem
1210 2460 1272 2505 cor·

165 2542 215 2606 dis
235 2545 332 2608 uestri
345 2589 354 2619 ‚
377 2545 503 2624 inquit,
525 2543 646 2624 Moyses
668 2545 743 2606 hoec
770 2544 922 2625 scripsite
945 2538 1039 2633 ὗμὲις
1062 2535 1098 2614 δι’
1123 2542 1180 2614 dou
1203 2541 1275 2613 duai-

162 2665 269 2735 γιωτε.
295 2641 345 2713 ὅτι
371 2650 413 2738 τῷ
438 2641 673 2744 πρωτοπλάστῳ
698 2640 715 2711 o¹
737 2633 815 2724 Θεὸς
837 2641 942 2715 Maru:
965 2644 1069 2718 ἔσεσθε
1095 2646 1127 2720 io
1154 2649 1211 2720 δύο
1232 2649 1273 2730 tn

163 2747 274 2846 σάρκα
297 2746 402 2839 plau:
426 2744 505 2818 olore
529 2744 546 2815 ὁ
569 2746 715 2818 ἀπολύων
739 2745 798 2825 τήν
821 2755 960 2841 neodem
977 2746 1076 2854 unpig
1092 2753 1192 2849 λόγου
1213 2775 1276 2856 asp

162 2849 261 2933 νέιας.
285 2853 368 2922 noeis
392 2849 493 2934 durnin
517 2855 746 2947 μοιχευθῆναι.
771 2851 861 2927 Atta
883 2851 985 2950 μετα,
1006 2880 1060 2924 vos
1089 2874 1196 2925 autem
1215 2879 1274 2923 oon

166 2958 312 3039 lecistis,
334 2959 484 3039 quoniam
500 2962 699 3041 protoplasto
722 2960 807 3025 Deus
827 2963 934 3025 utute:
958 2960 1047 3022 eritis
1068 2963 1134 3022 duo
1155 2961 1191 3023 iu
1213 2978 1276 3024 cor·

166 3077 237 3123 aem
258 3080 375 3134 uauon,·
397 3063 517 3144 itaque,
538 3060 594 3142 qui
615 3061 747 3127 dimittit
768 3083 897 3125 tenorem
917 3072 1044 3142 praeter
1064 3081 1199 3126 eausam
1218 3064 1276 3142 sor·

165 3162 346 3238 nicationis,
368 3163 447 3240 lacit
469 3183 535 3224 eom
557 3165 723 3227 moechari.
749 3162 808 3226 Sed
826 3176 895 3244 post
916 3174 976 3227 etc.

229 3265 331 3341 Panlo
354 3276 423 3343 post
446 3264 485 3326 ah
507 3266 595 3327 initio
617 3254 718 3328 seculi
736 3265 793 3329 lll.
818 3267 972 3344 Origenes
994 3263 1172 3328 Clementis
1194 3265 1278 3328 disci·

61 3446 65 3452 Ι
169 3367 267 3448 pulus
299 3386 337 3430 ac
367 3386 537 3430 successor
566 3369 655 3431 illius
678 3370 717 3445 in
747 3369 890 3449 ejusdem
913 3367 1051 3430 Scholae
1074 3369 1276 3447 praefectura

168 3485 211 3533 ex
237 3488 265 3534 c.
295 3468 382 3532 xlx.
405 3467 563 3532 Matthaei
586 3471 660 3544 tnui
684 3471 855 3550 respondet
886 3480 977 3532 uetus
999 3469 1101 3531 latina
1128 3469 1280 3549 luterprc·

170 3571 269 3649 tatio)
288 3571 385 3653 juxta
408 3571 648 3636 versiculorum
670 3579 703 3634 et
731 3573 940 3652 expositionis
967 3571 1141 3647 ordinem,
1168 3580 1279 3652 qnater

168 3675 207 3735 ad
236 3674 380 3737 litteram
412 3674 524 3736 citauit
557 3673 756 3737 versiculum
778 3673 809 3740 9.
834 3675 894 3738 hac
925 3672 1062 3757 simplici
1096 3673 1278 3737 locutione:

167 3770 206 3855 ὃς
227 3770 268 3842 o’eu
291 3769 448 3846 ἀπολύσει
470 3766 530 3854 τήν
552 3777 692 3866 γυναικα
715 3767 812 3843 eiusde
834 3764 992 3878 παρεκτδς
1013 3769 1114 3864 λόγου
1128 3771 1283 3865 reputetis,

163 3878 248 3950 ποιῖι
272 3877 374 3960 niutau
398 3878 630 3972 μοιχευθῆναι,
655 3880 845 3964 quicumque
865 3873 1177 3944 dimiserit'uacorem
1198 3896 1281 3945 meu

165 3994 294 4068 eccepto
315 3982 542 4066 fornicationis
564 4004 677 4060 causo,
697 3979 864 4064 faciteam
883 3976 1051 4060 moechari.

212 4171 214 4177 Ι
242 4085 468 4152 Tertullianus
507 4087 593 4150 circa
628 4087 711 4150 idem
746 4094 871 4167 tempus
901 4085 932 4146 in
966 4082 1066 4147 Libro
1099 4079 1156 4144 lV.
1179 4086 1280 4147 contra

169 4185 495 4255 Marcionensis.
520 4196 553 4255 et
574 4190 604 4254 ln
625 4187 724 4255 Libro
760 4185 802 4253 De
834 4183 1037 4266 mecoenatia
1057 4204 1091 4250 u.
1114 4186 1146 4247 e.
1170 4179 1278 4252 Christi
