2886 4784
156 352 197 426 dt

236 453 392 520 Similiter
409 454 612 536 urguendum
634 459 683 520 est
694 456 734 519 de
749 454 896 538 sequenti
913 451 1086 535 Augustini
1101 454 1256 523 discussio

156 572 198 621 ua
216 555 253 618 in
286 554 453 619 Psolmnm‘
478 551 549 623 103.
571 553 726 620 Sermone
757 555 814 620 ΙΙΙ.
838 552 923 625 ud·
945 556 1001 619 ubi
1023 558 1108 622 idem
1132 575 1163 622 e.
1184 556 1259 622 xlx.

156 653 314 720 Matthaei
335 659 413 719 ellat
433 655 553 719 eisdem
587 655 692 719 verbis
730 657 827 719 sicuti
858 658 889 719 iu
919 656 1200 736 praecedentium
1220 655 1262 722 ux

159 755 258 837 hujus
286 757 371 820 enirn
394 754 511 820 Psalmi
532 757 646 821 dictis:
670 754 841 837 suscipient
860 742 975 837 onupri
995 754 1033 817 in
1053 753 1142 820 sitim
1162 776 1263 834 muns,

157 859 268 921 scribit
283 880 291 921 ε
305 880 321 918 n
337 857 452 922 Bibout.
469 859 609 922 minores
630 860 717 939 quod
739 859 861 922 dictum
887 867 954 934 est:
970 857 1040 921 oiri
1053 854 1181 938 dilipitc
1198 846 1267 921 nno

158 976 209 1020 res
230 968 349 1023 oestrus
368 958 452 1022 sicut
472 968 502 1022 et
525 956 668 1024 Christus
688 957 803 1022 dilexit
828 954 1011 1021 Ecclesium.
1028 956 1183 1023 Mulieres
1199 955 1267 1022 nisis

100 1133 104 1140 ,
159 1058 227 1122 suis
248 1059 390 1124 redditae
413 1059 488 1124 sint.
512 1058 627 1123 Bilmut
649 1063 798 1125 minores.
823 1059 1024 1124 dictumest
1045 1070 1157 1124 nutem
1172 1057 1268 1125 [tont-

159 1177 222 1224 uos
244 1160 274 1224 si
293 1160 365 1223 iicet
385 1157 541 1224 dimittere
560 1176 689 1228 oaorem
710 1157 859 1222 exomni
879 1157 1005 1224 censui
1022 1158 1197 1225 Prohibult
1214 1159 1269 1224 llo·

160 1261 266 1325 miuus
287 1272 319 1324 et
340 1261 422 1325 dixit
443 1279 506 1323 nou
527 1261 640 1324 licere.
662 1257 737 1325 Nou
755 1259 865 1333 scitis,
888 1261 1012 1340 iuquit,
1029 1258 1118 1339 pisia
1141 1260 1221 1324 Dens
1237 1263 1269 1326 ot

80 1421 81 1424 ,
159 1360 254 1425 initio
268 1361 452 1446 'musculum
472 1369 500 1422 ct
517 1357 687 1442 foeminam
706 1358 779 1441 fecit
792 1358 808 1425 l
822 1357 914 1435 Quod
925 1358 1007 1423 Dens
1021 1358 1208 1441 conjunxit,
1225 1361 1271 1424 lto·

74 1446 77 1453 ¹
160 1479 211 1525 mo
232 1473 449 1540 conciperet.
473 1460 595 1525 Deinde
616 1463 726 1526 addit:
748 1461 805 1542 qni
826 1458 983 1524 dimiserit
1008 1480 1146 1526 nocerem
1168 1482 1267 1540 enom,

162 1573 290 1644 eccepto
311 1582 410 1629 ceusu
427 1561 671 1645 fornicationis,
692 1561 771 1643 feeit
791 1583 858 1627 eam
878 1559 1037 1625 moenituri
1046 1581 1064 1636 ,·
1084 1571 1116 1626 ct
1135 1562 1167 1643 si
1183 1563 1271 1628 elion

163 1664 292 1743 duxerit
313 1666 502 1729 succedatur.
523 1656 734 1729 confirmarit
754 1664 961 1745 compedem:
978 1666 1041 1727 hoc
1062 1664 1197 1745 expedit
1213 1666 1271 1730 eol·

160 1765 272 1846 ligato.
299 1765 393 1829 Prius
406 1773 517 1847 agerat
532 1784 571 1827 ue
584 1765 744 1846 ligaretur
758 1787 771 1828 τι
782 1765 936 1845 altiputns
951 1783 982 1827 cs
996 1765 1096 1828 uxori
1105 1765 1124 1830 ⁸?
1137 1784 1176 1828 ne
1188 1784 1271 1848 puae·

162 1865 258 1930 siccis
278 1866 475 1931 solutionem.
498 1862 629 1933 Solutus
648 1885 679 1927 es
706 1866 744 1930 ad
772 1861 903 1930 nnorci'
933 1885 971 1928 nc
998 1863 1177 1947 quaesieris
1203 1885 1273 1930 nco·

163 1987 241 2043 rem.
265 1969 298 2035 st
321 1969 465 2032 noudum
488 1987 521 2031 es
543 1985 678 2047 onager,
702 1974 735 2030 et
754 1967 882 2032 oolulus
903 1968 944 2029 ab
967 1975 1073 2032 uxore
1088 2001 1109 2043 ‚·
1123 1968 1219 2032 habes
1236 1967 1272 2030 ibi

164 2069 251 2149 quod
277 2078 309 2132 ct
329 2070 447 2150 lepus,
465 2064 582 2134 ,bibas'c
603 2078 632 2131 et
651 2067 681 2131 si
700 2066 1027 2149 praepositionem,
1049 2089 1116 2133 non
1134 2063 1271 2150 percocti.

165 2169 321 2251 Discipuli
348 2180 456 2234 autem
479 2187 553 2234 cum
575 2171 724 2234 audirent
746 2170 868 2232 dictum
890 2189 908 2232 a
931 2167 1085 2244 llo-luo,
1100 2190 1165 2236 uon
1184 2171 1273 2235 licoro

167 2273 237 2335 ullo
261 2267 357 2334 modo
374 2280 503 2352 praeter
523 2288 655 2334 eausam
685 2268 911 2352 fornicationis
941 2270 1081 2352 disjungi
1111 2271 1273 2354 conjugio,

166 2373 195 2437 si
215 2371 289 2434 tulis
310 2381 366 2449 est,
390 2372 552 2454 inquiunt,
574 2389 673 2435 consu
693 2390 764 2434 cnm
784 2391 902 2447 neore,
924 2389 990 2433 uon
1010 2372 1138 2453 expedit
1164 2375 1274 2438 elmere.

166 2473 210 2538 El
231 2473 415 2537 Dominus:
438 2490 503 2546 non
525 2491 631 2547 omues
651 2473 783 2554 capiunt
803 2473 928 2535 verdum
949 2473 1005 2535 ltoc
1026 2482 1088 2563 ele.
1114 2495 1132 2532 s
1155 2474 1211 2539 Ex'
1224 2475 1276 2538 ltro

168 2575 394 2653 itaque'sicuti
416 2592 457 2636 ex
480 2573 687 2652 praecedenti
708 2591 734 2634 s.
758 2569 908 2634 Doctorls
929 2572 1132 2636 discussione
1158 2574 1275 2653 amplis·

169 2677 250 2738 sime
272 2682 359 2754 patet
381 2671 548 2753 Evangelii
569 2673 713 2737 codicem
734 2673 912 2736 secuudum
928 2672 1135 2736 Mendaeum
1157 2676 1276 2754 abipso

170 2778 304 2837 ellatum
328 2775 358 2835 in
381 2792 408 2837 u.
426 2771 514 2835 XlX.
530 2771 560 2838 9.
582 2783 740 2836 velustam
762 2773 929 2852 praeferre
951 2774 1126 2837 lectionem
1142 2796 1151 2838 s
1166 2776 1221 2854 qni
1238 2773 1279 2836 di·

169 2872 292 2938 miserc't
312 2893 443 2937 nocerem
464 2891 569 2948 suom,
589 2882 719 2954 conceptu
737 2871 963 2954 fornicationis
984 2893 1102 2946 censu,
1124 2873 1204 2954 fucit
1221 2891 1279 2937 eunt

168 2977 325 3040 moecliari
345 2987 406 3040 ete.
431 2975 544 3039 Altera
567 2977 721 3039 exclusa:
744 2973 802 3055 qni
822 2975 978 3038 dimiserit
1008 2995 1144 3039 uxorem
1175 2993 1277 3050 suum,

170 3076 235 3141 uisi
254 3079 290 3139 ob
309 3077 575 3158 fornicationem,
590 3076 731 3141 cleliam
751 3076 899 3150 decrerit,
915 3076 1112 3140 moechatur.
1132 3077 1211 3140 llem
1231 3077 1279 3139 ali·

171 3182 218 3253 bi,
234 3178 315 3243 idest
336 3180 367 3240 lu
388 3179 474 3243 libro
488 3177 531 3240 Dc
552 3178 723 3241 concordie
741 3177 1035 3257 Boanpelist'crum,
1055 3176 1279 3242 commentario

174 3285 207 3345 iu
227 3280 398 3355 Joaunam,
415 3292 526 3343 contro
551 3279 709 3344 Faustum
733 3281 969 3354 manichaeum,
987 3281 1017 3341 in
1040 3279 1145 3345 Libro
1166 3280 1211 3345 De
1227 3278 1281 3342 eir·

169 3381 316 3462 pintan,
334 3383 416 3444 hauc
437 3383 584 3445 eamdem
605 3381 684 3445 lesu
706 3400 780 3444 oum
804 3381 978 3460 pharisaeis
1000 3385 1226 3460 quaestionem
1245 3383 1281 3446 ci·

171 3495 261 3558 raus,
285 3492 427 3546 veterem
462 3483 560 3565 hujus
591 3483 759 3545 commatis
793 3483 875 3544 hauc
897 3483 1028 3545 videtur
1062 3484 1216 3550 retulisse
1243 3484 1280 3546 lc·

172 3586 323 3647 ellonem.
591 3661 598 3673 ⁹

154 3763 156 3766 ι
250 3682 468 3749 Nihilominus
490 3685 521 3747 lu
543 3686 635 3749 libris
656 3684 784 3750 duobus
801 3682 1015 3766 Deconjeptn
1036 3685 1231 3751 adulterinis
1247 3682 1279 3747 ud

175 3784 371 3850 Pollentinm
393 3787 534 3865 seriptis,
551 3787 605 3848 ubi
627 3787 686 3850 iste
708 3785 927 3865 Augustluum
952 3793 1047 3849 vocat
1066 3788 1110 3849 ad
1132 3785 1282 3869 quaestio·

173 3903 244 3949 uem
267 3886 307 3947 da
329 3886 484 3961 divortio,
502 3887 545 3946 ita
567 3886 710 3949 citantur
730 3885 813 3948 dicto
838 3883 1063 3963 Evaugelislae
1085 3905 1130 3952 ax
1151 3882 1280 3950 exlxs

172 3983 230 4064 qni
250 3983 404 4048 dimiserit
425 4002 555 4048 reuerent
576 4003 688 4060 scum,
711 3992 838 4062 exceptu
868 3981 1094 4063 fornicationis
1126 4005 1241 4062 causo,
1259 3989 1282 4044 et

172 4084 270 4153 ulium
284 4085 425 4175 decrerit,
439 4086 632 4149 moechetur.
645 4083 691 4149 De
706 4086 825 4166 quibus
840 4087 872 4147 iu
888 4083 986 4149 Libro
998 4086 1024 4149 l.
1039 4107 1069 4151 u.
1081 4085 1134 4153 11.
1145 4088 1227 4151 inter
1237 4101 1280 4150 ce·

176 4197 244 4250 tera
266 4189 450 4253 scribebat:
475 4211 491 4248 u
516 4187 601 4279 lllnd
622 4205 714 4268 orgo,
737 4186 824 4269 quod
849 4185 1003 4254 Dominus
1026 4207 1089 4255 uou
1112 4186 1280 4272 quidemiu
