2886 4784
54 522 173 587 fictilia
196 523 237 584 ah
258 541 309 595 eo,
333 525 384 585 cui
408 521 482 582 data
505 529 551 582 cst
576 520 663 599 virga
688 518 806 590 ferrea,
825 515 1073 597 frangantur'l»
1093 505 1179 582 Nonss

55 645 99 686 nc
123 627 204 686 haec
226 623 376 707 Cypriani
402 622 498 683 verha
522 620 715 683 adamussim
737 621 926 696 retundunt,
950 637 1034 699 quae
1049 619 1180 706 Anony-

59 744 136 787 mus
157 724 309 813 Cornelio
332 722 442 802 Papae
470 722 531 785 suh
561 720 684 786 Callisti
708 739 843 800 persona
870 721 1104 801 exprobravit,
1134 722 1181 787 cr·

59 843 162 888 censa
184 821 278 886 sinite
298 822 430 886 zizanio
451 841 586 885 crescere
606 843 678 887 cerm
693 821 818 896 tratrem
834 822 914 935 idest
928 821 1022 885 circite
1038 832 1182 904 peccalo·

60 945 116 989 res
136 925 172 987 io
195 923 337 987 Ecclesia
357 903 512 987 moriere?

143 1025 365 1105 Quapropter,
369 1028 430 1088 his
452 1034 484 1088 et
505 1027 575 1088 aliis
594 1026 776 1106 praemissis
797 1025 912 1088 sedulo
933 1027 1177 1102 animadversis,

62 1142 271 1210 nequaqnam
286 1126 440 1192 Callistus
454 1128 528 1204 (nec
549 1129 696 1206 quisquis
719 1129 750 1188 in
773 1127 860 1191 Petri
876 1127 1037 1191 Cathedra
1059 1139 1183 1192 assum·

61 1229 150 1310 ptusl
171 1233 213 1290 ita
236 1229 471 1292 inconsiderate
494 1228 638 1290 homiues
660 1228 823 1290 alliciebat
838 1226 877 1288 ad
894 1245 986 1289 suam
1008 1228 1179 1305 scholam,

61 1342 100 1395 ut
121 1330 250 1392 nullum
275 1327 463 1408 prohiberet
485 1346 501 1388 a
525 1329 647 1407 culpa,
668 1347 705 1391 ac
728 1329 822 1392 illius
840 1329 979 1390 ministri
1011 1329 1098 1391 illusi
1126 1328 1182 1391 ‹ie-

57 1439 166 1494 cererrt
183 1426 410 1511 posee'seipeoe
429 1427 587 1491 remittere
603 1438 746 1509 peccato,
769 1439 797 1491 et
816 1447 884 1491 rene
904 1429 1007 1511 fideles
1019 1428 1182 1511 jactarent
1215 1427 1219 1435 '
1276 1449 1285 1459 ’
1314 1471 1318 1478 -

61 1539 118 1594 tur
138 1532 175 1593 de
194 1528 408 1612 uoluptatibus
430 1528 515 1592 suis:
534 1551 550 1590 a
565 1530 626 1595 Seu
650 1530 769 1596 Christi
792 1531 943 1611 pietatem
961 1531 1106 1608 (doceis.
1121 1518 1184 1614 ⁰5¹·

61 1635 198 1714 prianns
218 1635 250 1694 in
272 1632 425 1711 praelatis
445 1632 583 1707 litteris,
613 1642 645 1694 et
667 1650 742 1695 cum
765 1651 804 1696 eo
825 1631 969 1696 Ecclesia
992 1631 1180 1711 Catholica)
1202 1638 1207 1647 ‘

61 1736 119 1798 s'etl
142 1734 261 1798 Christi
282 1736 460 1814 pietatem,
480 1740 515 1795 et
536 1734 739 1797 clementiam
762 1736 961 1814 cogitantes,
988 1752 1051 1797 uon
1074 1732 1183 1797 acerbi

59 1837 158 1908 adeo,
181 1853 240 1898 nec
262 1835 351 1910 aori,
375 1852 433 1897 nec
454 1837 487 1896 ln
509 1826 663 1896 iuvenilis
677 1835 834 1898 iratribus
855 1836 1023 1898 inhumani
1045 1836 1185 1898 esse-dc·

61 1941 179 2002 hemus
188 1957 199 2017 3
221 1937 275 2000 sed
299 1937 411 1999 dolere
433 1952 508 1998 cnm
530 1937 734 2012 dolentibus,
756 1946 789 2000 et
809 1935 889 2000 llere
910 1957 984 2000 enm
1007 1922 1180 2000 ilentihuse

60 2057 102 2103 ac
123 2058 180 2102 eos
201 2048 359 2118 quantum
383 2056 577 2116 possumus,
606 2040 731 2101 auxilio
753 2044 785 2101 et
806 2039 924 2101 solatio
945 2046 1075 2101 nostrae
1103 2039 1184 2102 dile·

61 2142 182 2204 cliouis
204 2143 354 2219 erigere3
375 2157 434 2201 nec
458 2141 529 2202 ideo
549 2140 688 2202 immites
720 2149 752 2203 ct
783 2141 963 2220 pertinaces
994 2139 1034 2201 aa
1066 2157 1182 2203 eorum

60 2245 292 2323 poenitentiam
315 2241 571 2317 retundendam·;
594 2259 651 2303 nec
674 2243 792 2304 iterum
814 2240 913 2303 soluti
943 2246 990 2304 et
1008 2240 1119 2303 iaciles
1140 2239 1179 2301 ed

60 2345 388 2409 communicationem
415 2351 536 2404 temere
563 2342 736 2405 laxandam
759 2351 859 2404 etc»
890 2340 1102 2420 Quapropter
1128 2341 1182 2402 hlc

61 2451 183 2510 iterum
206 2448 390 2524 iterumque
413 2445 505 2515 dico:
530 2441 702 2506 Cornelius
725 2443 822 2522 Papa,
847 2452 878 2505 et
903 2462 977 2506 cum
993 2463 1032 2505 eo
1048 2441 1181 2523 Cypria·

61 2566 147 2622 nus,
170 2557 202 2610 el
224 2564 286 2608 non
307 2545 483 2617 Callistus,
507 2545 729 2623 (quamquam
752 2544 811 2605 iste
833 2545 895 2606 hoc
917 2546 1000 2605 tuem
1022 2543 1179 2609 sentiret)

61 2651 94 2711 in
117 2651 178 2711 hac
199 2648 387 2728 quaestione
406 2646 508 2726 judex
531 2644 660 2718 extilit,
684 2647 910 2724 sapienterque
926 2645 1044 2708 Christi
1062 2644 1182 2708 doctri·

60 2767 136 2810 nam
159 2748 360 2827 explanavit,
383 2748 520 2823 tempori
543 2754 575 2808 et
595 2746 843 2809 circumstantiis
865 2765 898 2809 se
919 2746 1179 2820 accommodans,

65 2871 123 2915 nec
146 2860 334 2930 peccatores
358 2849 531 2930 prohibens
553 2865 569 2908 a
593 2847 799 2925 poenitentia,
814 2867 873 2911 nec
894 2866 971 2929 erga
993 2866 1048 2912 cos
1070 2848 1183 2911 remis·

66 2972 98 3016 se
119 2970 241 3033 ageas,
264 2950 346 3015 adeo
369 2959 409 3044 ut⁴
428 2944 651 3024 voluptatibus
676 2946 743 3011 sais
763 2946 830 3012 'snb
854 2949 964 3012 veniae
992 2964 1049 3030 spe
1075 2946 1181 3012 ludul-

65 3067 186 3134 gereat.
340 3069 343 3074 ’
1111 3058 1113 3065 “
1130 3057 1136 3063 ’
