2886 4784
159 359 221 431 102

159 467 287 546 putavit
308 460 518 542 Theophilus.
540 461 602 527 Sed
626 462 770 528 discessit
798 481 840 528 ex
870 463 999 529 licentia
1033 461 1214 544 Demetrii,
1230 468 1256 530 io

160 566 549 648 Achajamprolecturns
571 567 613 630 ob
635 568 814 633 haereticos
834 568 907 632 illas
929 568 1083 632 ecclesias
1104 579 1259 646 vexantes,

159 677 240 734 teste
260 667 460 754 Hieronymo
483 668 527 732 De
546 668 628 733 ciris
647 661 835 733 illustribus
848 688 877 732 c.
899 666 1042 734 baruae
1064 671 1124 733 risi
1145 689 1261 737 sucees-

158 773 241 846 s’tte,
263 782 300 836 ut
319 776 387 852 ipse
409 792 485 837 cum
505 773 614 836 amicis
634 776 701 836 suis
721 774 935 853 conqueritur
955 772 1130 851 Origenes,
1151 792 1196 838 ex
1214 776 1262 837 ob·

160 875 368 937 trectautium
391 873 630 936 baereticorum
652 882 751 954 atque
766 874 950 937 invidorum
970 874 1080 939 studio
1099 877 1262 941 imminuta

159 975 223 1042 tuit
242 978 331 1040 illius
352 975 437 1038 lama
459 976 491 1037 in
512 993 550 1039 ea
572 975 714 1056 regione.
737 975 785 1040 hc
807 976 891 1050 ideo,
913 977 939 1039 si
961 976 1150 1042 Demetrius
1174 981 1264 1044 habe·

158 1086 210 1142 ret
229 1079 306 1158 quid
331 1076 585 1158 reprehenderet
607 1078 638 1139 in
662 1076 826 1157 Origene,
852 1079 904 1140 vel
936 1080 1044 1157 potius
1066 1082 1099 1142 in
1121 1081 1266 1162 episcopo

158 1176 357 1254 Theotecno,
374 1179 521 1258 quicum
541 1177 581 1240 ad
605 1178 796 1260 presbyterii
812 1178 949 1256 gradum
965 1179 1098 1255 extulit,
1116 1188 1263 1246 transeat.

158 1279 208 1344 De
229 1283 345 1345 ceteris
366 1299 441 1344 cam
461 1281 558 1361 longe
577 1281 705 1344 abesset
719 1281 875 1360 Origenes
890 1289 983 1344 extra
1000 1283 1202 1366 Aegyptum,
1217 1303 1266 1349 ne·

159 1401 324 1464 quaquam
345 1383 384 1445 ad
406 1382 608 1446 Demetrium
628 1382 787 1462 judicium
810 1383 850 1446 de
870 1383 1016 1464 ejusdem
1039 1384 1190 1450 doctriua
1213 1392 1265 1451 tut

160 1485 232 1565 eius
253 1486 332 1549 actis
352 1484 540 1565 spectabat,
562 1485 617 1548 sed
640 1486 679 1546 ad
701 1485 889 1565 episcopos,
912 1503 1008 1566 penes
1031 1504 1116 1565 quos
1137 1487 1266 1552 docebat

160 1583 341 1665 Origenes:
363 1584 564 1664 proindeque
584 1602 648 1648 nou
680 1586 738 1648 nisi
772 1594 893 1650 temere
922 1587 1077 1651 damnare
1110 1590 1262 1667 potuisset

161 1685 347 1750 Demetrius
368 1687 475 1750 virum
497 1686 702 1761 inauditum,
724 1693 756 1748 et
776 1687 872 1769 cuius
902 1688 1074 1768 ignorabat
1104 1689 1264 1755 doctrinar

160 1788 342 1853 essentiam.
970 1815 971 1818 ¹

240 1888 345 1953 Porro
366 1889 457 1952 nobis
478 1890 509 1951 in
531 1891 592 1953 hac
614 1909 649 1953 re
672 1891 766 1953 valde
786 1890 988 1971 suffragatur
1006 1911 1033 1956 s.
1051 1889 1263 1978 Hieronymus

67 1992 71 2000 '
161 1991 328 2071 inondum
349 2010 368 2054 a
389 1989 560 2071 Theophili
585 1991 718 2071 perfidia
751 1992 889 2070 illusus)
916 1993 946 2054 in
974 1995 1112 2074 epistole
1143 1989 1194 2062 dd.
1215 1994 1262 2058 ubi

159 2093 207 2154 ait
234 2090 408 2172 Origenem
435 2110 454 2154 a
477 2092 641 2156 Demetrio
664 2102 735 2172 post
759 2095 933 2158 discessum
960 2096 1000 2156 ab
1028 2098 1110 2160 urbe
1133 2096 1263 2160 Alexan

140 2194 264 2270 drino,
284 2195 474 2257 demnatum
497 2212 586 2268 esse,
609 2203 721 2257 contra
743 2211 818 2256 eum
840 2189 953 2258 coacto
974 2205 1089 2260 senatu
1112 2197 1201 2260 illius
1221 2213 1263 2257 rc·

160 2296 275 2376 glottis,
291 2314 355 2358 uon
371 2304 505 2375 propter
518 2296 705 2374 dogmatum
728 2296 916 2371 novitatem,
932 2316 993 2361 nou
1010 2306 1147 2377 propter
1160 2300 1263 2361 haerc-

159 2399 220 2462 sim
231 2416 244 2476 3
265 2398 320 2460 sed
342 2399 418 2475 quia
435 2397 576 2474 gloriam
598 2397 687 2459 illins
708 2397 915 2476 eloquentiae
938 2397 1025 2461 terre
1038 2416 1103 2461 non
1120 2407 1263 2480 poterat;

160 2507 205 2573 et,
222 2499 279 2562 illo
295 2498 433 2573 dicente,
449 2515 558 2560 omnes
581 2498 660 2560 muti
676 2498 886 2577 putabantur.
903 2495 995 2560 Unde
1017 2508 1144 2563 constat
1159 2499 1265 2578 Origo·

160 2617 231 2662 nem
254 2606 331 2661 tunc
351 2598 489 2663 Schulne
517 2599 748 2661 alexandrinae
779 2597 1019 2661 moderatorem
1053 2601 1264 2664 orthodoxam

161 2715 381 2778 propugnasse
402 2697 516 2760 fidem:
540 2717 603 2777 qua
626 2699 857 2761 imbuebantur
870 2699 958 2762 illius
973 2700 1140 2780 discipuli,
1156 2705 1187 2765 in
1201 2702 1264 2780 qni·

159 2800 220 2863 bus
240 2798 412 2884 Dionysius
433 2800 503 2879 ejus
524 2817 693 2863 successor
714 2801 744 2863 in
767 2801 970 2879 magisterio,
993 2821 1032 2863 ac
1054 2812 1166 2881 postea
1183 2804 1264 2866 illius

159 2901 251 2964 urbis
271 2902 463 2981 episcopus:
490 2901 547 2978 qui
579 2910 737 2980 perpetuo
767 2901 914 2981 Origenis
946 2903 1101 2990 pietatem
1136 2905 1264 2966 miratur

160 3015 221 3078 est,
243 3021 280 3064 ac
303 3010 374 3083 post
396 3011 533 3064 mortem
555 3003 709 3065 altissime
729 3005 979 3066 commendavit.
1005 3004 1052 3066 ilc
1075 3016 1262 3083 propterea,

159 3122 245 3183 qnae
266 3105 459 3168 decantatur
480 3105 512 3165 in
533 3123 608 3168 eum
629 3105 804 3178 inimicitia,
821 3123 884 3166 non
899 3124 940 3167 ex
957 3103 1112 3186 Dionysio
1130 3112 1266 3184 repeten-

158 3207 200 3268 da
222 3214 270 3270 est
278 3226 290 3286 3
312 3207 368 3270 sed
391 3226 432 3269 ex
455 3203 610 3279 Demetrii
631 3207 750 3281 livore,
772 3207 842 3286 qui,
859 3206 999 3286 Origene
1019 3205 1086 3286 jam
1108 3207 1263 3285 proiecto,

159 3308 304 3372 decrerit
326 3325 401 3370 enm
433 3307 632 3386 expulsum:
656 3326 714 3370 nec
748 3308 834 3372 ultra
867 3310 896 3370 ei
927 3309 1028 3372 licere
1051 3307 1265 3372 Alexandriae

162 3409 286 3472 versari
307 3416 339 3471 et
361 3409 491 3470 docere.

166 3558 169 3562 -
238 3507 307 3574 Nisi
327 3509 415 3587 quud
437 3509 537 3588 paulo
553 3516 636 3589 post,
652 3508 818 3574 Demetrio
834 3509 1001 3582 defuncto,
1018 3515 1100 3571 teste
1115 3512 1185 3589 ipso
1198 3508 1263 3573 Ort

158 3627 238 3691 gene
257 3611 289 3673 itt
310 3608 469 3672 loannem
492 3606 590 3672 Libro
613 3607 670 3672 Vt.
694 3629 724 3672 n.
747 3611 774 3674 l.
798 3613 936 3674 cessarit
957 3611 1128 3689 procella,
1151 3630 1201 3699 rc·
1216 3630 1264 3674 ex·

158 3712 275 3774 tinctae
296 3719 372 3773 sunt
395 3710 531 3788 sagittae
562 3711 829 3775 adversariorum
858 3730 1009 3775 suorum.
1034 3709 1190 3786 Quocum
1218 3711 1266 3773 ad·

157 3813 298 3875 struitur
318 3815 481 3875 immerito
504 3830 633 3892 passum
655 3832 724 3876 esse
746 3813 921 3892 Origenem
943 3814 1114 3894 quibusvis
1135 3814 1176 3877 de
1196 3831 1264 3878 can·

155 3915 200 3976 sis
219 3914 460 3992 oppositiones:
482 3931 564 3994 quas
585 3915 659 3978 ideo
682 3914 759 3977 dicit
785 3933 949 3990 cessasse,
982 3922 1128 3976 cessante
1158 3928 1262 3977 earnm

157 4023 292 4077 auctore
314 4012 493 4089 Demetrio,
515 4033 554 4078 ac
576 4012 647 4078 Deo
669 4016 741 4078 illas
762 4018 984 4095 extinguente,
1006 4016 1119 4078 intime
1141 4032 1264 4098 perstre·
1323 4021 1326 4031 ⁴

157 4133 213 4178 sus
232 4132 268 4177 se
290 4125 378 4178 recta
399 4117 521 4180 sentiro
532 4136 544 4195 ;
567 4116 714 4196 nihilque
737 4117 885 4180 docuisse
907 4136 925 4179 a
947 4117 1096 4179 doctrina
1118 4115 1262 4195 apostoli

157 4233 194 4278 ca
216 4216 373 4280 alienum.
393 4215 427 4280 st
456 4218 540 4282 enim
569 4236 681 4297 reapse
708 4219 870 4283 haeretica
902 4219 1067 4284 docuisset
1091 4217 1260 4295 Origenes·
