2886 4784
1224 379 1284 448 tos

161 501 237 548 rum
261 479 448 546 refutandas
470 481 645 561 opiniones.
672 481 875 561 Proindequa
904 501 966 545 nnn
990 483 1163 547 violentiae
1196 503 1282 561 usu,

161 606 221 649 nec
244 587 397 650 conviciis
419 583 629 647 incedendum
653 585 727 662 ipsis
749 588 872 647 eratin
894 584 1058 659 condictu,
1081 585 1176 649 sicuti
1198 591 1288 652 etin

164 687 316 772 Aegypto
339 687 480 764 primum
502 685 630 760 accidit,
646 685 759 746 deinde
781 683 1070 765 Constantinopoli,
1087 695 1119 749 et
1133 690 1227 751 sicuti
1241 691 1284 751 si·

163 791 288 854 militer
309 789 431 853 lactum
454 799 501 850 est
523 788 607 851 inter
638 787 873 872 Hieronymum
895 798 927 851 et
949 787 1125 852 Rudinum.
1152 788 1213 854 Sed
1238 791 1281 854 vi·

162 895 269 957 cissim
290 893 438 972 inspectis
460 900 491 953 et
513 891 661 953 cribratis
683 889 886 969 singulorum
908 895 1119 970 argumentis,
1144 903 1283 957 tantum·

162 996 261 1059 modo
282 1013 356 1057 cum
379 995 502 1056 erroris
526 993 575 1055 vel
599 994 715 1055 melius
736 993 895 1056 illusionis
917 1004 1004 1068 nota,
1021 1013 1185 1074 nunquam
1205 1014 1282 1059 vern

162 1099 357 1170 haereseos,
381 1115 423 1159 ex
443 1097 558 1176 quasis
580 1094 839 1157 contendentium
862 1104 954 1177 parte
977 1097 1153 1159 delinienda
1180 1117 1278 1178 quae·

161 1199 223 1260 stio
246 1205 317 1260 erat
328 1217 339 1277 3
363 1197 449 1278 quod
472 1198 703 1275 sapientissime
725 1197 954 1260 animadvertit
976 1199 1238 1263 posthumianus.

247 1297 288 1360 Et
310 1300 352 1360 ita
376 1299 505 1378 quidem
528 1316 561 1360 se
582 1297 696 1361 habuit
710 1294 783 1371 res,
804 1299 872 1360 sive
893 1299 1118 1362 consideretur
1132 1299 1281 1384 Synodns

161 1399 395 1473 alexandriae,
413 1401 481 1463 sive
504 1398 642 1473 Nitriae,
658 1401 726 1463 sive
741 1398 1076 1481 constantinopoleos,
1092 1410 1148 1465 aut
1170 1404 1202 1463 in
1223 1421 1283 1482 pu·

162 1503 254 1564 ltlicis
277 1510 335 1565 aut
356 1503 491 1582 privatis
516 1504 754 1580 congressibus,
778 1504 845 1564 sive
868 1521 948 1565 roca
969 1522 1026 1567 seu
1048 1506 1191 1583 scriptis,
1212 1505 1284 1567 ubi·

161 1622 306 1685 cumque
329 1605 385 1684 qui
409 1623 469 1682 prn
490 1603 632 1683 Origene
654 1605 861 1683 disputarunt
890 1608 1036 1669 monachi
1059 1607 1193 1685 aliique,
1216 1624 1281 1669 nnn

162 1707 251 1770 ultra
281 1708 521 1786 praeterierunt
553 1709 749 1786 quaestionis
781 1710 914 1770 criticae
947 1709 1111 1771 terminos.
1136 1707 1177 1771 Et
1198 1727 1283 1771 nunc

162 1811 283 1873 iterum
307 1812 492 1889 iterumque
514 1810 641 1884 dicam,
667 1829 728 1872 non
753 1811 838 1872 ultra
868 1813 925 1872 hos
958 1812 1110 1873 terminos
1131 1813 1171 1872 ab
1193 1811 1285 1875 initio

161 1915 323 1991 inceptam
346 1919 378 1973 ct
401 1912 576 1973 discussam
599 1911 747 1989 deinceps
771 1912 868 1974 luisse
889 1930 906 1973 a
932 1910 1103 1986 Patribus,
1136 1930 1279 1991 quorum

159 2012 302 2076 examini
325 2013 488 2092 proposita
513 2012 595 2088 luit3
620 2015 768 2091 quamvis
789 2013 937 2091 Origenis
971 2014 1077 2073 hostes
1108 2012 1190 2075 hanc
1222 2013 1280 2074 im-

158 2116 281 2199 meritq
300 2132 338 2176 ac
361 2122 482 2177 temere
503 2117 609 2176 conati
631 2119 692 2176 sint
713 2118 780 2178 sire
803 2126 891 2188 tunc,
905 2116 974 2176 site
995 2115 1110 2176 deinde
1124 2114 1280 2177 Iustinia-

159 2219 189 2278 ni
207 2223 327 2291 aetate,
344 2218 550 2294 interpretari
572 2219 602 2278 in
626 2218 803 2294 proborum
829 2221 974 2279 virorum
994 2219 1214 2296 ignominium,
1230 2221 1279 2281 al·

163 2329 268 2381 teram
291 2319 492 2381 intrudentes
526 2319 721 2381 haereticam
755 2319 1000 2397 quaestionem,
1032 2306 1085 2380 cui
1116 2336 1179 2381 nnn
1210 2327 1282 2382 erat

161 2423 267 2483 locus.

246 2521 401 2601 Exposita
419 2524 518 2602 igitur
539 2523 599 2586 snb
616 2525 677 2584 hnc
693 2522 811 2586 intuitu
836 2524 1035 2603 quaestione,
1052 2542 1156 2602 neque
1174 2524 1280 2585 diver·

163 2626 289 2687 simode
310 2645 351 2688 ex
372 2627 481 2687 allatis
503 2629 702 2705 argumentis
724 2628 912 2703 exponenda
936 2634 1027 2700 erat,
1051 2626 1130 2706 qnid
1153 2628 1285 2689 conclu·

162 2726 306 2789 dandum
329 2733 491 2805 superest,
507 2728 565 2787 nisi
587 2727 673 2804 quod
697 2726 853 2789 adversus
877 2728 1050 2789 monachos
1066 2728 1234 2789 nitrienses
1249 2734 1282 2788 et

163 2825 330 2889 Rudinum
353 2834 385 2889 et
406 2838 533 2889 ceteros
554 2826 701 2903 Origenis
724 2828 908 2889 defensores
925 2828 1045 2889 laetum
1058 2830 1112 2901 sit,
1128 2826 1283 2907 quemad·

162 2928 296 2989 modum
318 2928 418 3007 siquis
441 2928 536 2989 hodie
557 2946 666 2990 coram
688 2928 798 3009 judice
823 2938 979 3000 vocatus,
1001 2929 1141 3008 alicujus
1171 2928 1280 2990 delicti

164 3045 243 3091 reus
266 3035 302 3089 ut
324 3040 401 3106 puta
424 3028 600 3102 seditionis,
624 3029 742 3102 caedis,
768 3030 818 3090 tel
841 3029 1015 3103 latrocinii,
1038 3037 1209 3108 patronum
1232 3047 1283 3092 rc·

163 3129 309 3218 periret,
332 3133 486 3208 quicum
509 3129 549 3190 ab
572 3129 633 3192 ltnc
658 3132 793 3192 crimine
824 3132 999 3192 immunem
1023 3132 1211 3193 vindicaret.
1240 3129 1282 3193 Et

163 3232 238 3292 hinc
259 3229 377 3309 juder,
400 3232 532 3309 praevio
555 3233 696 3293 accusati
721 3240 826 3306 reatu,
844 3231 936 3293 nullo
959 3233 1148 3310 interposito
1170 3233 1281 3293 discri-

163 3333 260 3407 mine,
286 3351 378 3393 reum
401 3333 630 3395 condemnaret
652 3344 682 3394 ct
705 3351 779 3394 cum
801 3352 840 3395 eo
862 3334 1006 3412 ejusdem
1030 3345 1201 3412 patronum
1234 3337 1280 3397 uli

160 3433 260 3511 ipsius
283 3432 424 3494 criminis
440 3441 633 3495 consortem.
651 3431 763 3495 Nonne
776 3434 841 3494 'hoc
858 3434 1066 3496 temerarium
1083 3441 1116 3496 et
1131 3435 1279 3514 iniquum
1359 3463 1361 3467 ’

163 3541 378 3611 reputaretur
395 3533 580 3612 judicium,
605 3535 647 3594 ita
672 3543 707 3597 ut
729 3534 816 3613 quod
840 3554 880 3597 ex
904 3541 1040 3599 nalurae
1065 3536 1141 3614 iure
1173 3546 1284 3615 postu·

159 3634 251 3696 latur
271 3635 302 3694 iu
325 3637 490 3712 propriam
513 3642 544 3696 et
570 3636 711 3697 aliorum
734 3634 965 3710 defensionem,
982 3645 1166 3699 verteretur
1181 3638 1211 3697 in
1231 3654 1284 3715 pa‘

161 3738 371 3799 trneinatnris
393 3738 692 3799 condemnationem
714 3746 746 3798 et
777 3737 937 3815 poenam‘?
970 3737 1011 3800 m
1040 3740 1116 3816 quid
1151 3740 1282 3816 insuper

160 3837 341 3912 diceretur,
363 3842 389 3901 si
412 3845 583 3901 accusatus
604 3857 642 3901 ac
664 3838 813 3901 delensnr
833 3841 928 3902 ambo
950 3840 1095 3914 innocui,
1110 3840 1200 3902 nulla
1217 3858 1281 3900 me·

157 3940 268 4002 diante
291 3941 424 4009 illorum
448 3953 580 4004 externa
604 3941 816 4015 confessione,
841 3961 926 4020 quae
951 3943 1132 4022 requiritur
1153 3944 1183 4003 in
1207 3942 1282 4003 hae·

160 4062 272 4106 roseos
294 4046 495 4121 quaestione,
520 4044 612 4107 nullo
635 4044 793 4106 mediante
816 4045 998 4106 extrinseco
1016 4050 1107 4118 teste,
1124 4042 1179 4105 sed
1202 4061 1277 4105 eun

159 4145 220 4207 ctis
242 4142 488 4207 adversantibus
511 4144 781 4217 circumstantiis,
805 4144 1036 4207 damnarentur
1058 4143 1280 4207 tantummodo

158 4264 201 4307 ea
225 4243 359 4337 illorum
382 4245 511 4309 intimae
533 4247 744 4311 conscientiae
767 4240 1049 4325 perscrutatione?
