2886 4784
837 379 840 384 -
1157 330 1217 400 161

93 415 205 501 καόοὶς
218 417 388 503 ἠθέλησεν,
399 418 495 504 ἔδειξε
511 416 565 488 τόν
581 417 675 514 λόγον
694 416 790 491 οἶκτόν
806 423 935 522 καιρόις
947 417 1138 525 ὁρωμένοις
1154 450 1218 529 παρ

93 525 195 622 ἀντῷ,
218 526 252 596 δί
276 517 316 596 ot
338 526 378 599 τοὶ
400 527 504 597 πιόντα
528 523 683 607 ἐποίησεν.
697 533 762 598 Ὀτε
784 523 844 619 μὲν
866 526 968 599 θέλει,
993 530 1087 602 ποιεῖ,
1114 527 1164 600 ὅτε
1186 528 1220 600 δέ

92 631 278 725 φθέγγεται,
302 630 459 715 δεικνύει,
483 626 534 700 ὅτε
565 631 721 703 πλασσει,
745 633 925 724 σοφίζεται.
956 633 1069 703 Πάντα
1092 631 1158 729 γαῤ
1181 628 1223 704 τοὶ

92 735 261 829 γενόμενα,
277 730 335 805 διὰ
347 735 456 829 Λόγον
471 727 530 806 κατ’
544 733 661 826 σοφιάς
676 733 878 828 τεχνάζεται,
896 737 995 829 Λόγῳ
1014 732 1071 827 μὲν
1087 733 1220 824 κτίζων,

93 843 194 934 σοφία
216 841 252 910 δὲ
273 848 415 934 κοσμῶν.
439 839 600 920 Εποίησεν
626 832 680 910 ’όνν
704 837 748 922 ὥς
771 840 941 922 distanti,
965 838 1043 923 Θεὸς
1065 836 1130 938 γαρ
1154 833 1220 927 ἦν,

96 953 160 1015 τῶν
176 943 210 1015 δὲ
226 948 404 1039 γινομένων
421 943 571 1046 ἀρχηγόν
587 942 645 1015 καὶ
662 946 854 1038 σύμβουλον
875 938 932 1016 καὶ
953 945 1091 1047 ἐργότην
1110 948 1220 1040 ἐγέννα

96 1049 220 1144 Λόγον,
237 1047 273 1122 όν
296 1049 406 1145 Λόγον
429 1049 513 1143 ἔχων
537 1049 568 1120 ἐν
592 1049 702 1146 ἐαυτῷ,
727 1050 865 1152 ἀόρατόν
888 1075 919 1120 τε
945 1050 1021 1123 όντα
1044 1060 1088 1146 τῷ
1109 1055 1221 1138 κτιζο-

100 1157 187 1250 μένῳ
208 1154 337 1251 κόσμῲ,
359 1152 475 1256 όρατόν
498 1157 592 1236 notit,
618 1155 773 1257 opstipum
791 1154 896 1250 φωνήν
918 1157 1144 1251 φθεγγόμενος,
1162 1155 1221 1229 καὶ

98 1269 162 1354 φῶς
184 1259 220 1332 ἐκ
243 1256 344 1354 φωτός
366 1269 501 1354 γεννῶν,
526 1262 662 1361 ιιροῆκεν
685 1285 724 1354 τῃ
748 1266 854 1332 κτίσει
878 1259 1025 1366 Κόριον,
1052 1255 1107 1331 τόν
1135 1261 1219 1334 ἴδιον

95 1367 183 1440 νόον,
205 1366 290 1461 αυτῷ
313 1364 403 1461 μόνῳ
425 1364 575 1470 πρότερον
598 1363 713 1462 ὁρατόν
730 1366 937 1462 ,ὑπαρχοντα
962 1376 1005 1463 τῷ
1029 1361 1062 1437 δὲ
1083 1369 1220 1461 γινομέ-

96 1492 142 1563 νῳ
163 1471 279 1566 κόσμῳ
302 1469 442 1575 ἀόρατον
466 1469 554 1554 ὄντα,
579 1467 596 1538 ό
618 1467 695 1542 ατόν
717 1473 812 1554 aerii,
837 1469 919 1554 όιιως
935 1465 994 1542 διὰ
1007 1472 1063 1541 τόν
1078 1473 1218 1561 φανῆναι

100 1566 180 1646 ἴδιόν
204 1571 221 1643 ό
244 1574 395 1667 κόσμος,
417 1573 567 1656 σωθῆναι
590 1494 726 1670 guam.
752 1581 775 1647 i.
800 1604 828 1647 e.

180 1680 266 1745 Deus
287 1683 377 1745 solus
399 1701 473 1745 cum
496 1693 578 1744 esset
590 1703 600 1760 3
624 1685 769 1763 nihilque
790 1686 849 1746 sibi
872 1703 1030 1746 coaevum
1058 1684 1215 1755 haberet,

99 1782 207 1846 voluit
228 1785 385 1846 mundum
408 1782 546 1846 efficere.
572 1783 611 1845 Et
633 1788 790 1847 mundum
813 1788 955 1863 cogitans
978 1804 1016 1846 ac
1041 1785 1152 1846 volens
1184 1792 1216 1845 et

98 1884 209 1946 dicens
230 1883 358 1947 effecit:
382 1892 413 1945 et
435 1887 588 1946 continno
611 1889 718 1948 extitit
740 1889 768 1948 ei
792 1887 896 1949 factus
927 1888 1012 1948 sicut
1036 1886 1140 1947 voluit
1161 1887 1170 1961 i
1183 1895 1217 1947 ct

97 1986 184 2047 sicut
202 1985 319 2061 voluit,
343 1985 506 2066 perfecit).
524 1985 606 2048 Satis
629 1990 728 2067 igitur
750 1989 839 2050 nobis
862 1995 909 2050 est
931 1989 1014 2050 scire
1034 1987 1154 2060 solum,
1173 1987 1217 2046 ni-

99 2085 147 2146 hii
170 2084 328 2148 esseben
350 2079 519 2148 co'aevum‘.
543 2085 631 2150 Nihil
654 2092 877 2168 erat'praeter
898 2091 1016 2168 ipsum,
1038 2089 1103 2167 ipse
1127 2087 1217 2148 solus

99 2186 226 2249 multus
247 2193 328 2248 crat.
347 2185 415 2250 Nec
430 2191 512 2250 enim
536 2199 607 2250 erat
627 2191 694 2253 sine
713 2193 880 2266 sapientia,
896 2193 963 2251 sine
979 2189 1132 2267 potentia,
1149 2190 1217 2248 sins

98 2288 246 2350 consitio.
264 2286 379 2349 Omnia
402 2296 494 2348 erant
515 2291 545 2350 iu
568 2308 627 2351 eo:
652 2293 718 2367 ipse
734 2300 804 2350 erat
819 2287 1095 2364 omnia..Quann0
1113 2288 1217 2349 vniuit

99 2398 135 2450 ct
154 2389 320 2468 quomodo
343 2389 461 2464 voluit,
490 2391 628 2452 ostendit
644 2391 785 2453 Verbum
801 2409 896 2452 suum
913 2390 1110 2467 temporibus
1126 2388 1214 2466 apud
1274 2448 1278 2457 ,

99 2509 178 2554 enm
199 2491 356 2553 definitis:
381 2509 438 2568 per
461 2494 547 2570 quod
571 2495 676 2554 omnia
701 2495 785 2555 fecit.
812 2491 876 2568 Qui
907 2510 980 2554 cum
1005 2492 1096 2564 vnit,
1126 2489 1215 2563 facit,

100 2593 234 2672 qnando
255 2593 386 2670 cogitat,
409 2591 557 2671 perficit:
581 2595 711 2671 quando
733 2595 893 2672 loquitur,
914 2593 1069 2654 ostendit:
1087 2591 1216 2669 quando

99 2694 244 2768 format,
267 2695 455 2772 sapientiam
478 2694 554 2755 edit.
576 2693 690 2756 Omnia
715 2697 798 2755 enim
821 2712 905 2772 quae
934 2695 1016 2757 fecta
1046 2701 1142 2766 sunt,
1167 2707 1217 2750 ra·

101 2793 188 2855 tione
210 2802 243 2854 et
263 2794 416 2871 sapientia
440 2792 608 2855 fabrefecit
619 2813 631 2872 ;
655 2795 779 2856 ratione
801 2797 929 2873 quidem
960 2805 1049 2856 creat
1061 2837 1073 2867 ,
1093 2794 1216 2870 sapien·
1329 2878 1332 2883 Ι

103 2894 147 2955 tia
172 2910 251 2956 vern
272 2902 377 2956 ornat.
401 2891 491 2956 Fecit
512 2896 611 2974 igitur
642 2898 725 2957 sicut
750 2898 873 2959 voluit:
899 2895 986 2959 Deus
1018 2897 1100 2957 enim
1133 2903 1213 2956 eret.

100 2992 226 3058 Eorum
247 3004 368 3067 autem,
391 3013 475 3073 quae
498 2995 581 3056 facta
603 3008 690 3071 sunt,
713 2999 841 3069 ducem,
859 2997 1079 3058 consiiiarium
1095 3004 1127 3056 ct
1141 3013 1216 3072 ope·

74 3098 226 3160 -rarium
250 3095 425 3176 generabat
448 3093 603 3158 Verbum.
628 3085 890 3173 Qund'Verhnm
914 3116 988 3160 cum
1012 3100 1042 3159 in
1065 3116 1098 3158 se
1122 3096 1217 3157 hahe-

98 3208 164 3272 τοι,
187 3207 220 3259 et
241 3205 324 3259 esset
347 3198 468 3258 mundo
490 3209 601 3260 creato
622 3199 896 3276 inadspectahiie‚
929 3196 1145 3277 adspectahiie
1172 3195 1217 3258 fe·

87 3282 157 3373 cit,
181 3299 327 3359 emittens
351 3300 493 3374 priorem
518 3316 650 3358 vocem:
673 3308 706 3360 et
728 3299 838 3359 iumen
854 3316 894 3359 ex
908 3297 1031 3359 lumine
1047 3313 1214 3375 generans,

100 3397 280 3475 depromsit
309 3397 368 3476 ipsi
397 3405 569 3458 creaturae
591 3395 765 3461 Dominum
797 3408 936 3460 mentem
969 3414 1072 3459 suam.
1097 3395 1137 3459 Et
1157 3397 1215 3475 qui

100 3501 192 3576 prius
214 3500 272 3576 ipsi
297 3505 419 3560 tantum
442 3507 513 3561 erat
545 3499 700 3574 risibilis,
731 3500 851 3563 mundo
883 3507 992 3564 autem
1022 3497 1213 3572 invisibilis,

100 3599 190 3662 hunc
213 3600 370 3662 visibilem
394 3599 482 3674 facit,
506 3607 542 3663 ut
565 3603 704 3664 mundns
726 3620 815 3677 eum,
834 3602 890 3682 qui
912 3601 1076 3682 apparuit,
1095 3599 1215 3671 ridens,

100 3701 214 3763 salvus
235 3700 306 3762 fieri
329 3709 445 3778 posset.
469 3720 485 3757 ν

181 3797 422 3880 hujusmodis.
446 3797 613 3884 Hippoiyti
636 3803 732 3878 dicta,
749 3805 774 3864 si
790 3803 861 3864 aliis
883 3803 1108 3876 conferantur,
1131 3820 1216 3882 quae

101 3899 327 3978 praemisimus
349 3920 389 3962 ex
412 3901 582 3984 Anonymo
605 3921 635 3964 n.
655 3900 706 3966 32.
722 3901 772 3967 33.
789 3903 889 3978 illico,
912 3902 995 3966 cnm
1011 3902 1064 3963 tihi
1086 3902 1215 3964 obviam

100 4000 159 4062 het
179 4019 263 4064 nnus
285 4011 318 4063 et
338 4002 421 4064 idem
443 4002 614 4066 amborum
646 4023 787 4084 scopus,
810 4014 951 4067 attamen
973 4004 1003 4064 in
1026 4004 1216 4085 tractatione

100 4104 327 4178 compereris,
356 4103 560 4184 Anonymum
594 4105 691 4168 latius
725 4123 783 4184 pro
817 4124 907 4167 more
938 4123 999 4166 sno
1028 4106 1216 4183 exposuisse

98 4219 124 4263 s.
152 4199 306 4288 Martyris
327 4204 529 4280 doctrinam,
553 4223 691 4284 canique
721 4207 894 4287 prophanis
920 4207 1216 4346 ranisqnhnorrn-
