2886 4784
157 366 217 438 idi

157 474 213 552 qui
236 489 309 534 cum
332 488 370 533 eo
391 472 529 533 sentiunt
548 472 758 548 recentiores,
776 479 806 536 et
823 473 964 536 maxime
980 473 1207 555 Anonpmum:
1223 476 1271 556 qui

157 572 197 634 ad
220 569 392 654 zephyrini
413 590 529 633 aevum
553 573 649 651 hujus
673 574 842 636 haereseos
875 577 1047 655 revocarit
1078 576 1272 651 exordium,

156 672 334 736 Sabellinm
358 673 461 751 ipsum
485 674 691 736 introducens
714 673 838 736 Romae
861 694 935 738 cum
964 696 990 738 s.
1012 673 1148 739 Callisto
1170 679 1273 758 dispu-

159 781 303 851 tantem3
328 773 424 853 cujus
447 774 497 834 rei
516 773 605 835 nullo
629 777 748 836 mentio
779 776 864 854 apud
896 773 1160 840 Tertullianum
1191 777 1274 856 quod

159 892 323 937 summum
346 883 394 935 est
416 875 447 934 iu
469 874 529 934 hac
551 875 751 952 quaestione.

239 971 354 1052 Neque
376 975 466 1034 nobis
488 973 598 1048 officit,
622 975 800 1050 quinimmo
825 976 1027 1053 propositum
1046 975 1166 1056 juvat,
1190 979 1272 1056 quod

160 1075 283 1154 legitur
305 1075 336 1136 in
367 1072 562 1154 Fragmeuto
596 1063 692 1136 tertio
721 1094 761 1137 ex
792 1073 901 1154 Opere
934 1077 1088 1139 historico
1108 1097 1137 1140 s.
1160 1076 1272 1141 Hilarii

162 1176 366 1252 pictaviensis
388 1193 419 1235 n.
432 1173 483 1240 25.
501 1176 554 1237 ubi
570 1176 703 1237 scribit:
721 1196 737 1233 o
754 1175 876 1239 Verum
893 1180 1036 1239 omnium
1054 1176 1272 1249 Consiliorum

158 1274 245 1356 iuste
266 1274 475 1355 legitimeque
497 1285 645 1338 actorum
668 1278 796 1338 decreta
830 1277 1007 1353 iirmaoda,
1031 1278 1196 1358 majorum
1224 1298 1273 1344 uo·

160 1384 306 1439 strorum
330 1386 416 1456 geste
439 1379 636 1456 consignent.
661 1375 742 1440 Nam
766 1380 797 1440 iu
819 1380 902 1440 urbe
923 1377 1110 1442 Roma‘sub
1131 1379 1274 1458 Novato,

162 1465 312 1540 Sabellio
325 1487 357 1540 et
379 1474 549 1539 Valentino
572 1479 740 1542 haereticis
762 1478 884 1543 iactum
906 1477 1103 1556 Concilium,
1117 1482 1274 1547 eborinu-

161 1577 282 1639 talibus
304 1577 531 1639 confirmatum
555 1585 616 1640 est.
640 1576 681 1640 Et
703 1580 823 1641 iterum
840 1579 871 1640 ln
886 1577 1021 1643 Oriente
1035 1579 1097 1642 sub
1112 1578 1220 1645 Paulo
1231 1599 1274 1645 ss·

165 1682 337 1741 mosaicusi
354 1679 441 1755 quod
458 1687 616 1740 statutum
640 1687 700 1752 est,
718 1679 757 1740 ab
773 1681 921 1742 omuibus
942 1690 990 1742 est
1010 1682 1185 1758 signatum.
1200 1700 1218 1740 n
1235 1680 1274 1744 lle

164 1796 204 1840 eo
226 1777 370 1841 Concilio
393 1777 516 1841 Romae
537 1779 681 1840 ndunato
703 1778 1059 1843 breviter'mentionem
1082 1783 1149 1860 agit
1182 1780 1275 1845 liuse-

163 1881 235 1942 hius
258 1883 287 1942 in
308 1879 406 1943 Libro
430 1876 485 1940 Vl.
512 1900 539 1942 c.
563 1879 694 1941 XXXV.
715 1878 887 1944 'Historiae
913 1880 998 1942 Eccl.
1030 1883 1086 1962 qui
1115 1884 1273 1962 speciatim

166 1986 257 2042 notat
278 1981 432 2042 indictum
449 1979 603 2040 adversus
620 1977 803 2054 Nouatum,
825 1990 857 2042 et
878 1981 918 2041 ab
940 1982 1109 2059 episcopis,
1128 1980 1276 2062 quiCou·

164 2082 239 2145 cilio
262 2100 323 2144 non
346 2080 580 2153 interfuerunt,
596 2089 777 2160 acceptum.
797 2081 838 2143 ut
851 2081 982 2161 quidem
1005 2090 1076 2144 ceta
1099 2082 1221 2167 Synodi
1240 2081 1274 2146 nb

163 2180 306 2244 Eusebio
327 2183 423 2244 citata
443 2189 474 2242 ot
489 2182 715 2260 episcoporum
730 2180 770 2242 de
786 2198 822 2242 ea
838 2182 993 2260 epistolae
1008 2182 1199 2246 damnatum
1216 2192 1273 2247 ten·

166 2290 235 2344 tum
261 2281 400 2344 iudicant
422 2279 602 2356 Nouatum,
626 2280 761 2343 excluso
782 2280 924 2344 Sabellio
947 2291 978 2343 et
1000 2279 1185 2346 Valentino.

249 2379 374 2458 ltaque,
397 2400 470 2442 cum
494 2400 519 2441 s.
544 2378 723 2458 Episcopus
746 2383 861 2459 inquit,
883 2381 944 2443 sub
965 2379 1115 2456 Novato,
1140 2380 1284 2445 Sabellio·

165 2487 197 2543 et
222 2478 393 2542 Valentino
417 2479 539 2542 Romae
561 2481 643 2540 banc
664 2478 828 2562 synodum
851 2479 1024 2541 adunatam
1040 2498 1132 2558 esse3
1155 2490 1188 2543 et
1208 2497 1272 2544 cum

169 2599 271 2642 unum
294 2580 473 2643 Concilium
498 2588 642 2651 tautum,
667 2597 772 2656 neque
801 2581 895 2658 pluro
927 2580 998 2641 ideo
1020 2579 1160 2643 collecto
1187 2581 1273 2644 luisse

168 2683 266 2755 dicat,
290 2688 415 2742 constat
434 2680 520 2741 istud
542 2680 584 2739 ab
604 2685 710 2739 aetate
732 2676 854 2741 Callisti
878 2678 962 2741 hand
985 2679 1095 2741 locum
1112 2681 1272 2757 hahuisse}

167 2799 242 2842 cum
265 2779 413 2842 nondum
430 2780 611 2841 emersisset
634 2780 774 2841 haeresis
795 2777 927 2851 Novati,
943 2780 997 2841 sed
1012 2790 1134 2858 postea.
1150 2781 1182 2846 Si
1201 2779 1271 2843 enin

168 2900 185 2943 a
209 2879 333 2944 Callisti
354 2888 458 2942 aetate
480 2881 542 2942 hoc
565 2879 738 2943 collectum
760 2886 843 2943 esset
864 2878 1070 2957 Concilium,
1095 2891 1174 2945 tunc
1195 2882 1225 2943 in
1241 2895 1271 2942 eo

169 2983 338 3043 anathema
360 2982 508 3043 subiisset
534 2979 705 3055 Novatus,
734 2980 829 3061 cujus
859 2981 1000 3044 nondum
1031 2981 1210 3064 irrepserat
1233 2995 1272 3044 er·

168 3101 248 3145 ror:
272 3100 369 3162 quem
392 3093 537 3145 ceterum
560 3091 670 3144 ortum
692 3082 860 3159 praeclare
881 3086 1000 3146 scimus
1017 3091 1090 3161 post
1105 3083 1197 3149 Decii
1213 3097 1273 3162 per·

161 3185 380 3258 secutionem,
403 3192 459 3244 nut
483 3191 553 3260 post
575 3183 676 3243 seculi
695 3180 751 3243 ΙΙΙ.
768 3182 952 3248 dimidium:
969 3190 1001 3244 et
1016 3191 1093 3246 tunc
1108 3186 1141 3245 in
1156 3202 1196 3248 eo
1211 3197 1272 3246 cou-

166 3283 242 3345 cilio
263 3284 467 3345 anathemate
488 3282 637 3342 eumdem
661 3281 759 3342 ictum
789 3301 868 3343 esse.
894 3280 1018 3345 idcirco
1039 3283 1080 3343 ab
1102 3284 1166 3348 hoc
1197 3281 1271 3345 liiln·

118 3398 123 3408 ·
171 3385 211 3446 rii
233 3384 415 3446 testimonio
437 3399 500 3442 non
521 3383 669 3459 sequitur
690 3382 730 3441 ab
751 3390 856 3443 aetate
877 3381 1002 3447 Callisti
1023 3382 1150 3447 Romae
1179 3390 1271 3447 ortam

169 3483 220 3542 vel
243 3489 352 3543 notam
375 3479 583 3541 sabellianam
608 3481 777 3540 baeresim.
807 3478 864 3542 Vel
894 3482 934 3541 ad
965 3500 1130 3546 summum
1164 3481 1271 3544 ineerta

170 3582 245 3642 inde
267 3586 412 3641 maneret
434 3578 577 3658 ejusdem
600 3588 688 3640 aetas
699 3599 710 3656 3
740 3581 888 3656 quamvis
909 3599 950 3642 ex
972 3582 1157 3659 praemissis
1188 3581 1273 3644 docn-

166 3681 282 3741 mentis
304 3678 415 3752 dubia,
438 3693 523 3756 quae
545 3695 588 3738 ex
603 3676 719 3739 Hilarii
735 3680 826 3742 dictis
842 3680 1084 3758 concipiuntur,
1100 3675 1272 3745 omnimode

168 3785 371 3841 evanescant.

252 3877 421 3940 Praeterea
445 3885 517 3958 post
541 3874 664 3939 Callisti
687 3884 718 3939 et
741 3876 860 3942 Novati
881 3886 1019 3943 oetatem
1042 3888 1151 3944 ortam
1177 3872 1272 3945 Sobel·

167 3977 204 4040 lii
227 3977 384 4039 baeresim
409 3976 599 4058 significavit
620 3977 695 4039 alibi
718 3997 743 4040 s.
769 3977 966 4058 Epiphanius
988 3980 1019 4042 in
1040 3979 1208 4045 Haeresim
1227 3969 1269 4040 bd·

173 4094 204 4137 n.
227 4073 258 4142 1.
281 4077 320 4138 de
343 4077 536 4138 manichaeis
558 4076 733 4155 disputans.
757 4075 816 4141 Ubi
834 4081 877 4141 ait
895 4080 952 4141 hos
967 4079 1171 4144 haereticos:
1188 4087 1271 4140 cml·

171 4194 267 4255 gnum
290 4194 347 4256 per
364 4175 444 4239 illud
462 4183 600 4254 tempus,
615 4177 646 4236 in
661 4177 746 4254 quod
765 4185 852 4239 aetas
872 4177 1006 4241 illorum
1023 4180 1174 4261 incurrit,
1190 4187 1267 4260 prae·
