2886 4784
158 350 199 416 56

158 456 303 519 universi
325 472 508 534 supponere
530 472 630 518 unum
662 455 807 529 bouum,
842 454 963 518 malum
993 456 1148 519 alterum.
1173 451 1216 518 Et
1235 454 1281 519 alr

159 559 223 638 hoc
245 556 384 638 probare
407 545 545 620 conatu'r
568 557 648 619 hanc
671 557 851 621 doctrinam
873 555 1072 620 Marcionem
1094 558 1135 620 ab
1157 555 1277 636 Empe·

159 660 263 724 doclis
285 659 414 723 duobus
437 658 600 739 principiis
621 654 815 722 amicitiast
836 658 1002 721 lnimicitia
1020 659 1205 723 deduxisse.
1223 661 1281 723 dt-

162 773 268 824 tamen
285 769 456 842 postquam
472 763 511 824 dc
527 761 587 824 lrac
603 780 637 823 re
652 780 859 841 summopere
879 744 1065 825 taboeaatt:
1081 765 1111 823 in
1126 758 1276 825 tturox.

157 864 265 942 inquit
288 861 486 925 Marcionem
509 861 659 925 nondun
682 863 836 942 principia
867 862 921 925 sed
948 864 1008 926 tria
1031 862 1197 926 admisisse
1217 860 1280 926 llo·

158 982 264 1041 num,
287 961 419 1027 Iustum
441 972 473 1027 et
495 962 679 1027 Materiam.
703 963 758 1026 llis
781 965 903 1042 positis,
925 966 992 1027 suis
1014 982 1090 1028 sanc
1112 964 1276 1039 manibus,

158 1084 258 1145 quam
284 1063 487 1146 Empedoclis
510 1073 603 1126 antea
631 1067 769 1129 instituit
793 1063 980 1150 Anouymns
1006 1083 1080 1128 cum
1109 1063 1281 1129 Marcione

159 1166 381 1240 concordiam,
405 1168 532 1246 penitas
554 1167 668 1229 deinde
691 1169 721 1230 iu
744 1167 805 1229 hoc
827 1167 902 1228 loco
926 1165 1038 1247 diruil.

240 1263 378 1329 Demum
402 1268 559 1328 neminem
582 1268 673 1345 latet,
692 1276 783 1346 puto,
806 1266 1006 1330 Marcionem
1033 1267 1158 1345 plures,
1175 1285 1278 1348 quana

158 1366 285 1428 notavit
302 1367 504 1447 anonymus,
532 1382 754 1444 propugnasse
776 1384 915 1428 errores.
936 1362 1085 1428 'l’estibus
1099 1362 1279 1431 Tertullia-

159 1484 202 1526 no
222 1473 254 1527 et
276 1461 470 1543 Epiphanio,
493 1464 533 1524 ab
555 1467 646 1527 initio
660 1465 726 1527 duo
744 1466 899 1545 principia
920 1466 971 1528 rel
986 1465 1069 1528 duos
1083 1465 1160 1529 deos
1174 1485 1280 1531 uuum

159 1565 294 1638 bouum,
312 1585 445 1629 saevum
461 1567 601 1629 alterum
619 1567 748 1629 admisit
764 1565 901 1630 Marcio.
920 1564 1042 1630 Deinde
1057 1568 1169 1631 docuit
1183 1568 1279 1634 Chri·

161 1679 248 1731 stum
269 1667 477 1730 solummodo
497 1669 527 1728 in
551 1668 774 1746 phantasmate
790 1675 822 1730 et
837 1686 900 1730 non
921 1670 953 1730 in
974 1669 1282 1736 constantiacensis

162 1769 309 1831 venisset
333 1788 395 1832 noa
420 1788 497 1831 vero
518 1770 623 1831 carnis
644 1770 699 1831 sed
715 1771 841 1847 animae
855 1769 965 1834 docuit
981 1773 1277 1852 resurrectionem

159 1880 211 1932 ter
233 1872 331 1933 licere
353 1870 509 1955 baptismo
531 1872 598 1933 elui
621 1873 651 1932 in
674 1874 892 1934 remissionem
915 1881 1135 1951 peccatorum.
1158 1871 1279 1953 Legem

160 1977 193 2034 et
215 1971 388 2049 prophetas
410 1971 528 2051 abjecit
538 1991 551 2050 3
571 1971 679 2034 solum
704 1968 811 2034 Lucae
833 1970 1047 2051 Evangelium
1079 1991 1138 2036 nec
1169 1981 1277 2038 totum

158 2075 291 2151 recepit.
312 2069 479 2152 Ieiunium
503 2072 535 2133 iu
556 2072 689 2135 sabbato
710 2072 871 2152 sancivit3
892 2091 929 2134 ac
944 2076 1128 2136 animarum
1143 2091 1280 2154 quoque

158 2174 190 2236 in
212 2173 275 2236 alia
297 2175 436 2253 corpo'ra
464 2173 696 2251 transmigrare
728 2173 865 2251 putavit.
893 2171 933 2235 Et
955 2173 1036 2237 haec
1068 2175 1166 2258 impia
1200 2174 1278 2255 dog·

52 2302 66 2321 ·
160 2285 246 2337 mata
269 2293 285 2335 a
310 2274 463 2353 praelatis
488 2273 637 2337 Patribus
658 2283 814 2337 notantur
835 2283 868 2336 et
890 2283 1130 2354 expugnantur.
1148 2276 1284 2358 tluonp·¹

158 2396 231 2439 mus
254 2395 344 2448 vero,
368 2396 432 2438 uno
455 2381 566 2437 notato
587 2383 619 2437 et
641 2376 815 2438 irrelutato
838 2376 877 2438 de
899 2377 1026 2440 duobus
1044 2376 1211 2455 principiis
1225 2393 1276 2439 er·

160 2496 250 2551 rore,
264 2486 389 2539 ceteros
407 2479 532 2555 penitus
548 2475 689 2538 indicare
706 2477 875 2556 multoque
893 2477 1172 2557 magisconlutare
1185 2494 1276 2556 prac-

158 2580 305 2641 termisit.
329 2575 546 2639 Nihilominus
569 2579 600 2638 in
622 2577 683 2640 fine
704 2596 850 2641 asserere
865 2578 985 2641 audete
1004 2600 1021 2638 u
1041 2576 1131 2642 llanc
1147 2580 1278 2659 impiam

159 2680 319 2741 haeresim
341 2681 417 2740 satis
440 2676 614 2739 refutatam
637 2695 654 2738 a
677 2679 767 2741 nobis
789 2699 858 2742 esse
880 2680 1098 2741 arbitramur:
1122 2696 1228 2759 neque
1242 2695 1276 2742 e-

160 2780 365 2842 xistimamus
387 2778 640 2857 praetermisisse
657 2796 712 2840 nos
734 2781 912 2860 quidquam
933 2780 1184 2854 doctrinarum,
1206 2778 1276 2860 qul·

160 2882 221 2942 bns
242 2882 405 2960 subreptis
427 2878 512 2957 apud
536 2897 682 2959 graecos,
705 2882 931 2945 marcionistae
948 2888 1067 2944 vexant
1088 2879 1210 2945 Christi
1231 2879 1278 2943 di·

161 2983 315 3063 scipulos.
1216 3038 1226 3053 .

175 3117 177 3121 ,
241 3081 287 3145 lle
311 3083 425 3162 Apelle
449 3102 547 3162 porro
570 3081 746 3146 Marcionis
768 3083 928 3165 discipulo
950 3087 982 3148 in
1004 3104 1032 3148 c.
1048 3083 1089 3148 X.
1104 3083 1219 3148 scribit
1233 3083 1276 3148 A·

161 3200 341 3266 nonymus:
365 3204 380 3242 <a
399 3185 532 3262 Apelles
555 3193 665 3246 autern
688 3205 729 3246 ex
752 3185 817 3248 istis
840 3197 932 3248 ortus
954 3191 1000 3248 sic
1021 3187 1195 3265 loquiturr
1211 3202 1281 3248 ease

160 3286 334 3362 quemdam
351 3281 456 3362 Deum
473 3284 606 3358 bonum,
632 3293 669 3346 ut
691 3284 838 3347 Marcion
854 3289 1004 3363 opinatus
1019 3295 1068 3348 est
1079 3305 1091 3364 3
1113 3284 1209 3348 illum
1227 3304 1280 3348 re·

160 3403 198 3448 ro
219 3388 363 3448 omnium
381 3393 576 3458 creatorem,
592 3405 660 3446 esse
679 3386 817 3464 justum,
843 3391 898 3467 qui
922 3388 1065 3468 quidem,
1087 3385 1279 3467 quaefacta

160 3493 248 3558 sunt,
271 3487 395 3548 creavit
408 3506 420 3564 3
440 3493 473 3548 ot
502 3490 647 3559 tertium,
670 3488 726 3565 qui
756 3488 795 3548 ad
825 3486 960 3572 Moysen
985 3490 1116 3552 locutus
1147 3494 1210 3562 est,
1240 3483 1280 3551 ll·

161 3586 299 3666 lumque
321 3603 390 3648 csse
419 3586 569 3664 igneum3
594 3603 662 3645 esso
683 3597 801 3649 autem
824 3594 855 3650 et
877 3597 1031 3667 quartum
1054 3587 1155 3649 aliurn
1176 3584 1280 3649 malo·

163 3704 237 3748 rum
255 3681 529 3748 auctorem-llos
551 3687 682 3764 angelos
704 3696 800 3750 vocat
814 3699 875 3751 etc.
898 3707 915 3745 a
941 3686 1019 3749 item
1048 3688 1080 3749 in
1108 3685 1210 3749 Libro
1238 3683 1279 3750 X.

161 3805 189 3848 c.
213 3783 287 3849 xil.
310 3796 455 3867 quatuor
485 3804 554 3848 esse
580 3787 656 3850 deos
678 3787 795 3850 docere
828 3788 976 3868 Apellem
1003 3789 1146 3868 repetit,
1173 3805 1279 3851 uuum

165 3888 300 3962 bonum,
323 3888 424 3951 alium
447 3897 642 3964 creatorem,
659 3888 759 3952 alium
777 3907 929 3969 pravum,
945 3907 1089 3969 quorum
1106 3897 1171 3953 tres
1182 3905 1279 3968 auga·

161 3988 212 4049 los
229 3996 333 4051 vocat.
345 4007 360 4044 n
379 3986 482 4052 Nemo
504 3997 609 4050 tamen
633 3997 794 4063 veterum,
808 4007 865 4053 nec
887 3987 1122 4065 Tertullianus,
1136 4006 1197 4052 uec
1212 3985 1279 4050 Eu·

161 4088 269 4151 sebius
289 4131 298 4160 ,
321 4109 378 4153 nec
401 4109 425 4151 s.
451 4087 648 4171 Epiphanius
672 4090 752 4153 hanc
773 4101 998 4171 apposuerant
1017 4089 1277 4162 distinctionem,

162 4207 221 4255 uec
242 4208 427 4268 numerum,
452 4194 499 4255 uti
519 4192 644 4271 putavit
667 4187 867 4271 cleonymus.
892 4188 933 4254 lli
956 4210 997 4255 ex
1020 4185 1144 4271 'Apellis
1170 4193 1276 4253 mente
