2886 4784
160 427 531 509 Apnstoli‘doeuernnt,
555 433 587 489 et
608 427 673 506 ipsa
695 427 839 490 serravit
860 427 1047 508 antiquitas,
1071 447 1127 491 nos
1148 447 1282 509 qnoque

156 530 397 595 custodiamus.
421 547 436 586 a
461 527 502 592 br
525 531 587 592 hoe
609 530 692 591 idem
715 529 844 591 mandat
868 527 1072 592 innocentius
1097 529 1181 610 Papa
1200 529 1223 592 l.
1240 549 1283 593 ex

157 633 345 710 apostolica·
363 629 544 693 traditione.
568 629 676 707 Quam
701 631 905 693 traditionem
922 639 953 692 et
970 631 1027 710 ipsi
1044 632 1144 693 ariani
1167 649 1277 695 serra·

157 740 241 794 runt
259 732 404 810 bigamos
427 731 611 811 abjicientes
634 731 674 790 ab
696 732 861 792 ordinibus
883 733 1005 793 sacriss·
1026 733 1072 793 uti
1097 732 1207 795 ridere
1228 741 1279 796 est

159 835 249 912 apud
269 842 297 894 si
323 831 538 912 Epipbanium
561 833 592 892 in
615 829 783 893 Haeresim
804 827 855 896 30.
882 828 924 890 De
945 828 1111 892 ebionaeis.

244 931 397 997 Ceterum
412 934 462 1007 ·si‘,·
481 940 517 994 ut
539 932 623 994 vult..
635 933 835 1013 Anonymus,
856 931 917 992 sub
940 929 1076 994 Callisto
1092 931 1176 1012 Papa
1193 935 1232 994 ad
1249 953 1283 997 e·

163 1035 368 1114 piscepatum
389 1040 422 1095 et
442 1033 480 1094 ad
504 1041 760 1095 ceterossacrus
782 1031 910 1093 ordines
943 1032 1142 1109 eligerentur
1166 1033 1280 1111 bigami

163 1136 373 1214 et-trigami,
393 1153 431 1196 ac
459 1135 485 1197 si
514 1134 546 1195 iu
571 1134 633 1195 ista
660 1133 892 1196 consuetudine
918 1134 1108 1212 preterisset
1140 1133 1284 1198 Ecclesia

161 1234 515 1314 Bomaua5uuombdo
536 1242 658 1307 starent
673 1241 830 1313 perpetua
846 1234 976 1297 traditio
993 1243 1024 1296 et
1040 1236 1187 1298 custodia
1208 1253 1286 1315 apu-

164 1337 450 1412 stottci'm'audatt,
467 1338 508 1399 itu
533 1343 567 1398 ut
589 1334 662 1399 inde
683 1353 725 1396 ss.
743 1336 934 1397 Ambrosius
956 1344 989 1396 et
1011 1333 1229 1417 Hieronymus
1251 1343 1284 1398 et

163 1434 303 1501 coucilia
319 1439 382 1500 boe
398 1437 482 1499 idem
505 1435 707 1500 inculcarent
729 1436 886 1498 adversus
901 1436 1093 1498 haereticos.
1112 1435 1153 1499 Et
1167 1440 1206 1514 si,
1220 1439 1284 1499 ine·

163 1549 245 1603 uute
265 1539 377 1603 secuto
402 1541 513 1615 tertio,
531 1538 717 1619 huiusmodi
740 1537 905 1617 disciplina
923 1557 965 1599 ex
980 1537 1103 1600 Callisti
1120 1539 1286 1618 indulgen·

164 1645 212 1705 tia
232 1649 266 1703 et
286 1642 485 1705 institutione
507 1642 638 1704 remissa
656 1639 780 1713 luisset,
799 1640 880 1703 adeo
897 1649 932 1704 ut
947 1643 1086 1721 episcopi
1104 1656 1137 1703 et
1153 1643 1286 1724 presby·

167 1743 230 1806 teri
252 1751 523 1807 consecrarentur
544 1749 615 1820 post
630 1741 725 1812 ‚binas
749 1741 800 1803 rel
815 1746 920 1804 trinas
942 1744 1095 1820 nuptias,
1120 1744 1286 1821 quomodo

166 1851 278 1908 staret
293 1842 384 1908 Sedis
404 1843 602 1922 apostolicae
625 1843 767 1921 regula,
791 1844 969 1906 seeundum
998 1862 1098 1924 quam
1129 1855 1288 1924 perpetuo

166 1945 370 2009 incesserunt
393 1944 558 2008 Ecclesiae
581 1943 745 2008 Romanae
769 1943 945 2006 Antistites.
972 1945 1101 2007 l'alsum
1128 1965 1207 2026 ergo
1225 1959 1285 2022 est,

165 2049 288 2131 quippe
308 2049 393 2111 omni
416 2047 625 2110 fundamento
647 2063 777 2126 expers,
793 2048 880 2127 quud
901 2047 1089 2131 Anonymus
1109 2054 1286 2127 praesumit

166 2149 208 2212 de
230 2150 416 2230 disciplinae
437 2149 673 2212 ecclesiastieae
696 2149 896 2211 relax-atione
917 2149 978 2210 sub
1004 2148 1125 2211 Callisti
1158 2150 1284 2228 pontili-

165 2259 245 2317 catu
267 2252 373 2332 quoad
397 2253 618 2314 ministrorum
639 2268 809 2312 sacrorum
832 2250 1056 2325 coelibatum,
1087 2254 1229 2315 maxime
1251 2255 1282 2316 in

166 2356 396 2434 episcoporum
419 2353 587 2415 electione.
656 2339 658 2344 ’

210 2464 212 2468 ’
250 2453 290 2517 ll.
320 2453 490 2516 Praeterea
519 2452 705 2537 dnonpmns
734 2460 903 2533 postquam
933 2451 1094 2517 Pontificis
1124 2455 1282 2533 corripuit

167 2554 402 2639 indulgentiam
424 2573 482 2633 pru
503 2555 699 2617 elericorum
722 2555 852 2632 nuptiis,
876 2556 1141 2637 presbyterorum
1166 2566 1197 2617 et
1219 2559 1286 2635 epi·

164 2674 356 2736 scaporum,
379 2656 477 2719 audet
497 2673 629 2737 quoque
652 2655 682 2715 iu
704 2654 853 2718 eumdem
875 2656 1061 2734 irrumpens
1087 2658 1174 2736 quod
1210 2675 1286 2719 cou-

163 2757 296 2838 jugium
318 2761 402 2821 inter
422 2757 532 2818 fideles
554 2756 622 2818 ulla
644 2757 766 2834 absque
787 2757 977 2822 conditionis
1001 2759 1050 2820 vol
1073 2759 1192 2839 gradus
1207 2777 1283 2822 eou-

166 2858 364 2923 sideratione
385 2860 586 2936 permiserit:
611 2878 628 2916 a
651 2857 736 2932 Quin
758 2851 867 2932 etiam,
889 2861 947 2932 ait,
966 2860 1089 2924 leminis
1111 2864 1281 2938 concessit,

168 2962 283 3039 siquae
305 2963 456 3039 innuptae
477 2969 582 3032 eraut,
604 2968 636 3019 et
657 2957 736 3020 ilore
755 2959 883 3038 iuvenis
905 2961 1114 3026 ardescebant
1138 2965 1281 3042 ipsarum

167 3061 245 3125 lecu
265 3062 384 3141 indigni
406 3070 438 3124 et
458 3061 624 3139 dignitate,
649 3077 744 3138 quatu
768 3061 977 3138 pessumdare
996 3065 1133 3138 uellent,
1150 3064 1283 3145 idcireo,

167 3164 328 3242 inquam,
351 3164 508 3229 concessit
528 3163 651 3223 licitum
675 3179 744 3222 esse
767 3169 803 3223 ut
825 3161 983 3225 nuberent
1006 3166 1059 3226 uni
1089 3166 1161 3240 illi,
1185 3185 1283 3245 quem

167 3264 323 3326 maritum
345 3263 539 3344 optaverint,
561 3279 619 3324 seu
640 3255 768 3341 ὂικέτης
788 3279 903 3323 servus
924 3270 1019 3338 esset,
1042 3265 1111 3326 sire
1133 3264 1229 3341 liber,
1252 3271 1285 3328 et

167 3364 319 3427 eumdem
340 3382 401 3441 pru
423 3367 539 3427 marite
563 3366 694 3439 babere,
716 3368 768 3428 cui
792 3364 957 3442 illegitime
979 3365 1158 3443 nupserint.
1183 3363 1283 3428 llxin·

167 3464 408 3556 dte-coeperunt
430 3465 584 3527 mulieres
606 3465 715 3529 fideles
747 3473 951 3544 nuncupatae
974 3467 1020 3527 uti
1044 3466 1284 3529 medicamentis

168 3573 301 3645 partum
323 3567 580 3645 impedientibus,
602 3576 636 3630 et
658 3569 762 3637 lesciis
786 3578 821 3631 ut
842 3574 1032 3645 conceptum
1052 3567 1173 3630 loetum
1191 3566 1286 3647 ejice·

167 3676 263 3730 rent:
285 3686 388 3747 quum
411 3668 534 3730 nollent
557 3668 608 3729 vel
629 3689 670 3731 ex
692 3688 808 3741 serve,
833 3668 883 3730 rel
906 3686 948 3730 ex
971 3669 1103 3731 humilis
1125 3670 1188 3731 loci
1213 3669 1289 3752 virn-

164 3769 209 3831 nb
229 3787 306 3830 suos
329 3772 525 3848 propinquos
548 3780 580 3832 et
601 3772 771 3833 immensas
795 3770 942 3832 fortunas
964 3772 1106 3849 genitum
1136 3772 1306 3833 fructum

165 3872 345 3949 parturire.
369 3867 489 3932 Videtis
511 3871 716 3952 inquantum
750 3872 945 3952 impietatem
974 3874 1023 3933 vir
1052 3872 1110 3934 iste
1142 3888 1281 3951 nequem

161 3973 374 4051 precesserit,
398 3973 576 4035 moechiam
598 3991 660 4036 una
684 3992 757 4036 cum
781 3973 878 4036 caede
900 3974 1048 4035 edocens.
1072 3992 1088 4029 n

171 4102 176 4112 ,
252 4070 286 4134 lu
308 4073 357 4136 bis
378 4072 469 4137 dictis
492 4075 662 4156 (quamvis
686 4094 798 4138 sensus
829 4076 932 4137 miuus
960 4073 1049 4138 clare
1079 4084 1208 4151 pateat,
1235 4077 1282 4137 uti

158 4177 193 4239 in
219 4174 303 4237 netis
325 4174 508 4251 indicarunt
530 4173 694 4255 editores]
720 4176 907 4257 anonymus
931 4178 1056 4256 putarit
1078 4176 1201 4243 Callisti
1224 4179 1282 4238 iur-
