2886 4784
148 487 290 547 cnpans‚
313 469 345 531 io
365 475 552 531 sanctorum
575 465 709 529 Petrum
732 464 818 529 lllbo
850 468 1006 532 inscribit.
1030 470 1156 535 Auctor
1176 369 1266 534 Lilt5rl

147 568 413 633 Proedestinotus
436 569 535 645 paulo
558 575 628 646 post
651 567 854 630 Anastnslum
880 568 996 649 Papam
1030 574 1060 632 in
1093 572 1267 635 Occidente

147 671 276 743 vivens,
294 679 325 732 et
346 669 526 730 haereticos
549 685 729 727 memorans
752 668 791 726 ab
813 667 924 730 eodem
942 672 1121 748 damnatos,
1139 691 1201 735 non
1215 692 1267 735 so·

145 772 221 835 lunt
244 770 393 849 Origenis
415 787 530 829 nornen
551 769 647 838 silet,
671 768 756 846 qttod
782 787 843 829 non
866 782 936 833 erat
957 773 1141 842 silentum,
1164 776 1189 835 si
1213 776 1266 836 dc·

144 882 241 936 creto
262 871 398 933 solemni
422 870 550 948 abipso
575 867 658 944 Papa
683 868 791 929 luisset
816 870 997 943 damnatus,
1021 874 1075 934 sed
1099 883 1131 935 et
1153 875 1263 937 catho-

145 972 252 1035 licum
276 972 369 1033 illurn
392 968 493 1040 ttett,
514 969 651 1031 subdens
673 969 743 1049 eins
765 969 866 1032 libros
900 974 941 1033 ab
973 976 1142 1037 haereticis
1165 976 1266 1039 luisse

149 1075 298 1138 vitiatos.

231 1171 380 1234 Socrates
401 1181 432 1234 et
446 1169 647 1233 Sozotuenus
668 1171 770 1233 seduli
791 1170 950 1235 Historiae
973 1184 1174 1238 scrutatores
1200 1192 1265 1237 ma·

147 1277 239 1341 xime
263 1274 363 1337 relate
384 1273 422 1332 ad
447 1273 528 1333 hanc
550 1274 792 1349 quaestionem,
823 1277 943 1351 qnippe
967 1283 1042 1338 tnnc
1067 1279 1208 1336 viventes
1230 1285 1262 1336 et

146 1395 225 1440 cunt
248 1375 287 1435 iis
310 1373 439 1445 versati,
456 1374 511 1450 qui
535 1373 572 1431 tle
596 1374 655 1434 hac
678 1390 712 1432 ro
735 1373 953 1450 disputarunt,
971 1393 1029 1436 nec
1044 1374 1215 1453 Origenero
1232 1376 1264 1437 in
1360 1452 1362 1457 ³

145 1474 280 1558 synodo
306 1471 445 1534 Rotnana
469 1473 529 1534 sub
548 1472 714 1533 tlttastasio
738 1472 821 1550 Papa
844 1476 1151 1537 anathematizatum
1175 1464 1263 1537 ‹line-

147 1594 211 1650 re,
234 1591 294 1636 nec
316 1575 488 1634 monachos
518 1591 577 1634 nec
604 1581 730 1634 ceteros
751 1574 839 1635 illius
869 1575 1063 1638 defensores.
1098 1576 1164 1639 Nec
1193 1595 1268 1655 por·

145 1693 188 1739 ro
212 1675 369 1738 ullimotle
391 1675 541 1735 audiendi
563 1682 650 1743 sunt,
673 1675 728 1751 qui
752 1677 923 1752 utriusque
945 1677 1087 1738 historici
1110 1679 1261 1739 detraxe·

146 1785 229 1839 rurrt
251 1776 461 1846 auctoritati,
484 1774 570 1854 «pund
595 1783 819 1850 praesumptae
842 1776 966 1837 haeresi
990 1779 1261 1854 patrocinaretur.

146 1875 212 1941 Cui
237 1893 336 1936 vanae
358 1876 498 1953 opinioni
521 1892 583 1935 non
606 1875 662 1934 nisi
686 1875 805 1936 incauti
832 1875 1077 1954 obsequentum
1107 1895 1180 1938 cunr
1211 1895 1264 1939 ne·

144 1976 270 2040 mine'm
291 1975 391 2037 lateat
413 1993 509 2053 quam
533 1974 598 2035 ino
620 1974 793 2053 scriptores
817 1974 1154 2051 profiterenturltdem
1172 1995 1264 2054 prae·

143 2079 264 2142 sertim
296 2074 334 2137 tle
364 2076 490 2136 divinae
520 2072 684 2136 Trinitatis
716 2073 895 2154 Mysterio:
922 2084 955 2136 et
981 2093 1066 2154 quae
1097 2085 1129 2137 et
1159 2077 1280 2155 qualis,

144 2177 284 2256 Origeni
306 2185 339 2237 et
359 2176 540 2253 origenistis
562 2177 776 2253 praesumptis
798 2175 967 2236 haereticis
995 2176 1190 2239 inscribatur
1210 2195 1263 2238 er·

144 2296 266 2342 rorum
289 2276 573 2340 innumerabilium
596 2277 710 2353 copias
735 2275 773 2335 tle
795 2293 860 2354 quo
883 2275 968 2335 alibi.

231 2375 419 2440 Vincentius
440 2378 611 2449 lirinensis,
628 2377 683 2454 qui
705 2379 833 2454 scripsit
853 2377 938 2438 circa
954 2375 1072 2458 Synodi
1093 2378 1264 2453 ephesinae

144 2485 310 2551 aetatem,
333 2480 411 2540 alias
433 2477 607 2557 Origenem
630 2477 759 2540 extollit
781 2479 826 2539 nti
853 2477 1014 2541 Ecclesiae
1037 2478 1210 2541 Ductorem
1233 2487 1266 2542 et

145 2581 347 2658 Prophetam
360 2599 371 2655 ;
394 2579 473 2642 alias
496 2589 658 2638 errantem
683 2588 796 2657 vocat3
821 2587 852 2640 ot
873 2579 953 2640 alias
975 2581 1090 2658 inquit,
1108 2581 1262 2642 traditum

142 2700 218 2745 esse
239 2680 386 2757 Origcnis
409 2679 509 2739 libros
533 2678 629 2739 luisse
652 2679 806 2740 salsatos:
830 2681 917 2756 quod
948 2681 1014 2758 ipse
1047 2681 1124 2741 dicit
1144 2701 1185 2742 ex
1208 2698 1260 2743 ca·

144 2780 349 2845 tholicorum
372 2789 404 2840 et
427 2780 665 2840 haereticorum
688 2797 820 2857 quoque
845 2779 1035 2841 testimonio.
1054 2777 1144 2842 Unde
1167 2781 1267 2857 probe

142 2883 282 2944 eruitur
303 2879 467 2958 quomodo
489 2878 714 2953 exponendum
737 2878 1035 2956 stephanumque
1056 2881 1133 2941 velis
1155 2881 1266 2941 (lecre-

145 2995 221 3046 tnm
246 2981 403 3043 adversus
424 2980 591 3050 errandum,
614 2981 694 3040 adeo
718 2989 753 3041 ut
775 2981 858 3041 inter
885 2982 996 3040 ‹loctos
1025 2980 1128 3041 libere
1156 2981 1267 3056 dispu-

143 3093 221 3148 tare
243 3082 339 3143 liceat
360 3082 399 3142 de
425 3080 514 3142 illius
535 3081 679 3141 ‹toctrtna
703 3083 733 3141 in
755 3083 820 3142 suis
851 3082 940 3141 libris
972 3090 1143 3159 congesta3
1179 3098 1263 3157 qnae

144 3183 300 3260 alioquin
322 3199 384 3242 non
407 3180 464 3240 nisi
487 3182 599 3241 critico
621 3180 727 3241 studio
749 3181 830 3242 solvi
855 3181 1010 3256 potuisset
1025 3197 1083 3240 nec
1101 3181 1198 3256 possit
1214 3197 1266 3240 us·

142 3283 347 3366 quemodo,
370 3300 408 3343 ac
429 3282 501 3342 itleo
524 3282 642 3341 criticis
665 3280 868 3341 remittenda.
895 3279 1000 3341 Porro
1031 3279 1123 3339 valde
1154 3287 1267 3340 notan·

142 3385 229 3446 (iuro
252 3390 301 3444 est
322 3381 494 3443 Lirinensis
516 3381 679 3442 silentium
696 3382 734 3440 tle
751 3380 897 3441 absoluta
914 3379 1072 3442 Anastasli
1090 3378 1194 3456 Papae
1212 3378 1265 3440 tle·

142 3484 295 3547 linitione
304 3501 315 3560 3
339 3499 480 3561 quacum
503 3480 658 3559 Origenes
681 3481 747 3558 ipse
768 3498 841 3542 cnm
865 3481 931 3540 suis
952 3479 1043 3540 libris
1065 3488 1097 3541 et
1118 3479 1263 3541 tielense-

143 3582 242 3647 ribus
264 3583 468 3642 anathemate
490 3583 573 3642 ictus
595 3581 726 3654 dicitur,
751 3589 786 3642 ut
810 3579 879 3642 vult
900 3577 1129 3662 Hieronymus.
1146 3578 1265 3642 Conler

142 3703 174 3748 c.
199 3679 307 3746 xvtt.
334 3675 573 3744 commonitorii
593 3680 744 3740 aduersus
765 3679 915 3740 haereses.

230 3781 311 3846 ltem
333 3783 422 3844 nobis
444 3781 666 3859 suffragantur
689 3778 785 3856 huius
813 3781 926 3841 aetatis
956 3786 1027 3840 acia
1059 3777 1265 3860 synodorum

144 3884 324 3966 ephesinae
346 3892 378 3945 ct
399 3882 682 3945 chalcedonensis:
708 3879 761 3939 ubi
788 3876 897 3939 Patres
919 3879 1104 3955 congregati
1135 3877 1264 3937 decreta
1357 3874 1361 3881 '

146 3995 346 4048 renovantes
368 3994 479 4046 contra
504 3972 683 4044 haereticos
706 3982 736 4041 iu
761 3978 882 4041 Filium
902 3976 959 4040 llei
986 3979 1263 4058 blasphemantes,

148 4085 192 4148 ab
214 4082 298 4147 Ario
319 4085 501 4164 incipiendo
523 4101 626 4162 usque
648 4081 686 4144 ad
711 4081 949 4165 Eutychetern‚
972 4086 1111 4141 attamen
1133 4077 1172 4138 (le
1192 4075 1266 4139 Orl-

146 4203 258 4266 genc,
281 4203 381 4266 quem
402 4183 620 4266 Hieronymus
643 4182 712 4246 Arii
736 4182 924 4263 magistrum
947 4179 1045 4255 dicit,
1067 4196 1107 4241 ne
1130 4177 1265 4241 verbum
