2886 4784
1222 306 1413 414 rnr'

169 437 395 526 insonandum
416 447 449 507 et
468 441 680 507 deliramenta
702 441 906 523 procedens,
929 443 1143 509 christianum
1166 445 1282 527 dogma

168 546 285 610 ludum
307 553 339 609 et
357 546 469 628 jocum
492 545 840 624 lecerit,-nequaquam
863 546 988 608 divinae
1010 546 1176 612 doctrinae
1199 552 1284 614 reri·

169 655 236 712 tate
258 656 352 712 utens
372 647 426 710 sed
450 647 611 710 hnrnanoe
633 648 746 709 mentis
768 649 926 710 arbitrio:
950 655 982 711 et
1006 649 1037 711 iu
1059 656 1200 727 tantam,
1222 653 1284 714 sei·

167 764 227 830 pso
248 751 425 829 magistro,
439 751 652 820 intumescens
667 749 863 828 snperbiam,
880 758 917 813 nt
939 767 1001 812 noo
1024 751 1209 815 imitaretur
1223 752 1284 816 hu·

166 852 339 917 militatem
363 850 456 915 Pauli
477 859 539 914 etc.
562 870 580 908 n
604 849 683 914 ltem
705 871 729 914 s.
754 850 972 935 Hieronymus
993 854 1025 915 in
1057 852 1155 916 Libro
1179 852 1204 915 1.
1227 854 1283 916 ad·

164 973 283 1017 versus
303 952 469 1016 lluffioorn
491 971 523 1015 n.
546 950 596 1018 ts.
620 961 723 1015 totum
746 955 790 1015 ait
811 955 923 1016 orbern
946 961 1019 1016 ante
1040 955 1121 1017 illud
1151 962 1280 1035 tempus

164 1055 359 1136 simpliciter
379 1053 553 1134 Origenem
575 1055 752 1133 lectitasse,
768 1074 827 1118 nee
847 1075 977 1120 errores
999 1058 1281 1136 comprehendisse

163 1159 233 1221 luis
255 1158 391 1218 insertos
413 1155 516 1219 libris.
627 1172 629 1177 '

250 1254 344 1336 Rogo
370 1259 480 1337 itaque
502 1256 681 1336 prudentes
703 1259 791 1320 viros
812 1277 829 1320 a
853 1259 1062 1341 praejudiciis
1091 1266 1280 1336 exemptos,

162 1365 200 1421 et
220 1375 318 1420 sanae
340 1359 471 1421 criticae
493 1359 650 1434 cultores,
670 1358 797 1420 collatis
810 1359 849 1420 de
863 1357 1003 1437 Origene
1024 1360 1116 1422 dictis
1133 1359 1279 1433 Patrnm,

164 1461 222 1540 uui
239 1457 423 1539 Theophilo
439 1467 686 1538 praecesserunt
703 1460 828 1538 iugenio
845 1469 1043 1538 praestantes
1058 1470 1155 1540 etque
1169 1462 1200 1521 iu
1214 1469 1282 1523 stu·

164 1553 221 1622 dio
242 1576 412 1622 sacrarum
434 1557 679 1639 Scripturarnm
703 1559 911 1637 excellentes,
927 1570 959 1622 et
974 1561 1140 1624 doctrinae
1153 1570 1282 1641 aposto·

165 1660 253 1724 linae
273 1662 425 1725 custodes
446 1668 478 1723 et
499 1661 609 1724 eximii
632 1662 826 1740 interpretes
838 1682 850 1742 3
873 1671 905 1724 et
925 1681 1066 1742 quorum
1088 1664 1207 1741 scripta
1224 1664 1283 1726 bu·

164 1776 294 1840 rusque
315 1768 455 1834 manent,
479 1760 593 1839 integri
615 1779 694 1822 snae
716 1762 880 1840 religionis
903 1769 1020 1825 testes:
1044 1781 1123 1842 rogo
1145 1781 1213 1836 eos,
1234 1764 1282 1824 in·

162 1880 283 1945 quarn,
306 1877 384 1925 num
407 1862 477 1924 fieri
497 1863 666 1942 potnerit,
690 1870 726 1924 nt
747 1881 788 1925 ex
811 1862 964 1941 praelatis
986 1882 1089 1942 nsque
1111 1863 1150 1926 ad
1173 1862 1279 1928 Theo·

160 1964 244 2044 phili
265 1943 427 2040 aetatem,
459 1981 553 2025 nemo
575 1967 752 2027 contrairet
779 1973 842 2025 tam
869 1964 1017 2026 absurdis
1042 1963 1190 2044 Origenis
1223 1965 1280 2029 do·

159 2064 295 2130 earinis:
318 2073 351 2128 et
372 2065 451 2129 hino
465 2065 573 2127 solnm
595 2066 820 2142 reperirentur
841 2063 1044 2144 Theophilus
1065 2074 1097 2130 et
1118 2065 1279 2147 Hierony·

159 2184 246 2242 nnus,
262 2167 320 2248 qni
341 2184 395 2230 eas
417 2169 601 2231 revelarent
621 2174 654 2229 et
674 2167 891 2229 confutarent.
910 2167 987 2230 lllos
1003 2169 1116 2247 utique
1137 2167 1279 2247 compel-

158 2269 413 2334 lomenroratos
434 2287 492 2333 nee
513 2287 650 2332 numero
679 2288 737 2331 nec
766 2271 961 2332 auctoritate
990 2269 1133 2334 modicos
1161 2268 1275 2332 Eccle-

157 2373 226 2436 siae
256 2371 439 2436 Doctoresa
471 2390 615 2452 quorum
643 2371 754 2434 nnllus
785 2374 893 2452 arguit
923 2372 1069 2453 ejusdem
1098 2373 1276 2436 doctrinam

157 2475 356 2538 haereticam
379 2474 572 2553 etimpiam.
912 2488 916 2497 ·

238 2571 402 2650 Fortasse,
424 2573 699 2654 quemadmodum
721 2576 999 2654 nuperdicebam,
1014 2575 1189 2658 Dionysius
1209 2575 1275 2638 ale·

157 2675 352 2752 rendrinns,
375 2672 588 2755 Pamphilus,
612 2673 795 2752 Eusebius,
818 2676 1037 2751 Athanasius,
1060 2677 1275 2752 Ambrosius,

156 2772 342 2856 Gregorius
354 2778 582 2853 nazianzenus,
597 2775 861 2860 chrysostomos,
878 2777 1067 2843 Theotimus
1084 2780 1218 2859 aliique,
1233 2778 1272 2840 ad

155 2894 308 2958 quornm.
323 2896 438 2941 manns
459 2877 608 2959 Origenis
631 2879 750 2958 scripta
773 2880 864 2941 etad
888 2898 1033 2960 quorum
1060 2898 1159 2944 aures
1182 2881 1275 2943 firma

155 2992 280 3060 proco
302 2979 433 3043 traditio
455 2988 691 3059 pervenerant,
714 2982 887 3044 inconsulti
910 2989 969 3044 aut
990 2982 1086 3044 nescii
1108 2999 1275 3044 assevera-

154 3086 239 3144 runt
265 3080 360 3144 illum
389 3081 420 3142 iu
450 3080 595 3144 Ecclesia
626 3082 793 3147 Catholica
822 3085 961 3158 obiisse,
990 3101 1029 3144 ac
1058 3083 1137 3144 nihil
1169 3083 1274 3144 malae

153 3181 326 3246 doctrinae
347 3185 485 3262 reperiri
507 3184 650 3246 inlibris
672 3186 762 3262 sois3
795 3186 875 3245 adeo
906 3192 944 3246 ut
977 3191 1049 3262 post
1078 3189 1207 3245 centum
1241 3192 1274 3245 et
1359 3192 1366 3269 ’1

152 3284 390 3365 qninquaginta
411 3301 532 3360 annos,
555 3285 755 3364 Theophilus
778 3289 902 3363 primus
932 3304 972 3348 ex
1005 3285 1125 3348 eisdem
1149 3285 1274 3346 eruerit

151 3383 337 3467 hujusmodi
349 3384 476 3468 soboles
497 3396 525 3449 et
544 3387 752 3450 deliramenta
765 3385 840 3450 PEt
851 3387 929 3467 quid
947 3386 1010 3449 hoc
1023 3386 1082 3448 sibi
1100 3385 1191 3458 solt,
1208 3386 1269 3448 nisi

150 3486 243 3565 quod
265 3504 456 3565 persuasum
477 3489 523 3551 eis
546 3488 629 3564 luit,
651 3508 710 3552 nec
731 3488 904 3567 Origenem
936 3506 1087 3562 errasse,
1109 3504 1216 3566 neqne
1237 3485 1268 3546 in

150 3589 220 3652 onis
240 3589 370 3668 scriptis
391 3590 536 3668 geuninls
557 3591 753 3668 congessisse
774 3590 866 3652 istius
888 3591 1014 3668 generis
1035 3588 1267 3651 deliramentaa

151 3706 239 3770 qnae
260 3690 391 3768 quidem
421 3697 469 3752 tot
489 3699 521 3753 et
543 3697 647 3753 tanlos
677 3689 841 3752 Ecclesiae
871 3688 1028 3752 Doctores
1057 3689 1144 3750 hand
1178 3697 1266 3767 pote·

150 3797 226 3856 rent
247 3791 425 3872 aliquando
448 3792 564 3855 latere.
597 3792 773 3871 Propterea
801 3792 953 3854 lubenter
981 3789 1163 3869 Theophilo
1192 3807 1268 3852 con·

151 3893 260 3967 renio,
283 3892 414 3971 qnando
436 3895 504 3973 ipse
524 3894 565 3955 de
585 3912 619 3956 se
641 3893 730 3969 dicit,
751 3911 897 3972 eousque
918 3893 1083 3971 ignorasse
1103 3890 1268 3970 quomodo

152 3999 218 4058 tarn
239 3993 321 4057 lalsa
346 3993 496 4074 dogmata
526 3994 685 4073 Origenes
714 4012 909 4072 expromere
941 3990 1072 4072 potuitr
1106 4001 1138 4055 et
1166 4011 1269 4072 quare

151 4091 372 4180 llleronpmns
394 4095 510 4159 subdat
531 4114 677 4176 eousque
698 4096 762 4176 legi
784 4096 884 4177 ipsius
909 4095 1035 4172 libros,
1060 4098 1140 4175 quin
1161 4095 1271 4174 digno·

147 4202 318 4264 terrentur
338 4214 477 4262 errores,
500 4195 621 4262 Tamen
643 4215 706 4263 nou
728 4198 918 4267 conveniam
939 4214 998 4261 nec
1019 4214 1163 4278 unquam
1191 4205 1267 4259 con·-
