<?xml version="1.0" encoding="UTF-8"?>
<!DOCTYPE html PUBLIC "-//W3C//DTD XHTML 1.0 Transitional//EN"
    "http://www.w3.org/TR/xhtml1/DTD/xhtml1-transitional.dtd">
<html xmlns="http://www.w3.org/1999/xhtml" xml:lang="en" lang="en">
 <head>
  <title>
</title>
<meta http-equiv="Content-Type" content="text/html;charset=utf-8" />
  <meta name='ocr-system' content='tesseract 3.04.00' />
  <meta name='ocr-capabilities' content='ocr_page ocr_carea ocr_par ocr_line ocrx_word'/>
</head>
<body>
  <div class='ocr_page' id='page_1' title='image "./insgregoriinyss00vincgoog/insgregoriinyss00vincgoog_0049.png"; bbox 0 0 2886 4784; ppageno 0'>
   <div class='ocr_carea' id='block_1_1' title="bbox 226 429 1437 4282">
    <p class='ocr_par' dir='ltr' id='par_1_1' title="bbox 226 429 1360 2852">
     <span class='ocr_line' id='line_1_1' title="bbox 226 429 1354 514; baseline -0.001 -16"><span class='ocrx_word' id='word_1_1' title='bbox 226 437 342 498; x_wconf 78' lang='lat' dir='ltr'><strong><em>calcem</em></strong></span> <span class='ocrx_word' id='word_1_2' title='bbox 364 436 442 514; x_wconf 74' lang='lat' dir='ltr'><strong>ejus.</strong></span> <span class='ocrx_word' id='word_1_3' title='bbox 465 434 517 499; x_wconf 85' lang='lat' dir='ltr'><strong>Sic</strong></span> <span class='ocrx_word' id='word_1_4' title='bbox 539 433 623 494; x_wconf 86' lang='lat' dir='ltr'><strong>euim</strong></span> <span class='ocrx_word' id='word_1_5' title='bbox 647 433 689 495; x_wconf 87' lang='lat' dir='ltr'><strong>ait</strong></span> <span class='ocrx_word' id='word_1_6' title='bbox 713 433 855 494; x_wconf 73' lang='lat' dir='ltr'><strong>dratust</strong></span> <span class='ocrx_word' id='word_1_7' title='bbox 879 429 985 492; x_wconf 78' lang='lat' dir='ltr'><strong>dextri</strong></span> <span class='ocrx_word' id='word_1_8' title='bbox 1005 432 1094 509; x_wconf 80' lang='lat' dir='ltr'><strong>prdie</strong></span> <span class='ocrx_word' id='word_1_9' title='bbox 1111 429 1278 513; x_wconf 68' lang='lat' dir='ltr'><strong>vestigium</strong></span> <span class='ocrx_word' id='word_1_10' title='bbox 1292 433 1354 497; x_wconf 81' lang='lat' dir='ltr'><strong>lea·</strong></span> 
     </span>
     <span class='ocr_line' id='line_1_2' title="bbox 228 532 1347 613; baseline -0.004 -11"><span class='ocrx_word' id='word_1_11' title='bbox 228 541 300 602; x_wconf 74' lang='lat' dir='ltr'><strong>loeas</strong></span> <span class='ocrx_word' id='word_1_12' title='bbox 322 535 455 600; x_wconf 77' lang='lat' dir='ltr'><strong>tortuosi</strong></span> <span class='ocrx_word' id='word_1_13' title='bbox 474 535 632 613; x_wconf 76' lang='lat' dir='ltr'><strong>droconis.</strong></span> <span class='ocrx_word' id='word_1_14' title='bbox 658 554 674 590; x_wconf 85' lang='lat' dir='ltr'><strong>u</strong></span> <span class='ocrx_word' id='word_1_15' title='bbox 700 534 778 596; x_wconf 91' lang='lat' dir='ltr'><strong>item</strong></span> <span class='ocrx_word' id='word_1_16' title='bbox 802 535 899 612; x_wconf 90' lang='lat' dir='ltr'><strong>paulo</strong></span> <span class='ocrx_word' id='word_1_17' title='bbox 926 543 1017 611; x_wconf 78' lang='lat' dir='ltr'><strong>posta</strong></span> <span class='ocrx_word' id='word_1_18' title='bbox 1042 555 1059 593; x_wconf 82' lang='lat' dir='ltr'><strong>e</strong></span> <span class='ocrx_word' id='word_1_19' title='bbox 1081 532 1179 598; x_wconf 82' lang='lat' dir='ltr'>Ursas</span> <span class='ocrx_word' id='word_1_20' title='bbox 1211 543 1347 612; x_wconf 91' lang='lat' dir='ltr'><strong>aulem,</strong></span> 
     </span>
     <span class='ocr_line' id='line_1_3' title="bbox 231 637 1352 715; baseline 0 -13"><span class='ocrx_word' id='word_1_21' title='bbox 231 643 288 715; x_wconf 86' lang='lat' dir='ltr'><strong>ait,</strong></span> <span class='ocrx_word' id='word_1_22' title='bbox 310 639 527 702; x_wconf 79' lang='lat' dir='ltr'>hebdomadas</span> <span class='ocrx_word' id='word_1_23' title='bbox 545 657 611 700; x_wconf 85' lang='lat' dir='ltr'><strong>esse</strong></span> <span class='ocrx_word' id='word_1_24' title='bbox 627 637 720 711; x_wconf 89' lang='lat' dir='ltr'><strong>duas,</strong></span> <span class='ocrx_word' id='word_1_25' title='bbox 737 655 777 698; x_wconf 78' lang='lat' dir='ltr'><strong>es</strong></span> <span class='ocrx_word' id='word_1_26' title='bbox 793 647 914 712; x_wconf 86' lang='lat' dir='ltr'><strong>septem</strong></span> <span class='ocrx_word' id='word_1_27' title='bbox 931 640 1024 699; x_wconf 88' lang='lat' dir='ltr'><strong>astris</strong></span> <span class='ocrx_word' id='word_1_28' title='bbox 1040 646 1219 702; x_wconf 69' lang='lat' dir='ltr'><strong>constantes</strong></span> <span class='ocrx_word' id='word_1_29' title='bbox 1241 648 1273 701; x_wconf 87' lang='lat' dir='ltr'><strong>et</strong></span> <span class='ocrx_word' id='word_1_30' title='bbox 1288 639 1352 702; x_wconf 90' lang='lat' dir='ltr'><strong>dn·</strong></span> 
     </span>
     <span class='ocr_line' id='line_1_4' title="bbox 235 738 1356 820; baseline -0.001 -16"><span class='ocrx_word' id='word_1_31' title='bbox 235 744 327 820; x_wconf 90' lang='lat' dir='ltr'><strong>plicis</strong></span> <span class='ocrx_word' id='word_1_32' title='bbox 349 741 527 805; x_wconf 75' lang='lat' dir='ltr'><strong>creationis,</strong></span> <span class='ocrx_word' id='word_1_33' title='bbox 542 741 704 818; x_wconf 81' lang='lat' dir='ltr'><strong>imagines.</strong></span> <span class='ocrx_word' id='word_1_34' title='bbox 731 738 875 800; x_wconf 82' lang='lat' dir='ltr'><strong>Priorem</strong></span> <span class='ocrx_word' id='word_1_35' title='bbox 898 741 982 800; x_wconf 85' lang='lat' dir='ltr'><strong>enim</strong></span> <span class='ocrx_word' id='word_1_36' title='bbox 1004 741 1201 802; x_wconf 71' lang='lat' dir='ltr'>creationem</span> <span class='ocrx_word' id='word_1_37' title='bbox 1223 742 1267 802; x_wconf 87' lang='lat' dir='ltr'><strong>ait</strong></span> <span class='ocrx_word' id='word_1_38' title='bbox 1282 758 1356 803; x_wconf 85' lang='lat' dir='ltr'><strong>esse</strong></span> 
     </span>
     <span class='ocr_line' id='line_1_5' title="bbox 232 839 1352 921; baseline -0.001 -16"><span class='ocrx_word' id='word_1_39' title='bbox 232 845 411 906; x_wconf 88' lang='lat' dir='ltr'><strong>secuudum</strong></span> <span class='ocrx_word' id='word_1_40' title='bbox 435 843 537 904; x_wconf 83' lang='lat' dir='ltr'><strong>Adam</strong></span> <span class='ocrx_word' id='word_1_41' title='bbox 559 842 722 904; x_wconf 88' lang='lat' dir='ltr'><strong>aerumnis</strong></span> <span class='ocrx_word' id='word_1_42' title='bbox 743 839 912 914; x_wconf 85' lang='lat' dir='ltr'><strong>afflictum,</strong></span> <span class='ocrx_word' id='word_1_43' title='bbox 930 841 986 921; x_wconf 86' lang='lat' dir='ltr'><strong>qui</strong></span> <span class='ocrx_word' id='word_1_44' title='bbox 1007 839 1043 902; x_wconf 83' lang='lat' dir='ltr'><strong>ia</strong></span> <span class='ocrx_word' id='word_1_45' title='bbox 1072 839 1203 921; x_wconf 69' lang='lat' dir='ltr'><strong>pentem</strong></span> <span class='ocrx_word' id='word_1_46' title='bbox 1224 843 1352 921; x_wconf 84' lang='lat' dir='ltr'><strong>conspi-</strong></span> 
     </span>
     <span class='ocr_line' id='line_1_6' title="bbox 236 941 1356 1025; baseline -0.001 -17"><span class='ocrx_word' id='word_1_47' title='bbox 236 950 324 1009; x_wconf 82' lang='lat' dir='ltr'><strong>citur</strong></span> <span class='ocrx_word' id='word_1_48' title='bbox 338 968 349 1024; x_wconf 73' lang='lat'>3</span> <span class='ocrx_word' id='word_1_49' title='bbox 374 947 586 1025; x_wconf 70' lang='lat' dir='ltr'><strong>posteriorem</strong></span> <span class='ocrx_word' id='word_1_50' title='bbox 609 962 677 1006; x_wconf 86' lang='lat' dir='ltr'><strong>esse</strong></span> <span class='ocrx_word' id='word_1_51' title='bbox 698 944 876 1006; x_wconf 87' lang='lat' dir='ltr'><strong>secundnm</strong></span> <span class='ocrx_word' id='word_1_52' title='bbox 899 941 1077 1019; x_wconf 84' lang='lat' dir='ltr'><strong>Christum,</strong></span> <span class='ocrx_word' id='word_1_53' title='bbox 1101 963 1275 1024; x_wconf 86' lang='lat' dir='ltr'><strong>perquem</strong></span> <span class='ocrx_word' id='word_1_54' title='bbox 1307 946 1356 1007; x_wconf 86' lang='lat' dir='ltr'><strong>ni·</strong></span> 
     </span>
     <span class='ocr_line' id='line_1_7' title="bbox 235 1044 1351 1124; baseline 0 -16"><span class='ocrx_word' id='word_1_55' title='bbox 235 1059 298 1110; x_wconf 87' lang='lat' dir='ltr'><strong>tem</strong></span> <span class='ocrx_word' id='word_1_56' title='bbox 321 1066 438 1115; x_wconf 86' lang='lat' dir='ltr'><strong>novam</strong></span> <span class='ocrx_word' id='word_1_57' title='bbox 460 1046 654 1123; x_wconf 88' lang='lat' dir='ltr'><strong>accipimus:</strong></span> <span class='ocrx_word' id='word_1_58' title='bbox 679 1063 762 1122; x_wconf 85' lang='lat' dir='ltr'><strong>qnae</strong></span> <span class='ocrx_word' id='word_1_59' title='bbox 790 1044 919 1123; x_wconf 87' lang='lat' dir='ltr'><strong>quidem</strong></span> <span class='ocrx_word' id='word_1_60' title='bbox 950 1053 998 1110; x_wconf 85' lang='lat' dir='ltr'><strong>est</strong></span> <span class='ocrx_word' id='word_1_61' title='bbox 1028 1044 1268 1124; x_wconf 72' lang='lat' dir='ltr'><strong>Anguitenens,</strong></span> <span class='ocrx_word' id='word_1_62' title='bbox 1290 1048 1351 1124; x_wconf 83' lang='lat' dir='ltr'><strong>qui</strong></span> 
     </span>
     <span class='ocr_line' id='line_1_8' title="bbox 233 1146 1354 1225; baseline -0.002 -13"><span class='ocrx_word' id='word_1_63' title='bbox 233 1151 359 1212; x_wconf 86' lang='lat' dir='ltr'><strong>obsistit</strong></span> <span class='ocrx_word' id='word_1_64' title='bbox 382 1149 523 1222; x_wconf 89' lang='lat' dir='ltr'><strong>bellnae,</strong></span> <span class='ocrx_word' id='word_1_65' title='bbox 546 1157 578 1209; x_wconf 91' lang='lat' dir='ltr'><strong>et</strong></span> <span class='ocrx_word' id='word_1_66' title='bbox 600 1147 772 1225; x_wconf 88' lang='lat' dir='ltr'><strong>prohihet,</strong></span> <span class='ocrx_word' id='word_1_67' title='bbox 795 1147 967 1224; x_wconf 81' lang='lat' dir='ltr'><strong>quominus</strong></span> <span class='ocrx_word' id='word_1_68' title='bbox 990 1146 1028 1205; x_wconf 89' lang='lat' dir='ltr'><strong>ed</strong></span> <span class='ocrx_word' id='word_1_69' title='bbox 1052 1164 1205 1208; x_wconf 90' lang='lat' dir='ltr'><strong>eoronam</strong></span> <span class='ocrx_word' id='word_1_70' title='bbox 1228 1147 1354 1210; x_wconf 88' lang='lat' dir='ltr'><strong>homini</strong></span> 
     </span>
     <span class='ocr_line' id='line_1_9' title="bbox 235 1246 1351 1330; baseline -0.002 -18"><span class='ocrx_word' id='word_1_71' title='bbox 235 1258 460 1330; x_wconf 88' lang='lat' dir='ltr'><strong>praeparatam</strong></span> <span class='ocrx_word' id='word_1_72' title='bbox 483 1249 643 1310; x_wconf 88' lang='lat' dir='ltr'><strong>adveniat.</strong></span> <span class='ocrx_word' id='word_1_73' title='bbox 676 1246 790 1310; x_wconf 88' lang='lat' dir='ltr'><strong>Helice</strong></span> <span class='ocrx_word' id='word_1_74' title='bbox 812 1255 941 1319; x_wconf 88' lang='lat' dir='ltr'><strong>eutem,</strong></span> <span class='ocrx_word' id='word_1_75' title='bbox 965 1249 1032 1321; x_wconf 93' lang='lat' dir='ltr'><strong>ait,</strong></span> <span class='ocrx_word' id='word_1_76' title='bbox 1055 1257 1103 1310; x_wconf 92' lang='lat' dir='ltr'><strong>est</strong></span> <span class='ocrx_word' id='word_1_77' title='bbox 1125 1267 1236 1329; x_wconf 88' lang='lat' dir='ltr'><strong>magne</strong></span> <span class='ocrx_word' id='word_1_78' title='bbox 1269 1246 1351 1313; x_wconf 88' lang='lat' dir='ltr'><strong>Ursa</strong></span> 
     </span>
     <span class='ocr_line' id='line_1_10' title="bbox 234 1346 1354 1431; baseline 0.001 -19"><span class='ocrx_word' id='word_1_79' title='bbox 234 1367 367 1430; x_wconf 87' lang='lat' dir='ltr'><strong>magnae</strong></span> <span class='ocrx_word' id='word_1_80' title='bbox 388 1350 563 1412; x_wconf 81' lang='lat' dir='ltr'><strong>creationis</strong></span> <span class='ocrx_word' id='word_1_81' title='bbox 584 1348 769 1431; x_wconf 83' lang='lat' dir='ltr'><strong>symbolum</strong></span> <span class='ocrx_word' id='word_1_82' title='bbox 795 1393 802 1408; x_wconf 93' lang='lat'><strong><em>.</em></strong></span> <span class='ocrx_word' id='word_1_83' title='bbox 826 1391 834 1408; x_wconf 88' lang='lat'><strong>.</strong></span> <span class='ocrx_word' id='word_1_84' title='bbox 858 1393 865 1407; x_wconf 91' lang='lat'><strong>.</strong></span> <span class='ocrx_word' id='word_1_85' title='bbox 890 1391 897 1408; x_wconf 92' lang='lat'>.</span> <span class='ocrx_word' id='word_1_86' title='bbox 920 1346 1036 1411; x_wconf 84' lang='lat' dir='ltr'><strong>Helico</strong></span> <span class='ocrx_word' id='word_1_87' title='bbox 1057 1361 1165 1412; x_wconf 89' lang='lat' dir='ltr'><strong>autem</strong></span> <span class='ocrx_word' id='word_1_88' title='bbox 1184 1369 1249 1412; x_wconf 84' lang='lat' dir='ltr'><strong>vox</strong></span> <span class='ocrx_word' id='word_1_89' title='bbox 1268 1349 1354 1414; x_wconf 90' lang='lat' dir='ltr'><strong>idem</strong></span> 
     </span>
     <span class='ocr_line' id='line_1_11' title="bbox 233 1446 1357 1530; baseline 0.002 -17"><span class='ocrx_word' id='word_1_90' title='bbox 233 1451 416 1530; x_wconf 82' lang='lat' dir='ltr'><strong>significare</strong></span> <span class='ocrx_word' id='word_1_91' title='bbox 441 1451 570 1512; x_wconf 86' lang='lat' dir='ltr'><strong>videtur</strong></span> <span class='ocrx_word' id='word_1_92' title='bbox 599 1468 636 1512; x_wconf 90' lang='lat' dir='ltr'><strong>ac</strong></span> <span class='ocrx_word' id='word_1_93' title='bbox 666 1446 767 1510; x_wconf 83' lang='lat' dir='ltr'><strong>acreio</strong></span> <span class='ocrx_word' id='word_1_94' title='bbox 789 1458 820 1510; x_wconf 95' lang='lat' dir='ltr'><strong>et</strong></span> <span class='ocrx_word' id='word_1_95' title='bbox 841 1447 1006 1511; x_wconf 81' lang='lat' dir='ltr'><strong>revolutio.</strong></span> <span class='ocrx_word' id='word_1_96' title='bbox 1031 1448 1134 1512; x_wconf 87' lang='lat' dir='ltr'><strong>Parva</strong></span> <span class='ocrx_word' id='word_1_97' title='bbox 1166 1461 1273 1514; x_wconf 88' lang='lat' dir='ltr'><strong>antem</strong></span> <span class='ocrx_word' id='word_1_98' title='bbox 1305 1460 1357 1516; x_wconf 86' lang='lat' dir='ltr'><strong>est</strong></span> 
     </span>
     <span class='ocr_line' id='line_1_12' title="bbox 235 1551 1352 1634; baseline 0.003 -19"><span class='ocrx_word' id='word_1_99' title='bbox 235 1556 337 1617; x_wconf 88' lang='lat' dir='ltr'><strong>altera</strong></span> <span class='ocrx_word' id='word_1_100' title='bbox 361 1551 466 1628; x_wconf 87' lang='lat' dir='ltr'><strong>Ursa,</strong></span> <span class='ocrx_word' id='word_1_101' title='bbox 489 1572 573 1633; x_wconf 87' lang='lat' dir='ltr'><strong>quae</strong></span> <span class='ocrx_word' id='word_1_102' title='bbox 597 1552 817 1615; x_wconf 87' lang='lat' dir='ltr'><strong>videturesse</strong></span> <span class='ocrx_word' id='word_1_103' title='bbox 842 1562 992 1632; x_wconf 91' lang='lat' dir='ltr'><strong>tanquam</strong></span> <span class='ocrx_word' id='word_1_104' title='bbox 1016 1552 1134 1634; x_wconf 87' lang='lat' dir='ltr'><strong>effigies</strong></span> <span class='ocrx_word' id='word_1_105' title='bbox 1160 1554 1352 1632; x_wconf 88' lang='lat' dir='ltr'><strong>posterioris</strong></span> 
     </span>
     <span class='ocr_line' id='line_1_13' title="bbox 234 1652 1356 1734; baseline 0.003 -18"><span class='ocrx_word' id='word_1_106' title='bbox 234 1657 408 1719; x_wconf 88' lang='lat' dir='ltr'><strong>creationis</strong></span> <span class='ocrx_word' id='word_1_107' title='bbox 431 1657 469 1717; x_wconf 87' lang='lat' dir='ltr'><strong>ad</strong></span> <span class='ocrx_word' id='word_1_108' title='bbox 495 1655 664 1734; x_wconf 79' lang='lat' dir='ltr'><strong>imaginem</strong></span> <span class='ocrx_word' id='word_1_109' title='bbox 688 1652 745 1715; x_wconf 87' lang='lat' dir='ltr'><strong>Dei</strong></span> <span class='ocrx_word' id='word_1_110' title='bbox 769 1652 937 1715; x_wconf 89' lang='lat' dir='ltr'><strong>lormatae.</strong></span> <span class='ocrx_word' id='word_1_111' title='bbox 961 1653 1059 1717; x_wconf 87' lang='lat' dir='ltr'><strong>Pauci</strong></span> <span class='ocrx_word' id='word_1_112' title='bbox 1082 1653 1165 1716; x_wconf 89' lang='lat' dir='ltr'><strong>euim</strong></span> <span class='ocrx_word' id='word_1_113' title='bbox 1187 1664 1275 1731; x_wconf 87' lang='lat' dir='ltr'><strong>suut,</strong></span> <span class='ocrx_word' id='word_1_114' title='bbox 1292 1657 1356 1730; x_wconf 87' lang='lat' dir='ltr'><strong>ait,</strong></span> 
     </span>
     <span class='ocr_line' id='line_1_14' title="bbox 236 1754 1356 1836; baseline 0.002 -17"><span class='ocrx_word' id='word_1_115' title='bbox 236 1759 292 1836; x_wconf 83' lang='lat' dir='ltr'><strong>qni</strong></span> <span class='ocrx_word' id='word_1_116' title='bbox 316 1776 373 1836; x_wconf 90' lang='lat' dir='ltr'><strong>per</strong></span> <span class='ocrx_word' id='word_1_117' title='bbox 395 1766 561 1836; x_wconf 89' lang='lat' dir='ltr'><strong>angustam</strong></span> <span class='ocrx_word' id='word_1_118' title='bbox 588 1758 671 1818; x_wconf 88' lang='lat' dir='ltr'><strong>viam</strong></span> <span class='ocrx_word' id='word_1_119' title='bbox 693 1754 887 1834; x_wconf 86' lang='lat' dir='ltr'><strong>gradiuntur</strong></span> <span class='ocrx_word' id='word_1_120' title='bbox 909 1763 969 1817; x_wconf 91' lang='lat' dir='ltr'><strong>ete.</strong></span> <span class='ocrx_word' id='word_1_121' title='bbox 994 1776 1010 1812; x_wconf 83' lang='lat' dir='ltr'><strong>u</strong></span> <span class='ocrx_word' id='word_1_122' title='bbox 1040 1755 1143 1820; x_wconf 88' lang='lat' dir='ltr'><strong>Simul</strong></span> <span class='ocrx_word' id='word_1_123' title='bbox 1171 1758 1356 1821; x_wconf 83' lang='lat' dir='ltr'><strong>commixtis</strong></span> 
     </span>
     <span class='ocr_line' id='line_1_15' title="bbox 238 1857 1357 1938; baseline 0.002 -18"><span class='ocrx_word' id='word_1_124' title='bbox 238 1859 329 1920; x_wconf 81' lang='lat' dir='ltr'><strong>Arati</strong></span> <span class='ocrx_word' id='word_1_125' title='bbox 352 1859 443 1920; x_wconf 90' lang='lat' dir='ltr'><strong>dictis</strong></span> <span class='ocrx_word' id='word_1_126' title='bbox 465 1861 685 1938; x_wconf 83' lang='lat' dir='ltr'><strong>gnosticorum</strong></span> <span class='ocrx_word' id='word_1_127' title='bbox 708 1857 924 1933; x_wconf 83' lang='lat' dir='ltr'><strong>opinionibus,</strong></span> <span class='ocrx_word' id='word_1_128' title='bbox 947 1866 979 1918; x_wconf 92' lang='lat' dir='ltr'><strong>et</strong></span> <span class='ocrx_word' id='word_1_129' title='bbox 1000 1858 1054 1921; x_wconf 85' lang='lat' dir='ltr'><strong>hic</strong></span> <span class='ocrx_word' id='word_1_130' title='bbox 1075 1859 1243 1932; x_wconf 89' lang='lat' dir='ltr'><strong>consertis,</strong></span> <span class='ocrx_word' id='word_1_131' title='bbox 1267 1877 1357 1936; x_wconf 86' lang='lat' dir='ltr'><strong>quae</strong></span> 
     </span>
     <span class='ocr_line' id='line_1_16' title="bbox 238 1956 1355 2038; baseline 0.002 -18"><span class='ocrx_word' id='word_1_132' title='bbox 238 1961 415 2021; x_wconf 84' lang='lat' dir='ltr'><strong>nullimode</strong></span> <span class='ocrx_word' id='word_1_133' title='bbox 436 1961 513 2022; x_wconf 91' lang='lat' dir='ltr'><strong>huic</strong></span> <span class='ocrx_word' id='word_1_134' title='bbox 535 1958 634 2022; x_wconf 87' lang='lat' dir='ltr'><strong>Libro</strong></span> <span class='ocrx_word' id='word_1_135' title='bbox 656 1958 708 2020; x_wconf 85' lang='lat' dir='ltr'><strong>lV.</strong></span> <span class='ocrx_word' id='word_1_136' title='bbox 724 1960 778 2022; x_wconf 86' lang='lat' dir='ltr'><strong>sed</strong></span> <span class='ocrx_word' id='word_1_137' title='bbox 796 1956 833 2018; x_wconf 86' lang='lat' dir='ltr'><strong>V.</strong></span> <span class='ocrx_word' id='word_1_138' title='bbox 855 1958 932 2038; x_wconf 88' lang='lat' dir='ltr'><strong>jure</strong></span> <span class='ocrx_word' id='word_1_139' title='bbox 954 1961 1120 2021; x_wconf 89' lang='lat' dir='ltr'><strong>inserenda</strong></span> <span class='ocrx_word' id='word_1_140' title='bbox 1143 1968 1245 2022; x_wconf 90' lang='lat' dir='ltr'><strong>erant.</strong></span> <span class='ocrx_word' id='word_1_141' title='bbox 1272 1959 1355 2022; x_wconf 85' lang='lat' dir='ltr'><strong>item</strong></span> 
     </span>
     <span class='ocr_line' id='line_1_17' title="bbox 235 2059 1356 2142; baseline 0.004 -21"><span class='ocrx_word' id='word_1_142' title='bbox 235 2062 437 2123; x_wconf 89' lang='lat' dir='ltr'><strong>sentiendum</strong></span> <span class='ocrx_word' id='word_1_143' title='bbox 460 2068 507 2124; x_wconf 89' lang='lat' dir='ltr'><strong>est</strong></span> <span class='ocrx_word' id='word_1_144' title='bbox 529 2062 567 2124; x_wconf 91' lang='lat' dir='ltr'><strong>de</strong></span> <span class='ocrx_word' id='word_1_145' title='bbox 590 2082 650 2137; x_wconf 90' lang='lat' dir='ltr'><strong>eo,</strong></span> <span class='ocrx_word' id='word_1_146' title='bbox 681 2060 767 2141; x_wconf 90' lang='lat' dir='ltr'><strong>quod</strong></span> <span class='ocrx_word' id='word_1_147' title='bbox 792 2060 890 2139; x_wconf 92' lang='lat' dir='ltr'><strong>paulo</strong></span> <span class='ocrx_word' id='word_1_148' title='bbox 913 2072 984 2138; x_wconf 88' lang='lat' dir='ltr'><strong>post</strong></span> <span class='ocrx_word' id='word_1_149' title='bbox 1006 2061 1036 2120; x_wconf 94' lang='lat' dir='ltr'><strong>in</strong></span> <span class='ocrx_word' id='word_1_150' title='bbox 1059 2079 1087 2122; x_wconf 90' lang='lat' dir='ltr'><strong>c.</strong></span> <span class='ocrx_word' id='word_1_151' title='bbox 1112 2059 1183 2122; x_wconf 88' lang='lat' dir='ltr'><strong>Vll.</strong></span> <span class='ocrx_word' id='word_1_152' title='bbox 1206 2061 1356 2142; x_wconf 77' lang='lat' dir='ltr'><strong>eJusdem</strong></span> 
     </span>
     <span class='ocr_line' id='line_1_18' title="bbox 237 2160 1358 2247; baseline -0.001 -21"><span class='ocrx_word' id='word_1_153' title='bbox 237 2163 324 2227; x_wconf 87' lang='lat' dir='ltr'><strong>Libri</strong></span> <span class='ocrx_word' id='word_1_154' title='bbox 351 2163 403 2225; x_wconf 90' lang='lat' dir='ltr'><strong>tv.</strong></span> <span class='ocrx_word' id='word_1_155' title='bbox 429 2164 471 2226; x_wconf 86' lang='lat' dir='ltr'><strong>De</strong></span> <span class='ocrx_word' id='word_1_156' title='bbox 491 2175 560 2228; x_wconf 87' lang='lat' dir='ltr'><strong>orte</strong></span> <span class='ocrx_word' id='word_1_157' title='bbox 581 2161 794 2237; x_wconf 84' lang='lat' dir='ltr'><strong>arithmetice,</strong></span> <span class='ocrx_word' id='word_1_158' title='bbox 817 2163 870 2225; x_wconf 90' lang='lat' dir='ltr'><strong>uhi</strong></span> <span class='ocrx_word' id='word_1_159' title='bbox 895 2161 1085 2247; x_wconf 77' lang='lat' dir='ltr'><strong>Anonymus</strong></span> <span class='ocrx_word' id='word_1_160' title='bbox 1106 2160 1266 2225; x_wconf 87' lang='lat' dir='ltr'><strong>Simonem</strong></span> <span class='ocrx_word' id='word_1_161' title='bbox 1287 2181 1358 2225; x_wconf 89' lang='lat' dir='ltr'><strong>ma·</strong></span> 
     </span>
     <span class='ocr_line' id='line_1_19' title="bbox 236 2261 1359 2348; baseline -0.002 -19"><span class='ocrx_word' id='word_1_162' title='bbox 236 2285 313 2346; x_wconf 86' lang='lat' dir='ltr'><strong>gom</strong></span> <span class='ocrx_word' id='word_1_163' title='bbox 336 2277 368 2329; x_wconf 89' lang='lat' dir='ltr'><strong>et</strong></span> <span class='ocrx_word' id='word_1_164' title='bbox 389 2265 596 2330; x_wconf 85' lang='lat' dir='ltr'><strong>Valentinum</strong></span> <span class='ocrx_word' id='word_1_165' title='bbox 619 2265 797 2329; x_wconf 86' lang='lat' dir='ltr'><strong>introducit</strong></span> <span class='ocrx_word' id='word_1_166' title='bbox 821 2261 971 2327; x_wconf 86' lang='lat' dir='ltr'><strong>docentes</strong></span> <span class='ocrx_word' id='word_1_167' title='bbox 992 2263 1168 2326; x_wconf 88' lang='lat' dir='ltr'><strong>secundnm</strong></span> <span class='ocrx_word' id='word_1_168' title='bbox 1194 2263 1359 2348; x_wconf 78' lang='lat' dir='ltr'><strong>Pythago·</strong></span> 
     </span>
     <span class='ocr_line' id='line_1_20' title="bbox 238 2365 1359 2448; baseline 0.001 -18"><span class='ocrx_word' id='word_1_169' title='bbox 238 2386 294 2431; x_wconf 90' lang='lat' dir='ltr'><strong>rae</strong></span> <span class='ocrx_word' id='word_1_170' title='bbox 324 2371 585 2448; x_wconf 82' lang='lat' dir='ltr'><strong>philosophiam,</strong></span> <span class='ocrx_word' id='word_1_171' title='bbox 611 2370 698 2432; x_wconf 87' lang='lat' dir='ltr'><strong>venis</strong></span> <span class='ocrx_word' id='word_1_172' title='bbox 727 2369 860 2430; x_wconf 89' lang='lat' dir='ltr'><strong>illorum</strong></span> <span class='ocrx_word' id='word_1_173' title='bbox 889 2366 928 2428; x_wconf 89' lang='lat' dir='ltr'><strong>de</strong></span> <span class='ocrx_word' id='word_1_174' title='bbox 956 2365 1025 2428; x_wconf 87' lang='lat' dir='ltr'><strong>Deo</strong></span> <span class='ocrx_word' id='word_1_175' title='bbox 1055 2368 1187 2429; x_wconf 88' lang='lat' dir='ltr'><strong>theoriis</strong></span> <span class='ocrx_word' id='word_1_176' title='bbox 1212 2368 1277 2431; x_wconf 83' lang='lat' dir='ltr'><strong>hnc</strong></span> <span class='ocrx_word' id='word_1_177' title='bbox 1304 2385 1359 2431; x_wconf 81' lang='lat' dir='ltr'><strong>re·</strong></span> 
     </span>
     <span class='ocr_line' id='line_1_21' title="bbox 240 2467 1359 2547; baseline 0.001 -16"><span class='ocrx_word' id='word_1_178' title='bbox 240 2473 361 2533; x_wconf 84' lang='lat' dir='ltr'><strong>vocatis</strong></span> <span class='ocrx_word' id='word_1_179' title='bbox 383 2480 476 2534; x_wconf 82' lang='lat' dir='ltr'><strong>extra</strong></span> <span class='ocrx_word' id='word_1_180' title='bbox 499 2471 704 2534; x_wconf 89' lang='lat' dir='ltr'><strong>discussionis</strong></span> <span class='ocrx_word' id='word_1_181' title='bbox 726 2471 870 2533; x_wconf 91' lang='lat' dir='ltr'><strong>ordinem</strong></span> <span class='ocrx_word' id='word_1_182' title='bbox 883 2491 892 2547; x_wconf 91' lang='lat'>;</span> <span class='ocrx_word' id='word_1_183' title='bbox 915 2470 1010 2532; x_wconf 89' lang='lat' dir='ltr'><strong>sicuti</strong></span> <span class='ocrx_word' id='word_1_184' title='bbox 1033 2487 1050 2530; x_wconf 93' lang='lat' dir='ltr'><strong>e</strong></span> <span class='ocrx_word' id='word_1_185' title='bbox 1073 2486 1230 2532; x_wconf 85' lang='lat' dir='ltr'><strong>converso</strong></span> <span class='ocrx_word' id='word_1_186' title='bbox 1252 2471 1283 2532; x_wconf 89' lang='lat' dir='ltr'><strong>in</strong></span> <span class='ocrx_word' id='word_1_187' title='bbox 1302 2467 1359 2532; x_wconf 89' lang='lat' dir='ltr'><strong>Li·</strong></span> 
     </span>
     <span class='ocr_line' id='line_1_22' title="bbox 237 2569 1360 2651; baseline 0.001 -17"><span class='ocrx_word' id='word_1_188' title='bbox 237 2572 297 2635; x_wconf 88' lang='lat' dir='ltr'><strong>bro</strong></span> <span class='ocrx_word' id='word_1_189' title='bbox 321 2572 359 2634; x_wconf 89' lang='lat' dir='ltr'><strong>V.</strong></span> <span class='ocrx_word' id='word_1_190' title='bbox 383 2591 411 2635; x_wconf 87' lang='lat' dir='ltr'><strong>e.</strong></span> <span class='ocrx_word' id='word_1_191' title='bbox 435 2572 474 2633; x_wconf 91' lang='grc' dir='ltr'><strong>ΙΙ.</strong></span> <span class='ocrx_word' id='word_1_192' title='bbox 498 2591 528 2633; x_wconf 89' lang='lat' dir='ltr'><strong>n.</strong></span> <span class='ocrx_word' id='word_1_193' title='bbox 552 2569 601 2636; x_wconf 82' lang='lat'><strong>13.</strong></span> <span class='ocrx_word' id='word_1_194' title='bbox 627 2580 815 2651; x_wconf 90' lang='lat' dir='ltr'><strong>peratarum</strong></span> <span class='ocrx_word' id='word_1_195' title='bbox 838 2591 967 2634; x_wconf 89' lang='lat' dir='ltr'><strong>errores</strong></span> <span class='ocrx_word' id='word_1_196' title='bbox 988 2570 1173 2642; x_wconf 84' lang='lat' dir='ltr'><strong>contutans,</strong></span> <span class='ocrx_word' id='word_1_197' title='bbox 1191 2571 1230 2635; x_wconf 91' lang='lat' dir='ltr'><strong>de</strong></span> <span class='ocrx_word' id='word_1_198' title='bbox 1251 2579 1360 2635; x_wconf 90' lang='lat' dir='ltr'><strong>astro·</strong></span> 
     </span>
     <span class='ocr_line' id='line_1_23' title="bbox 237 2670 1360 2755; baseline 0.004 -22"><span class='ocrx_word' id='word_1_199' title='bbox 237 2672 323 2751; x_wconf 87' lang='lat' dir='ltr'><strong>logia</strong></span> <span class='ocrx_word' id='word_1_200' title='bbox 347 2673 454 2736; x_wconf 90' lang='lat' dir='ltr'><strong>denno</strong></span> <span class='ocrx_word' id='word_1_201' title='bbox 475 2674 643 2752; x_wconf 81' lang='lat' dir='ltr'><strong>loquitur3</strong></span> <span class='ocrx_word' id='word_1_202' title='bbox 667 2691 741 2736; x_wconf 89' lang='lat' dir='ltr'><strong>cnm</strong></span> <span class='ocrx_word' id='word_1_203' title='bbox 761 2673 827 2754; x_wconf 86' lang='lat' dir='ltr'><strong>jam</strong></span> <span class='ocrx_word' id='word_1_204' title='bbox 850 2672 1002 2742; x_wconf 73' lang='lat' dir='ltr'><strong>inhibeo</strong></span> <span class='ocrx_word' id='word_1_205' title='bbox 1030 2670 1083 2736; x_wconf 83' lang='lat' dir='ltr'><strong>[V.</strong></span> <span class='ocrx_word' id='word_1_206' title='bbox 1107 2673 1203 2755; x_wconf 85' lang='lat' dir='ltr'><strong>juxta</strong></span> <span class='ocrx_word' id='word_1_207' title='bbox 1236 2691 1360 2754; x_wconf 88' lang='lat' dir='ltr'><strong>propo·</strong></span> 
     </span>
     <span class='ocr_line' id='line_1_24' title="bbox 236 2772 736 2852; baseline -0.006 -15"><span class='ocrx_word' id='word_1_208' title='bbox 236 2777 333 2837; x_wconf 84' lang='lat' dir='ltr'><strong>situm</strong></span> <span class='ocrx_word' id='word_1_209' title='bbox 359 2774 524 2836; x_wconf 87' lang='lat' dir='ltr'><strong>verimode</strong></span> <span class='ocrx_word' id='word_1_210' title='bbox 546 2772 736 2852; x_wconf 85' lang='lat' dir='ltr'><strong>disputavit.</strong></span> 
     </span>
    </p>

    <p class='ocr_par' dir='ltr' id='par_1_2' title="bbox 236 2867 1437 4282">
     <span class='ocr_line' id='line_1_25' title="bbox 320 2867 1363 2955; baseline 0.001 -19"><span class='ocrx_word' id='word_1_211' title='bbox 320 2875 434 2950; x_wconf 84' lang='lat' dir='ltr'><strong>Quoad</strong></span> <span class='ocrx_word' id='word_1_212' title='bbox 458 2885 565 2939; x_wconf 89' lang='lat' dir='ltr'><strong>autem</strong></span> <span class='ocrx_word' id='word_1_213' title='bbox 589 2886 687 2955; x_wconf 88' lang='lat' dir='ltr'><strong>caput</strong></span> <span class='ocrx_word' id='word_1_214' title='bbox 704 2874 774 2936; x_wconf 87' lang='lat' dir='ltr'><strong>vtt.</strong></span> <span class='ocrx_word' id='word_1_215' title='bbox 793 2867 981 2953; x_wconf 86' lang='lat' dir='ltr'><strong>inscriptum</strong></span> <span class='ocrx_word' id='word_1_216' title='bbox 1001 2875 1043 2937; x_wconf 80' lang='lat' dir='ltr'><strong>lla</strong></span> <span class='ocrx_word' id='word_1_217' title='bbox 1061 2886 1129 2938; x_wconf 86' lang='lat' dir='ltr'><strong>erte</strong></span> <span class='ocrx_word' id='word_1_218' title='bbox 1144 2871 1363 2950; x_wconf 80' lang='lat' dir='ltr'><strong>arithmetica,</strong></span> 
     </span>
     <span class='ocr_line' id='line_1_26' title="bbox 237 2975 1360 3055; baseline -0.002 -17"><span class='ocrx_word' id='word_1_219' title='bbox 237 2979 262 3039; x_wconf 88' lang='lat' dir='ltr'><strong>si</strong></span> <span class='ocrx_word' id='word_1_220' title='bbox 285 2977 476 3039; x_wconf 83' lang='lat' dir='ltr'><strong>conteretur</strong></span> <span class='ocrx_word' id='word_1_221' title='bbox 497 2978 593 3040; x_wconf 91' lang='lat' dir='ltr'><strong>alteri</strong></span> <span class='ocrx_word' id='word_1_222' title='bbox 614 2996 685 3055; x_wconf 88' lang='lat' dir='ltr'><strong>cap.</strong></span> <span class='ocrx_word' id='word_1_223' title='bbox 712 2977 750 3040; x_wconf 91' lang='grc' dir='ltr'><strong>ΙΙ.</strong></span> <span class='ocrx_word' id='word_1_224' title='bbox 773 2978 810 3038; x_wconf 83' lang='lat' dir='ltr'><strong>tle</strong></span> <span class='ocrx_word' id='word_1_225' title='bbox 832 2975 1063 3041; x_wconf 78' lang='lat' dir='ltr'><strong>mathematicis</strong></span> <span class='ocrx_word' id='word_1_226' title='bbox 1084 2978 1115 3037; x_wconf 93' lang='lat' dir='ltr'><strong>in</strong></span> <span class='ocrx_word' id='word_1_227' title='bbox 1137 2977 1287 3039; x_wconf 90' lang='lat' dir='ltr'><strong>eumdem</strong></span> <span class='ocrx_word' id='word_1_228' title='bbox 1310 2976 1360 3037; x_wconf 93' lang='lat' dir='ltr'><strong>in·</strong></span> 
     </span>
     <span class='ocr_line' id='line_1_27' title="bbox 238 3079 1362 3159; baseline -0.002 -18"><span class='ocrx_word' id='word_1_229' title='bbox 238 3080 346 3141; x_wconf 89' lang='lat' dir='ltr'><strong>cidunt</strong></span> <span class='ocrx_word' id='word_1_230' title='bbox 371 3098 528 3159; x_wconf 87' lang='lat' dir='ltr'><strong>scopum:</strong></span> <span class='ocrx_word' id='word_1_231' title='bbox 552 3081 610 3142; x_wconf 91' lang='lat' dir='ltr'><strong>nisi</strong></span> <span class='ocrx_word' id='word_1_232' title='bbox 632 3082 719 3159; x_wconf 82' lang='lat' dir='ltr'><strong>quod</strong></span> <span class='ocrx_word' id='word_1_233' title='bbox 743 3082 772 3140; x_wconf 89' lang='lat' dir='ltr'><strong>in</strong></span> <span class='ocrx_word' id='word_1_234' title='bbox 797 3081 857 3140; x_wconf 91' lang='lat' dir='ltr'><strong>huc</strong></span> <span class='ocrx_word' id='word_1_235' title='bbox 881 3083 989 3158; x_wconf 87' lang='lat' dir='ltr'><strong>agitur</strong></span> <span class='ocrx_word' id='word_1_236' title='bbox 1009 3079 1173 3156; x_wconf 82' lang='lat' dir='ltr'><strong>speciatim</strong></span> <span class='ocrx_word' id='word_1_237' title='bbox 1191 3079 1230 3140; x_wconf 88' lang='lat' dir='ltr'><strong>de</strong></span> <span class='ocrx_word' id='word_1_238' title='bbox 1247 3095 1362 3141; x_wconf 89' lang='lat' dir='ltr'><strong>nume·</strong></span> 
     </span>
     <span class='ocr_line' id='line_1_28' title="bbox 239 3176 1437 3259; baseline -0.001 -16"><span class='ocrx_word' id='word_1_239' title='bbox 239 3182 283 3243; x_wconf 90' lang='lat' dir='ltr'><strong>ris</strong></span> <span class='ocrx_word' id='word_1_240' title='bbox 305 3181 518 3244; x_wconf 87' lang='lat' dir='ltr'><strong>eahhatisticis</strong></span> <span class='ocrx_word' id='word_1_241' title='bbox 542 3180 580 3242; x_wconf 88' lang='lat' dir='ltr'><strong>ed</strong></span> <span class='ocrx_word' id='word_1_242' title='bbox 604 3176 715 3243; x_wconf 79' lang='lat' dir='ltr'><strong>rerum</strong></span> <span class='ocrx_word' id='word_1_243' title='bbox 733 3182 937 3243; x_wconf 88' lang='lat' dir='ltr'><strong>occultarum</strong></span> <span class='ocrx_word' id='word_1_244' title='bbox 954 3183 1167 3259; x_wconf 90' lang='lat' dir='ltr'><strong>cognitionem</strong></span> <span class='ocrx_word' id='word_1_245' title='bbox 1178 3200 1189 3258; x_wconf 91' lang='lat'>;</span> <span class='ocrx_word' id='word_1_246' title='bbox 1207 3179 1363 3242; x_wconf 80' lang='lat' dir='ltr'><strong>innitere</strong></span> <span class='ocrx_word' id='word_1_247' title='bbox 1433 3222 1437 3229; x_wconf 89' lang='lat'>-</span> 
     </span>
     <span class='ocr_line' id='line_1_29' title="bbox 237 3283 1362 3366; baseline -0.001 -23"><span class='ocrx_word' id='word_1_248' title='bbox 237 3283 276 3344; x_wconf 92' lang='lat' dir='ltr'><strong>de</strong></span> <span class='ocrx_word' id='word_1_249' title='bbox 299 3284 441 3346; x_wconf 74' lang='lat' dir='ltr'><strong>nurneris</strong></span> <span class='ocrx_word' id='word_1_250' title='bbox 463 3283 640 3346; x_wconf 89' lang='lat' dir='ltr'><strong>secundum</strong></span> <span class='ocrx_word' id='word_1_251' title='bbox 667 3283 886 3366; x_wconf 77' lang='lat' dir='ltr'><strong>Pythagoram</strong></span> <span class='ocrx_word' id='word_1_252' title='bbox 909 3283 947 3344; x_wconf 91' lang='lat' dir='ltr'><strong>ad</strong></span> <span class='ocrx_word' id='word_1_253' title='bbox 973 3283 1225 3361; x_wconf 83' lang='lat' dir='ltr'><strong>investigandum</strong></span> <span class='ocrx_word' id='word_1_254' title='bbox 1246 3299 1362 3342; x_wconf 90' lang='lat' dir='ltr'><strong>rerum</strong></span> 
     </span>
     <span class='ocr_line' id='line_1_30' title="bbox 238 3380 1360 3468; baseline -0.002 -24"><span class='ocrx_word' id='word_1_255' title='bbox 238 3384 406 3461; x_wconf 87' lang='lat' dir='ltr'><strong>principia.</strong></span> <span class='ocrx_word' id='word_1_256' title='bbox 431 3381 491 3447; x_wconf 85' lang='lat' dir='ltr'><strong>Cui</strong></span> <span class='ocrx_word' id='word_1_257' title='bbox 514 3384 593 3444; x_wconf 92' lang='lat' dir='ltr'><strong>haec</strong></span> <span class='ocrx_word' id='word_1_258' title='bbox 616 3383 794 3460; x_wconf 88' lang='lat' dir='ltr'><strong>praemittit</strong></span> <span class='ocrx_word' id='word_1_259' title='bbox 826 3383 1041 3468; x_wconf 77' lang='lat' dir='ltr'><strong>Anonymus:</strong></span> <span class='ocrx_word' id='word_1_260' title='bbox 1066 3405 1081 3442; x_wconf 83' lang='lat' dir='ltr'><strong>e</strong></span> <span class='ocrx_word' id='word_1_261' title='bbox 1106 3380 1216 3458; x_wconf 85' lang='lat' dir='ltr'><strong>Quum</strong></span> <span class='ocrx_word' id='word_1_262' title='bbox 1247 3390 1360 3444; x_wconf 87' lang='lat' dir='ltr'><strong>autem</strong></span> 
     </span>
     <span class='ocr_line' id='line_1_31' title="bbox 240 3482 1364 3561; baseline 0 -17"><span class='ocrx_word' id='word_1_263' title='bbox 240 3483 308 3545; x_wconf 86' lang='lat' dir='ltr'><strong>lere</strong></span> <span class='ocrx_word' id='word_1_264' title='bbox 329 3484 432 3545; x_wconf 77' lang='lat' dir='ltr'><strong>otonis</strong></span> <span class='ocrx_word' id='word_1_265' title='bbox 464 3484 604 3545; x_wconf 87' lang='lat' dir='ltr'><strong>haeresis</strong></span> <span class='ocrx_word' id='word_1_266' title='bbox 626 3500 683 3561; x_wconf 91' lang='lat' dir='ltr'><strong>per</strong></span> <span class='ocrx_word' id='word_1_267' title='bbox 705 3493 807 3546; x_wconf 89' lang='lat' dir='ltr'><strong>ertem</strong></span> <span class='ocrx_word' id='word_1_268' title='bbox 831 3484 1067 3547; x_wconf 87' lang='lat' dir='ltr'><strong>arithmeticam</strong></span> <span class='ocrx_word' id='word_1_269' title='bbox 1092 3482 1250 3546; x_wconf 88' lang='lat' dir='ltr'><strong>invenerit</strong></span> <span class='ocrx_word' id='word_1_270' title='bbox 1273 3499 1364 3544; x_wconf 90' lang='lat' dir='ltr'><strong>men·</strong></span> 
     </span>
     <span class='ocr_line' id='line_1_32' title="bbox 239 3584 1364 3664; baseline 0.002 -18"><span class='ocrx_word' id='word_1_271' title='bbox 239 3602 333 3648; x_wconf 87' lang='lat' dir='ltr'><strong>suras</strong></span> <span class='ocrx_word' id='word_1_272' title='bbox 356 3584 606 3658; x_wconf 89' lang='lat' dir='ltr'><strong>hebdomadum,</strong></span> <span class='ocrx_word' id='word_1_273' title='bbox 630 3594 661 3646; x_wconf 90' lang='lat' dir='ltr'><strong>et</strong></span> <span class='ocrx_word' id='word_1_274' title='bbox 682 3585 838 3664; x_wconf 87' lang='lat' dir='ltr'><strong>quasdem</strong></span> <span class='ocrx_word' id='word_1_275' title='bbox 863 3585 1010 3650; x_wconf 82' lang='lat' dir='ltr'><strong>Aeonum</strong></span> <span class='ocrx_word' id='word_1_276' title='bbox 1033 3591 1264 3658; x_wconf 84' lang='lat' dir='ltr'><strong>emanationes,</strong></span> <span class='ocrx_word' id='word_1_277' title='bbox 1287 3584 1364 3648; x_wconf 82' lang='lat' dir='ltr'><strong>aliis</strong></span> 
     </span>
     <span class='ocr_line' id='line_1_33' title="bbox 240 3685 1362 3764; baseline -0.001 -15"><span class='ocrx_word' id='word_1_278' title='bbox 240 3687 336 3749; x_wconf 83' lang='lat' dir='ltr'><strong>aliter</strong></span> <span class='ocrx_word' id='word_1_279' title='bbox 359 3687 447 3747; x_wconf 91' lang='lat' dir='ltr'><strong>illam</strong></span> <span class='ocrx_word' id='word_1_280' title='bbox 471 3685 701 3749; x_wconf 87' lang='lat' dir='ltr'><strong>divellentihus</strong></span> <span class='ocrx_word' id='word_1_281' title='bbox 723 3697 841 3764; x_wconf 87' lang='lat' dir='ltr'><strong>artem,</strong></span> <span class='ocrx_word' id='word_1_282' title='bbox 864 3696 895 3749; x_wconf 93' lang='lat' dir='ltr'><strong>et</strong></span> <span class='ocrx_word' id='word_1_283' title='bbox 918 3689 1043 3752; x_wconf 91' lang='lat' dir='ltr'><strong>nomina</strong></span> <span class='ocrx_word' id='word_1_284' title='bbox 1060 3688 1128 3749; x_wconf 88' lang='lat' dir='ltr'><strong>sole</strong></span> <span class='ocrx_word' id='word_1_285' title='bbox 1146 3685 1362 3760; x_wconf 85' lang='lat' dir='ltr'><strong>mutantibus,</strong></span> 
     </span>
     <span class='ocr_line' id='line_1_34' title="bbox 240 3783 1365 3872; baseline 0.002 -25"><span class='ocrx_word' id='word_1_286' title='bbox 240 3787 343 3866; x_wconf 87' lang='lat' dir='ltr'><strong>iisque</strong></span> <span class='ocrx_word' id='word_1_287' title='bbox 367 3789 519 3866; x_wconf 87' lang='lat' dir='ltr'><strong>magister</strong></span> <span class='ocrx_word' id='word_1_288' title='bbox 539 3789 580 3850; x_wconf 89' lang='lat' dir='ltr'><strong>sit</strong></span> <span class='ocrx_word' id='word_1_289' title='bbox 605 3788 816 3871; x_wconf 75' lang='lat' dir='ltr'><strong>Pythagoras,</strong></span> <span class='ocrx_word' id='word_1_290' title='bbox 836 3791 892 3869; x_wconf 89' lang='lat' dir='ltr'><strong>qui</strong></span> <span class='ocrx_word' id='word_1_291' title='bbox 917 3795 1041 3872; x_wconf 90' lang='lat' dir='ltr'><strong>primus</strong></span> <span class='ocrx_word' id='word_1_292' title='bbox 1058 3789 1180 3868; x_wconf 85' lang='lat' dir='ltr'><strong>graecis</strong></span> <span class='ocrx_word' id='word_1_293' title='bbox 1196 3807 1237 3851; x_wconf 84' lang='lat' dir='ltr'><strong>ex</strong></span> <span class='ocrx_word' id='word_1_294' title='bbox 1254 3783 1365 3868; x_wconf 76' lang='lat' dir='ltr'><strong>Aegy·</strong></span> 
     </span>
     <span class='ocr_line' id='line_1_35' title="bbox 238 3887 1363 3971; baseline 0 -24"><span class='ocrx_word' id='word_1_295' title='bbox 238 3895 294 3965; x_wconf 93' lang='lat' dir='ltr'><strong>pto</strong></span> <span class='ocrx_word' id='word_1_296' title='bbox 318 3887 397 3949; x_wconf 88' lang='lat' dir='ltr'><strong>tales</strong></span> <span class='ocrx_word' id='word_1_297' title='bbox 413 3904 566 3950; x_wconf 86' lang='lat' dir='ltr'><strong>numeros</strong></span> <span class='ocrx_word' id='word_1_298' title='bbox 584 3890 720 3968; x_wconf 90' lang='lat' dir='ltr'><strong>protulit</strong></span> <span class='ocrx_word' id='word_1_299' title='bbox 729 3909 743 3969; x_wconf 75' lang='lat'>3</span> <span class='ocrx_word' id='word_1_300' title='bbox 764 3910 802 3952; x_wconf 92' lang='lat' dir='ltr'><strong>ne</strong></span> <span class='ocrx_word' id='word_1_301' title='bbox 820 3892 899 3952; x_wconf 87' lang='lat' dir='ltr'><strong>haec</strong></span> <span class='ocrx_word' id='word_1_302' title='bbox 917 3891 1047 3971; x_wconf 87' lang='lat' dir='ltr'><strong>quidem</strong></span> <span class='ocrx_word' id='word_1_303' title='bbox 1063 3897 1138 3952; x_wconf 90' lang='lat' dir='ltr'><strong>sunt</strong></span> <span class='ocrx_word' id='word_1_304' title='bbox 1153 3889 1363 3968; x_wconf 88' lang='lat' dir='ltr'><strong>praetermit-</strong></span> 
     </span>
     <span class='ocr_line' id='line_1_36' title="bbox 244 3985 1364 4070; baseline 0 -20"><span class='ocrx_word' id='word_1_305' title='bbox 244 3988 347 4050; x_wconf 91' lang='lat' dir='ltr'><strong>tenda.</strong></span> <span class='ocrx_word' id='word_1_306' title='bbox 371 4006 388 4044; x_wconf 85' lang='lat' dir='ltr'><strong>n</strong></span> <span class='ocrx_word' id='word_1_307' title='bbox 414 3985 517 4050; x_wconf 85' lang='lat' dir='ltr'><strong>Paulo</strong></span> <span class='ocrx_word' id='word_1_308' title='bbox 539 3997 609 4069; x_wconf 88' lang='lat' dir='ltr'><strong>post</strong></span> <span class='ocrx_word' id='word_1_309' title='bbox 631 3990 782 4070; x_wconf 89' lang='lat' dir='ltr'><strong>loquitur</strong></span> <span class='ocrx_word' id='word_1_310' title='bbox 810 3991 849 4054; x_wconf 92' lang='lat' dir='ltr'><strong>de</strong></span> <span class='ocrx_word' id='word_1_311' title='bbox 884 3989 1115 4054; x_wconf 86' lang='lat' dir='ltr'><strong>Hebdomade:</strong></span> <span class='ocrx_word' id='word_1_312' title='bbox 1140 4012 1155 4047; x_wconf 85' lang='lat' dir='ltr'><strong>a</strong></span> <span class='ocrx_word' id='word_1_313' title='bbox 1179 3995 1364 4068; x_wconf 83' lang='lat' dir='ltr'><strong>quaeest,</strong></span> 
     </span>
     <span class='ocr_line' id='line_1_37' title="bbox 236 4088 1366 4171; baseline 0.003 -22"><span class='ocrx_word' id='word_1_314' title='bbox 236 4088 297 4162; x_wconf 87' lang='lat' dir='ltr'><strong>ait,</strong></span> <span class='ocrx_word' id='word_1_315' title='bbox 319 4106 481 4167; x_wconf 84' lang='lat' dir='ltr'><strong>numeras,</strong></span> <span class='ocrx_word' id='word_1_316' title='bbox 502 4088 627 4166; x_wconf 83' lang='lat' dir='ltr'><strong>unitor,</strong></span> <span class='ocrx_word' id='word_1_317' title='bbox 644 4091 802 4171; x_wconf 75' lang='lat' dir='ltr'><strong>dynamis,</strong></span> <span class='ocrx_word' id='word_1_318' title='bbox 819 4093 932 4167; x_wconf 80' lang='lat' dir='ltr'><strong>caiae,</strong></span> <span class='ocrx_word' id='word_1_319' title='bbox 947 4088 1244 4170; x_wconf 75' lang='lat' dir='ltr'><strong>dynamodpnemis,</strong></span> <span class='ocrx_word' id='word_1_320' title='bbox 1261 4089 1366 4167; x_wconf 74' lang='lat' dir='ltr'><strong>dyna-</strong></span> 
     </span>
     <span class='ocr_line' id='line_1_38' title="bbox 236 4187 1365 4282; baseline 0.004 -33"><span class='ocrx_word' id='word_1_321' title='bbox 236 4190 402 4267; x_wconf 83' lang='lat' dir='ltr'><strong>nmcubes,</strong></span> <span class='ocrx_word' id='word_1_322' title='bbox 427 4193 612 4282; x_wconf 77' lang='lat' dir='ltr'><strong>calecatum.</strong></span> <span class='ocrx_word' id='word_1_323' title='bbox 639 4192 729 4257; x_wconf 88' lang='lat' dir='ltr'><strong>Hanc</strong></span> <span class='ocrx_word' id='word_1_324' title='bbox 752 4190 992 4257; x_wconf 84' lang='lat' dir='ltr'><strong>llehdomadem</strong></span> <span class='ocrx_word' id='word_1_325' title='bbox 1019 4193 1127 4258; x_wconf 87' lang='lat' dir='ltr'><strong>Simon</strong></span> <span class='ocrx_word' id='word_1_326' title='bbox 1156 4201 1188 4254; x_wconf 89' lang='lat' dir='ltr'><strong>et</strong></span> <span class='ocrx_word' id='word_1_327' title='bbox 1216 4187 1365 4253; x_wconf 87' lang='lat' dir='ltr'><strong>Valenti·</strong></span> 
     </span>
    </p>
   </div>
   <div class='ocr_carea' id='block_1_2' title="bbox 0 0 1459 4784">
    <p class='ocr_par' dir='ltr' id='par_1_3' title="bbox 0 0 1459 4784">
     <span class='ocr_line' id='line_1_39' title="bbox 0 0 1459 4784; baseline 0 0"><span class='ocrx_word' id='word_1_328' title='bbox 0 0 1459 4784; x_wconf 95' lang='lat' dir='ltr'><strong> </strong></span> 
     </span>
    </p>
   </div>
  </div>
 </body>
</html>
