2886 4784
130 443 284 525 Noctes)
308 447 496 524 confiteatur
512 446 639 509 Putrem
657 445 753 508 Deum
774 447 1027 523 omnipotentem,
1043 451 1070 507 et
1088 441 1247 507 Christum

130 545 236 612 eoum
260 545 383 611 Filium
406 545 475 619 Dei,
501 546 599 610 Deum
620 549 742 628 sactum
763 545 930 619 bominem,
953 545 1007 608 cui
1027 547 1132 608 omnio
1151 545 1248 608 Pater

130 648 259 730 ubjecit
277 656 402 727 praeter
423 666 465 725 se,
481 658 509 709 et
524 645 680 726 Spiritum
695 643 868 719 Sanctum·
883 656 910 708 et
928 647 982 708 boa
1001 666 1063 708 esec
1083 666 1154 708 vere
1175 655 1246 711 trec.

130 749 220 811 'uod
240 748 274 808 si
293 749 363 809 vuit
384 748 477 823 scire,
500 748 653 828 quomodo
674 766 759 810 uuus
783 746 863 809 Daue
886 750 1143 824 demonstretur,
1166 747 1248 810 reiut

130 869 227 913 mum
249 869 312 911 ease
333 846 483 911 uirtutem
503 847 568 910 sice
585 847 758 928 potentium
780 857 836 911 etc.

205 951 271 1012 Ast
293 951 323 1010 in
347 950 406 1010 hac
428 947 634 1012 Confessionc
658 948 847 1030 Anonymus
869 946 1008 1027 Spiritus
1038 947 1145 1009 Sancti
1167 949 1249 1011 obli·

130 1068 196 1122 ια,
227 1048 325 1110 docet
348 1046 444 1109 Deum
473 1046 639 1125 copitondo
665 1046 853 1127 propipncre
870 1045 1011 1126 primum
1045 1044 1191 1121 Verbum,
1219 1056 1249 1108 et

130 1169 165 1211 »c
192 1168 241 1209 eu
262 1157 429 1228 ponerente
453 1148 549 1210 Putre
568 1148 746 1228 procedere,
768 1148 804 1210 in
826 1149 894 1228 ipso
918 1166 1028 1228 percus
1054 1149 1247 1211 voluntatem

130 1250 251 1315 'atriu
278 1248 334 1312 Dei
362 1248 489 1311 Verbum
509 1251 610 1312 colum
632 1269 672 1311 ece
696 1248 788 1322 Deo;
812 1249 940 1329 ideoque
962 1249 1046 1312 Deus
1069 1260 1131 1323 eat,
1152 1267 1249 1330 quum

130 1352 153 1414 tr
180 1349 375 1413 substantia
392 1350 457 1413 Dei.
477 1350 545 1416 Nec
567 1353 693 1414 interim
713 1352 853 1431 Spiritus
868 1349 974 1414 Sancti
997 1369 1165 1431 personam
1189 1370 1248 1414 nec

130 1453 260 1514 ivinae
283 1448 450 1513 Trinitatis
472 1469 587 1513 nomen
612 1454 744 1513 latetur.

203 1549 281 1615 Nec
302 1551 430 1613 demum
454 1554 730 1629 praetereundum
753 1559 812 1625 est,
841 1552 1005 1630 quomodo
1031 1555 1062 1615 in
1086 1554 1145 1614 bac
1169 1551 1247 1614 Pro-

130 1654 274 1717 essionc
297 1651 423 1714 Auctor
443 1651 577 1714 contuse
600 1652 765 1716 inculcans
787 1651 879 1731 Legis
901 1652 1161 1726 observantiam,
1184 1670 1248 1714 non

130 1763 260 1817 tntum
283 1751 322 1813 de
344 1749 429 1830 Lege
450 1753 636 1832 evangelica
661 1753 832 1832 loquatur,
855 1761 1013 1834 quantum
1037 1754 1076 1814 de
1098 1754 1248 1815 mosaica.

130 1854 217 1917 licit
238 1852 325 1913 enim
346 1851 467 1914 homini
489 1871 557 1914 esse
580 1851 696 1933 Legem
720 1853 893 1916 delinitam.
920 1852 992 1918 Non
1013 1851 1174 1916 animanti
1194 1871 1247 1913 rc·

130 1952 229 2018 iouis
251 1951 374 2032 cooperti
394 1953 472 2015 doto
493 1964 538 2015 est
561 1951 635 2028 lec,
659 1956 713 2017 ced
733 1953 855 2018 bomini
875 1954 1066 2017 decernitur.
1084 1953 1170 2016 Haec
1185 1951 1250 2015 lau

130 2066 202 2123 ota
224 2063 272 2117 est
291 2075 311 2117 a
327 2052 425 2134 justis
445 2053 543 2128 αἰγέας
565 2074 603 2118 ec
624 2056 734 2118 deinde
755 2067 853 2118 uetnte
873 2057 962 2118 nobie
978 2054 1207 2135 propinquiore
1227 2076 1248 2118 α

130 2156 238 2236 loyce
266 2155 336 2215 uiro
363 2154 600 2235 religiosissimo
629 2155 802 2219 constituto
822 2165 866 2219 eet
884 2158 1041 2236 pronitate
1067 2166 1103 2229 et
1116 2154 1248 2236 justitio

130 2262 256 2341 esertu.
280 2254 366 2318 Haec
393 2256 500 2319 omm'o
529 2254 737 2319 administret
763 2255 890 2320 Verbum
912 2255 969 2319 bo·
981 2300 990 2333 ,
1016 2255 1248 2336 primogenitus

130 2356 243 2425 ’atrio
267 2356 387 2430 Filius,
408 2367 481 2420 onte
503 2356 687 2439 Luciferum
707 2377 768 2420 oooc
789 2361 886 2421 lucem
906 2360 1022 2438 ferens.
1042 2357 1160 2420 Deinde
1179 2355 1250 2419 noti

130 2469 199 2524 unt
222 2454 291 2520 uiri
305 2458 389 2539 Jueti
404 2460 576 2538 prophetoe
596 2470 652 2521 etc.
672 2458 731 2523 Ubi
750 2459 937 2543 synagogae
959 2461 1149 2539 magistrum
1171 2476 1245 2521 cum

130 2561 230 2626 ierbi
254 2559 353 2621 divini
377 2560 537 2639 discipulo
559 2561 738 2623 contundit.
765 2559 805 2622 Et
826 2562 881 2623 nbi
904 2562 1003 2641 paulo
1024 2570 1096 2640 post
1116 2559 1248 2622 conclu·

130 2679 226 2734 ¹ens,
259 2660 410 2722 mandato
433 2661 575 2722 maximo
601 2658 789 2739 Evangelii:
816 2658 928 2740 diliger
954 2657 1123 2722 Dominum
1146 2657 1246 2721 Deum

130 2779 220 2827 uum
236 2779 278 2822 eu
292 2768 353 2822 toto
373 2761 463 2822 corde
485 2770 540 2821 tuo
560 2771 615 2822 etc.
636 2769 665 2822 et
682 2759 867 2839 proximum
881 2772 971 2823 tuum
990 2760 1074 2824 sicut
1089 2760 1247 2841 teipsum,

130 2861 299 2927 ubstituit
321 2870 413 2923 vetus
435 2861 669 2940 proverbium:
693 2879 786 2922 nosce
807 2870 835 2924 te
858 2862 971 2941 iprum.

210 2959 345 3024 Cunctis
365 2960 461 3021 simul
485 2959 622 3022 redactis
644 2961 728 3023 circa
751 2963 835 3023 bunc
850 2958 1026 3023 Sermonem
1045 2961 1245 3023 observatio·

130 3065 236 3135 ibus,
255 3060 390 3123 tortasse
414 3060 685 3139 praesumendum
709 3064 770 3124 erit
791 3081 815 3122 s.
832 3060 1046 3144 Hippolytum
1069 3062 1244 3139 aliquando

157 3163 307 3226 veritate
327 3161 481 3223 deiecisse
503 3170 534 3222 et
556 3162 596 3222 ab
620 3160 762 3224 Ecclesia
786 3160 966 3235 catholica,
983 3170 1019 3222 ut
1033 3161 1107 3223 inde
1124 3161 1241 3223 intera·

130 3285 173 3331 nr
193 3262 274 3324 talia
291 3264 395 3339 ipsum
411 3263 450 3322 de
465 3280 505 3323 ss.
525 3259 733 3324 Pontificibus
749 3259 934 3344 Zephyrion
956 3268 988 3322 et
1010 3259 1144 3324 Callisto
1166 3264 1246 3323 scri·

130 3370 236 3440 sisse;
261 3380 299 3424 ac
322 3366 454 3441 insuper
475 3365 507 3424 in
529 3380 643 3424 errore
667 3364 873 3424 insanientem
890 3363 1126 3441 blasphemasse
1144 3363 1174 3422 in
1192 3359 1244 3423 Fi·
1344 3443 1348 3450 .

135 3485 203 3533 um
229 3462 316 3526 Dei?
339 3462 494 3526 Veterum
519 3464 720 3542 Scriptorum
743 3465 850 3526 adhoc
873 3471 1016 3543 perstant
1040 3465 1244 3537 testimonia,

132 3585 208 3633 uae
232 3567 309 3627 huic
332 3567 500 3644 perspicue
524 3565 733 3644 refragantur
753 3566 873 3629 stultae
895 3567 1160 3646 praesumptioni.
1177 3563 1245 3628 Eu-

130 3669 244 3740 ebius,
264 3664 332 3743 jam
354 3664 433 3736 dixi,
453 3682 529 3742 prae
553 3666 699 3729 manibus
722 3667 840 3730 habens
862 3667 932 3748 ejus
953 3667 1066 3741 libros,
1083 3686 1121 3730 ac
1141 3668 1180 3729 dc
1202 3686 1241 3730 eo

130 3783 265 3834 naevos
280 3764 412 3828 audiens
435 3765 543 3827 fideles
567 3773 681 3840 testes,
705 3768 802 3845 ipsius
832 3768 1013 3830 doctrinam
1035 3776 1067 3830 et
1089 3769 1243 3846 pietatem

130 3869 280 3936 elebrat.
305 3865 383 3929 item
407 3874 545 3930 testatur
568 3887 592 3929 s.
616 3866 849 3952 Hieronymus.
872 3869 1029 3932 Similiter
1061 3866 1247 3931 Theodore-

130 3989 170 4034 ns
196 3968 229 4028 in
254 3963 390 4045 Dialogo
414 3965 470 4027 ΙΙΙ.
494 3977 606 4030 contra
631 3965 809 4031 haereticos
841 3970 925 4031 inter
957 3987 1066 4034 sacros
1089 3969 1245 4034 Doctores

134 4076 276 4135 nmerat
295 4087 321 4130 s.
345 4065 579 4153 Hippolytnmz
605 4092 621 4131 «
645 4070 709 4133 Fac
730 4072 840 4151 igitur,
864 4073 919 4145 ait,
940 4079 1068 4151 pateant
1083 4090 1192 4146 aures,
1210 4080 1244 4135 et

130 4168 344 4252 piritualium
361 4169 499 4234 fontium
515 4170 635 4236 llnenta
655 4175 764 4253 accipe
779 4194 802 4237 s.
820 4171 933 4252 lguatii
953 4217 960 4235 .
980 4219 987 4234 .
1010 4193 1058 4237 .s.
1076 4171 1245 4257 Hippolyti
