2886 4784
165 440 269 509 Noetu
288 445 477 519 concordes,
501 445 583 507 hanc
603 446 642 507 de
665 445 799 525 Epigoni
823 445 958 510 Romam
975 446 1116 508 adventu
1135 447 1276 510 eircum-

161 548 308 606 slantiam
332 548 531 624 praeterivit.
554 545 777 609 Tertullianus
799 566 899 625 porro
921 549 1030 610 subdit
1053 550 1133 610 hane
1161 548 1274 610 haere·

161 648 217 706 sim
243 646 366 708 Romae
390 647 573 708 damnatam
598 647 716 721 inisse,
739 648 821 710 idest
841 667 859 709 a
882 646 1066 731 Zephyrinu
1089 651 1215 723 nrhico,
1240 659 1277 713 ut

163 751 205 811 ait
225 768 251 808 s.
275 747 415 827 Optatus
428 769 438 825 3
461 749 556 809 sicuti
582 748 780 809 tantumdem
803 768 843 810 cx
865 752 934 828 ipso
959 760 1044 828 patet
1060 747 1276 825 Tertulliano,

165 848 325 910 Praxean
352 868 420 910 sese
446 850 654 922 emendasse,
677 849 817 928 expulso
838 867 974 926 errorc;
997 869 1034 912 ae
1059 851 1179 929 ubique
1203 851 1278 912 haa-

161 944 270 1012 reseos
292 969 400 1011 serncu
422 968 595 1011 excussum
618 969 710 1026 esse,
734 959 881 1012 manente
909 949 994 1028 apud
1017 950 1182 1029 psychicos
1205 950 1279 1029 (ca-

164 1050 325 1127 tholicos)
348 1051 559 1112 damnationis
582 1051 820 1133 chyrographo.
838 1049 866 1113 E
887 1051 1007 1130 quibus
1028 1053 1280 1113 circumstantiis

162 1151 330 1225 educitur,
354 1150 472 1213 ialsum
495 1153 619 1213 adstrui
641 1152 681 1212 ah
704 1149 887 1235 Anodyna,
905 1152 982 1212 dum
998 1150 1042 1211 ait
1057 1147 1276 1231 zephyrinum

165 1254 272 1316 sirum
288 1251 441 1314 stolidum
458 1252 657 1330 acquievisse
679 1252 846 1314 noetiauac
862 1251 1000 1326 haeresi,
1019 1268 1094 1311 com
1116 1269 1209 1312 secus
1226 1268 1282 1328 pa-

163 1361 240 1427 teat,
259 1370 334 1413 vare
354 1359 428 1413 tune
443 1352 483 1412 ah
499 1371 535 1414 e0
551 1351 867 1430 anathematizatam
884 1361 915 1412 ct
934 1359 1103 1430 praeterea
1119 1348 1277 1412 Praxeam

164 1450 425 1515 haeresiarcham
449 1453 653 1535 palynodiam
676 1454 840 1524 cecinisse,
864 1453 1006 1530 undique
1028 1450 1148 1513 evulsis
1166 1451 1281 1513 haere·

162 1572 232 1616 sees
257 1553 419 1616 radicibus
431 1558 445 1617 ε’
463 1573 605 1634 quocum
628 1557 747 1617 iterum
770 1555 954 1632 iterumque
982 1554 1133 1632 sequitur
1160 1551 1278 1614 ialsum

161 1655 250 1734 qnod
272 1654 313 1715 ah
336 1651 506 1736 Anonymo
529 1656 751 1734 praesumitur
771 1654 809 1716 de
834 1673 873 1716 eo
896 1652 1060 1717 Pontifice.
1108 1678 1113 1685 ·

242 1755 326 1819 Com
347 1769 456 1819 autem
481 1758 585 1836 pergit
605 1755 828 1818 Tertullianus
851 1755 997 1833 inquiens
1019 1756 1057 1816 ad
1073 1755 1277 1834 aliquantum

163 1858 318 1934 temporis
339 1856 482 1919 latitasse
512 1859 592 1919 hane
623 1858 806 1930 haeresim,
840 1857 941 1919 donee
970 1856 1076 1918 denuo
1107 1858 1254 1934 eruperit
1263 1876 1276 1935 5

163 1955 298 2032 proinde
319 1959 349 2019 ei
371 1958 503 2037 objiciat
522 1959 717 2022 catholicam
739 1958 930 2032 doctrinam,
952 1975 1009 2018 sen
1032 1957 1104 2018 fidei
1132 1957 1279 2035 regulam

164 2056 205 2118 ah
226 2058 319 2120 initio
341 2057 516 2138 Evangelii·
535 2079 682 2139 eousque
704 2060 955 2135 decurrentem,
985 2058 1066 2119 idest
1087 2057 1125 2118 ad
1154 2056 1279 2121 Callisti

165 2165 305 2221 aetatem
328 2168 360 2221 el
383 2160 493 2236 ultra,
517 2169 548 2223 et
571 2161 652 2222 hanc
673 2160 817 2222 eamdam
840 2177 930 2237 esse,
953 2177 1051 2236 quam
1079 2166 1217 2221 testatur
1246 2177 1280 2218 se

162 2258 202 2318 ab
224 2256 369 2321 Ecclesia
397 2259 537 2321 Romana
560 2268 713 2323 statutam
739 2260 917 2339 recepisse,
943 2260 1064 2338 pariter
1089 2260 1280 2322 excluditur

163 2359 262 2440 hujus
295 2357 459 2422 Ecclesiae
490 2361 584 2421 fidem
612 2361 796 2438 corrupisse
828 2359 1021 2433 Callistum,
1055 2358 1174 2420 iactum
1207 2377 1279 2437 pra·

166 2477 290 2521 xeauae
311 2459 379 2522 sire
401 2463 568 2522 noetianae
593 2462 763 2522 haereseos
789 2470 983 2539 patronum,
1014 2463 1154 2539 novique
1181 2463 1277 2538 magi·

161 2568 267 2621 strum
289 2563 424 2623 erroris.
446 2560 485 2623 Et
504 2565 635 2641 insuper
656 2581 731 2623 cum
753 2562 797 2622 ait
813 2561 1000 2642 Anonymus
1018 2580 1052 2623 se
1069 2560 1190 2623 Romae
1209 2581 1279 2623 ser·

164 2670 286 2735 satum,
305 2680 379 2724 cum
402 2660 584 2746 Zephyrino
599 2674 630 2723 et
645 2663 780 2725 Callisto
801 2666 1002 2740 disputasse:
1023 2681 1060 2726 ae
1083 2671 1186 2725 tamen
1204 2664 1281 2726 Pra-

166 2780 247 2824 xeae
262 2781 378 2825 nomen
394 2765 549 2839 omiserit,
567 2766 622 2844 qui
639 2767 796 2827 haeresim
818 2765 952 2829 Romam
977 2767 1097 2839 intulit,
1118 2784 1155 2828 ao
1172 2776 1279 2844 postca

166 2866 301 2941 resipuit
315 2884 325 2942 ;
350 2884 387 2927 ac
410 2886 469 2942 pru
491 2886 529 2928 eo
553 2867 758 2929 substituerit
782 2865 982 2946 Epigonum,
1016 2867 1100 2929 hune
1132 2886 1276 2928 asserens

166 2964 362 3028 haereticam
386 2954 512 3030 Romae
530 2968 678 3031 fundasse
699 2968 842 3030 scholam
865 2969 925 3029 suh
948 2964 1120 3050 Zephyrini
1135 2976 1166 3030 et
1182 2968 1279 3032 Calli·

164 3067 203 3128 sti
227 3070 421 3142 patrocinio,
438 3087 496 3130 nee
520 3087 660 3148 unquam
685 3072 897 3149 proscriptam
920 3068 974 3130 sed
998 3070 1055 3130 diu
1077 3086 1279 3146 perseveras-

163 3185 220 3241 se,
244 3169 314 3247 pari
333 3169 409 3248 jure
431 3171 646 3232 commentitia
672 3170 836 3232 refutatur
858 3172 935 3231 hacc
962 3171 1129 3241 narratio,
1152 3179 1279 3232 eontra·

166 3267 220 3328 riis
244 3267 433 3331 instantibus
450 3279 517 3332 tum
534 3268 726 3353 Tertulli-ani
745 3271 1016 3332 testimoniorum
1037 3269 1204 3330 traditione
1227 3289 1280 3348 pc·

165 3371 253 3430 renui
276 3388 352 3448 erga
378 3372 624 3434 indefectibilem
649 3372 812 3434 Ecclesiae
835 3370 999 3433 Romanae
1022 3371 1127 3433 fidem.

250 3467 318 3532 Noc
341 3470 469 3533 densum
493 3472 706 3534 confundendi
736 3480 810 3534 sunt
833 3470 957 3535 Noetus
981 3471 1128 3550 discipuli
1152 3478 1183 3534 et
1205 3491 1279 3534 cum
1332 3478 1334 3480 ’

167 3567 306 3631 Praxca.
332 3569 394 3632 lste
417 3575 499 3632 enim
519 3573 584 3652 jam
615 3573 655 3632 ab
687 3573 823 3634 exordio
858 3574 959 3635 seculi
985 3570 1041 3634 ΙΙΙ.
1067 3574 1224 3646 doccbat,
1249 3585 1281 3635 et

163 3670 219 3732 aiii
243 3670 304 3732 hoc
325 3674 438 3735 eodem
460 3672 574 3735 seculo
592 3674 749 3735 mediante
767 3682 836 3753 post
853 3672 947 3736 Noeti
964 3674 1100 3737 obitum.
1119 3673 1186 3737 Nec
1207 3696 1281 3738 curi·

165 3779 214 3832 tra
249 3779 343 3851 urget
374 3774 460 3853 quod
492 3775 545 3836 ille
576 3783 607 3837 el
638 3775 687 3836 isti
720 3776 802 3836 idem
837 3775 997 3836 haeretico
1027 3776 1190 3849 sentirent.
1215 3776 1280 3837 Alii

161 3873 343 3936 enimenta
368 3872 525 3937 Praxeam
547 3876 629 3937 hane
652 3893 785 3955 pravam
807 3875 994 3936 sententiam
1018 3877 1159 3953 amplexi
1182 3888 1277 3955 suut3

157 3974 257 4037 sicuti
279 3974 318 4037 de
341 3977 457 4038 ceteris
480 3977 649 4039 haereticis
672 3977 809 4039 dicitur:
833 3979 889 4057 qni
915 3977 989 4039 iicet
1021 3979 1050 4036 iu
1078 3995 1141 4038 uno
1164 3997 1277 4040 errore

156 4075 365 4139 substantiali
387 4080 591 4152 conveniant,
617 4091 722 4139 tamen
740 4080 780 4140 ob
796 4080 938 4138 diversas
960 4078 1218 4138 circumstantias
1234 4101 1276 4142 ex

159 4179 295 4258 regione
318 4181 448 4260 petitas,
472 4181 512 4240 ab
533 4190 651 4259 aetate,
675 4201 713 4244 cx
743 4197 953 4261 personarum
977 4180 1214 4255 qualitatihus,
1240 4202 1277 4244 ae
