2886 4784
164 340 205 412 ω
616 445 756 517 csend
772 445 819 514 Χ.

165 645 401 726 Disqairaatar
420 666 536 713 cassas
563 605 754 713 varietatum
783 649 819 713 in
849 628 983 713 isatiam
1009 649 1218 720 marmotisd
1239 667 1262 714 o.

206 747 300 816 xlx.
317 748 492 818 Mattiacis
514 759 657 816 arcatores
667 749 934 831 ‘intermissionis
950 750 1175 834 dssiqaantnr.

167 990 324 1120 Exactis
354 1042 525 1135 huiusque
552 1056 884 1122 animadversionibus
905 1057 938 1120 ia
960 1063 1111 1121 vetorum
1141 1055 1269 1121 Patren

166 1173 359 1238 graecorum
380 1165 413 1222 et
432 1159 609 1221 latinorum
631 1158 731 1222 libros
752 1159 838 1223 cirea
868 1159 1041 1223 lectionem
1063 1158 1165 1239 haias
1191 1177 1271 1223 eosn-

165 1260 280 1334 matis,
303 1259 400 1323 modo
431 1267 594 1340 praestat,
616 1261 714 1324 simui
735 1261 889 1342 colligere
910 1280 952 1325 ex
976 1259 1131 1325 Patribus
1157 1261 1269 1325 eisdem

163 1352 537 1438 lectiones'rariantes,
565 1363 684 1442 quibus
707 1362 797 1426 -istnd
832 1362 1052 1425 testimonium
1084 1379 1269 1440 expressum

162 1467 224 1537 est,
244 1478 424 1542 earumque
445 1463 643 1540 perscrutari
663 1479 790 1525 causas.
815 1459 908 1537 Quae
928 1461 1060 1541 quidem
1081 1463 1124 1527 nd
1148 1481 1209 1527 ses-
1226 1479 1272 1526 re·

163 1560 239 1626 duci
262 1571 393 1640 possunt
412 1561 508 1642 iuxta
530 1581 643 1625 earum
666 1562 865 1644 antiquitatis
887 1563 1048 1625 ordinem.

246 1660 373 1738 Prima,
395 1664 479 1742 duae
499 1663 720 1742 antiquissima
742 1672 773 1724 et
795 1661 930 1741 genuina
953 1671 1133 1742 reputatur
1157 1662 1266 1736 lectio,

162 1762 242 1827 haec
261 1771 331 1829 est:
356 1758 552 1846 Onicamqna
571 1760 727 1827 dimiserit
747 1781 878 1826 naerens
902 1780 1005 1840 snam,
1027 1774 1158 1846 excepta
1178 1761 1271 1846 farai·

161 1863 298 1929 cationis
316 1885 426 1944 caasa,
448 1865 528 1945 facit
548 1885 615 1928 eam
635 1863 802 1929 mactari.

243 1965 389 2031 Secunda
403 1989 412 2030 s
438 1965 634 2046 Onianmqae
649 1965 805 2031 dimiserit
819 1982 950 2029 sauram
964 1981 1059 2028 snam
1072 1975 1202 2047 excepta
1213 1965 1271 2045 far·

160 2067 332 2133 nicationis
350 2089 461 2144 caasa,
482 2067 561 2150 facit
580 2085 647 2131 eam
667 2067 843 2132 moecliari:
864 2075 892 2130 et
911 2063 968 2148 qai
986 2064 1159 2132 dimissam
1178 2067 1269 2131 sinas·

162 2169 219 2246 rit,
241 2169 429 2253 maechatur.

241 2267 372 2334 Tertia:
398 2265 595 2352 Quicumque
615 2269 773 2334 dimiserit
793 2288 923 2332 naerens
940 2288 1045 2348 suana,
1058 2267 1130 2334 nisi
1150 2268 1186 2332 on
1204 2284 1270 2331 sats·

158 2387 227 2434 sam
246 2369 485 2451 fornicationis,
507 2381 536 2434 et
555 2369 655 2435 aliam
676 2368 815 2447 duxerit,
837 2371 1028 2435 masaiatar.

240 2468 389 2546 Quarta:
414 2468 611 2551 Oaicnmqae
632 2469 788 2535 dimiserit
808 2489 939 2533 amoram
955 2489 1047 2534 snam
1067 2468 1138 2533 nisi
1156 2468 1192 2532 od
1210 2467 1269 2548 for·

159 2570 361 2661 nicatioaem,
383 2583 412 2634 et
432 2568 531 2636 aliam
552 2573 693 2645 dnaerit,
714 2572 882 2654 faciteam
904 2570 1073 2635 moechari.

241 2672 383 2750 Quintae
409 2670 604 2755 Quicumque
624 2674 781 2738 dimiserit
801 2693 931 2738 amorem
945 2692 1049 2746 snam,
1067 2669 1138 2736 nisi
1156 2668 1194 2732 ab
1211 2670 1269 2749 for·

158 2773 370 2851 nicationem,
392 2775 471 2855 faeit
491 2794 558 2838 eam
580 2775 758 2851 moeonas&
779 2785 807 2840 at
837 2774 894 2858 qni
924 2774 1092 2842 dimissam
1124 2769 1270 2844 damasit,

161 2876 351 2939 mneciatnr.

238 2976 336 3042 Sexta
357 2978 487 3041 demum
510 2976 701 3060 invulgata
724 2997 838 3058 graeca
867 2987 899 3041 et
927 2978 1049 3040 latina:
1076 2974 1271 3055 Quicumque

159 3077 314 3143 dimiserit
332 3099 464 3143 amorem
485 3099 576 3143 snam
595 3079 661 3143 nisi
680 3079 716 3142 ab
736 3078 994 3161 fornicationem,
1010 3086 1040 3141 et
1057 3076 1165 3142 aliam
1178 3079 1270 3141 dase-

159 3180 217 3259 rit,
240 3183 439 3256 mussitatum·
459 3193 488 3245 et
509 3182 566 3262 qai
587 3181 750 3245 dimissam
771 3180 912 3254 daaerit,
933 3179 1130 3244 moechatur.

241 3282 276 3346 iu
298 3285 346 3346 his
370 3292 475 3346 tamen
496 3283 671 3347 lectionum
695 3283 947 3356 diversitatibus,
963 3282 1048 3364 duae
1071 3281 1269 3362 potissimum

161 3384 408 3447 considerautur
438 3383 645 3461 essentiales3
669 3401 731 3447 una
766 3383 820 3446 ubi
850 3372 991 3445 dicitura
1018 3377 1088 3456 Qui
1119 3375 1270 3444 dimiserit

157 3501 287 3547 naerens
306 3504 397 3548 snam
417 3494 544 3562 excepta
558 3481 781 3561 fornicationis
796 3501 905 3557 caasa,
920 3479 1084 3562 faciteam
1098 3479 1270 3552 moecharis

159 3584 336 3660 etaltera,
360 3586 414 3649 nbi
440 3586 582 3663 legitur:
608 3580 672 3659 Oai
692 3583 847 3647 dimiserit
871 3601 1002 3646 naerens
1028 3600 1125 3645 snam
1155 3579 1271 3645 nisisi

147 3686 409 3765 fornicationem,
431 3696 460 3749 st
478 3685 578 3750 aliam
598 3684 738 3760 duxerit,
760 3685 950 3747 moechatur.

76 3785 78 3789 ’
242 3787 324 3850 Cum
346 3791 455 3867 itaque
477 3788 663 3868 hujusmodi
685 3786 862 3849 differentia
884 3786 970 3848 haud
997 3786 1093 3864 parvi
1124 3780 1268 3849 momenti

161 3898 356 3966 reputetur,
379 3898 411 3952 et
432 3908 506 3950 oum
531 3908 612 3951 unns
633 3891 675 3951 sit
700 3889 886 3949 Matthaeus
911 3887 1081 3966 Evangelii
1109 3892 1267 3967 scriptor,

160 3992 339 4054 necessario
361 3990 529 4069 sequitur,
553 3997 726 4068 utramque
747 3980 917 4052 lectionem
941 4007 1004 4050 non
1027 3990 1144 4052 haberi
1166 3985 1269 4068 genui·

160 4106 253 4166 nam,
287 4090 485 4169 proindeque
505 4091 531 4154 si
553 4108 616 4153 una
650 4090 786 4168 genuina
819 4090 1048 4165 existimetur,
1073 4091 1177 4153 attera
1199 4105 1266 4152 eon·

158 4198 329 4264 sequenter
360 4189 555 4269 apocrypha.
581 4187 626 4252 De
649 4189 802 4268 reliqua,
824 4189 850 4252 si
873 4206 935 4254 uua
966 4189 1194 4255 tantummodo
1217 4186 1265 4248 ad·
