2886 4784
1232 341 1274 410 ta

161 442 348 513 Gellistum‘?
372 443 411 511 Et
430 467 535 527 ‚quaec
558 447 672 511 Clerus
694 443 789 511 Urbis
812 445 953 509 scribens
976 449 1013 509 ad
1038 448 1170 511 (ilerum
1201 468 1271 510 car-

161 552 373 630 titaginensem
398 553 524 628 triginta
549 549 616 611 lere
638 568 735 610 anuos
758 558 828 627 post
850 551 1034 624 Callistum,
1056 552 1169 631 fortem
1185 552 1220 614 in
1235 554 1273 630 fi·

159 655 188 715 dc
211 664 308 716 vocat
331 653 508 715 Ecclesiam
533 650 739 714 Romanam?
762 652 813 728 (ἢ.

203 754 206 759 ’
236 754 375 818 Demum
398 757 553 826 omnium,
578 772 658 832 quas
681 758 828 833 praemisi
852 756 923 818 fidei
947 756 1105 819 formulas
1121 763 1178 818 etsi
1202 776 1271 818 vcr-

158 859 201 924 bis
227 859 413 922 differentes
445 860 475 919 in
513 875 613 919 nuum
647 867 752 918 tamen
782 858 998 920 coalescentes
1026 862 1110 921 circa
1147 860 1272 920 divinae

158 960 322 1026 Trinitatis
344 961 458 1040 dogma
482 961 612 1022 Ineunte
634 961 746 1023 seculo
771 957 829 1031 Ill,
850 969 1001 1038 {anquam
1024 978 1142 1022 corona
1166 962 1275 1022 admo-

158 1067 235 1128 dnm
267 1072 418 1126 coruscat
458 1061 564 1124 Rufini
595 1062 801 1141 aquilejensis
832 1059 996 1140 Expositio
1031 1059 1068 1121 in
1098 1058 1275 1139 Symbolum

158 1165 376 1246 apostolicum.
403 1163 436 1225 In
459 1184 522 1244 qua
547 1165 703 1243 peculiari
725 1165 834 1226 studio
851 1163 993 1243 singulas
1013 1165 1083 1243 cJus
1099 1174 1206 1244 portes
1222 1183 1276 1224 ex·

160 1267 270 1344 plicat,
295 1265 450 1344 quasdam
475 1274 586 1326 notans
609 1265 784 1326 additiones
800 1262 977 1325 secundum
994 1264 1204 1326 ecclesiarum
1221 1281 1272 1323 va·

159 1369 320 1442 rIetatem,
336 1385 397 1427 non
412 1367 579 1428 emendata
603 1371 766 1428 communi
785 1365 856 1426 fidei
875 1365 1002 1445 regula,
1019 1366 1086 1441 sed,
1103 1383 1186 1444 quae
1204 1365 1275 1426 brc-

159 1468 243 1529 ritcr
265 1466 348 1528 dicta
372 1477 476 1538 erant,
500 1468 656 1544 expositis
680 1467 837 1527 adversus
861 1467 1051 1528 haereticos.
1075 1464 1118 1528 Et
1138 1465 1191 1527 ubi
1207 1485 1277 1544 spc-

160 1569 267 1631 diatim
291 1576 402 1628 contra
430 1585 542 1634 sanam
568 1567 725 1648 Anonymi
749 1569 1045 1645 praesumptionem
1069 1573 1201 1628 notatur
1217 1565 1277 1629 Ec·

159 1668 276 1730 clasiae
300 1667 464 1730 Romanae
479 1667 669 1752 Symbolum
692 1668 732 1728 ab
756 1668 853 1745 ipsius
871 1666 1056 1745 primordiis
1073 1669 1195 1747 integre
1211 1686 1277 1728 ser-

162 1776 271 1829 ratum
297 1768 362 1829 ulla
385 1769 506 1846 absque
528 1770 688 1830 additione
710 1770 777 1828 sive
799 1768 1026 1844 explanatione
1049 1788 1152 1849 usquc
1174 1769 1212 1828 ad
1230 1771 1276 1848 ip-

159 1867 223 1930 sius
250 1868 357 1930 Rufini
379 1879 530 1943 aetatem,
553 1871 648 1933 aliter
670 1870 709 1930 ab
732 1888 783 1941 eo,
806 1871 893 1949 qnod
923 1871 965 1932 ob
988 1869 1143 1950 quasdam
1165 1888 1278 1932 causas

161 1969 279 2033 lactum
296 1970 357 2031 luit
372 1971 402 2030 iu
419 1972 560 2032 ecclesiis
583 1970 806 2031 orientalibus.

242 2071 289 2132 lta
314 2089 452 2149 namque
473 2072 584 2132 scribit
606 2090 635 2132 n.
657 2071 686 2135 2.
712 2092 728 2128 n
755 2069 853 2132 Credo
876 2069 909 2131 in
928 2068 1024 2130 Deum
1040 2069 1278 2133 Patremomni·

157 2180 324 2249 potentem.
350 2169 472 2233 Verum
495 2173 684 2250 priusquam
703 2171 852 2249 incipiam
869 2171 907 2233 de
923 2172 997 2249 ipsis
1013 2188 1197 2233 sermonum
1216 2172 1279 2231 vir·

164 2275 284 2336 tutibus
307 2274 485 2352 disputare,
508 2273 589 2334 illud
613 2290 674 2335 nou
694 2275 877 2353 importune
892 2272 1158 2335 commonendum
1175 2283 1254 2351 puto
1266 2293 1276 2350 3

164 2377 249 2455 qnod
274 2378 303 2435 in
326 2373 460 2436 diversis
483 2376 624 2437 ecclesiIs
655 2376 763 2455 aitqua
798 2377 827 2436 in
861 2376 908 2435 bis
933 2374 1037 2436 verbis
1071 2376 1280 2437 inveniuntur

167 2479 303 2560 adjecta.
329 2476 363 2538 ln
387 2476 530 2540 Ecclesia
556 2485 660 2540 tamen
683 2479 772 2540 urbis
795 2477 917 2540 Romae
941 2479 1001 2540 boc
1024 2497 1085 2540 non
1102 2476 1280 2555 deprehen·

167 2581 255 2642 ditur
277 2571 422 2641 lactum}
445 2581 532 2656 quod
547 2597 606 2658 ego
623 2587 793 2658 propterea
811 2598 878 2641 esse
894 2581 1050 2654 arbitror,
1071 2581 1157 2658 quod
1175 2599 1279 2659 neque

171 2683 310 2744 haeresis
333 2680 400 2743 nlla
430 2682 497 2743 illic
519 2685 654 2760 sumpsit
676 2683 847 2744 exordium
861 2702 872 2759 3
895 2691 925 2743 et
950 2700 1017 2744 mos
1052 2682 1094 2745 ibi
1128 2692 1280 2744 servatur

169 2787 333 2863 antiquus,
356 2801 410 2846 eos
432 2784 486 2863 qui
511 2786 645 2860 gratiam
669 2783 815 2862 baptismi
837 2787 1019 2862 suscepturi
1038 2785 1279 2863 sunt,pnblicc,

166 2885 245 2948 ldest
267 2885 411 2946 bdelium
436 2885 556 2964 populo
580 2885 720 2945 audienti
737 2884 926 2967 Symbolum
946 2884 1102 2948 reddere:
1120 2895 1152 2947 et
1169 2887 1282 2965 utiquc

168 2980 378 3067 adjectionem
394 2988 488 3046 unius
505 2986 619 3046 saltem
634 2989 802 3061 sermonis,
817 3004 930 3048 eorum
954 2989 1009 3064 qni
1037 2997 1282 3065 praecesserunt

169 3089 195 3148 in
220 3087 282 3147 tide
306 3105 367 3147 non
391 3087 529 3146 admittit
543 3087 684 3147 auditus.
704 3085 739 3147 ln
755 3089 870 3148 ceteris
886 3095 993 3148 autem
1010 3088 1102 3161 locis,
1122 3099 1279 3165 quantum

171 3188 303 3264 intelligi
327 3188 438 3258 datur,
462 3197 595 3266 propter
616 3186 787 3249 nonnullos
804 3188 983 3249 haereticos
999 3187 1105 3248 addita
1123 3189 1281 3266 quaedam

171 3289 334 3361 ridentur,
356 3306 415 3366 per
436 3307 519 3366 quae
542 3288 690 3359 novellae
712 3289 877 3350 doctriuae
892 3307 1003 3351 sensus
1018 3289 1209 3351 crederetur
1226 3310 1283 3351 ex·

170 3389 264 3452 cludi.
285 3387 352 3451 Nos
377 3396 481 3450 tamen
504 3389 597 3450 illum
620 3391 764 3451 ordinem
787 3391 967 3469 sequimur,
985 3409 1081 3469 quem
1106 3393 1135 3453 in
1159 3392 1284 3470 aquile·

168 3486 242 3566 jensi
266 3491 401 3552 ecclesia
425 3510 483 3569 per
505 3491 626 3553 lavacri
650 3493 785 3569 gratiam
808 3493 1020 3571 suscepimus.
1045 3513 1060 3549 o

244 3589 379 3664 Deinde,
404 3594 514 3668 paucis
536 3591 725 3671 interjectis,
748 3593 898 3670 sequitur
912 3613 941 3655 n.
956 3591 986 3657 3.
1003 3615 1019 3652 n
1041 3593 1150 3668 Credo,
1167 3596 1282 3672 lnquit,

168 3684 197 3751 in
219 3691 322 3755 Deum
346 3692 472 3755 Patrem
493 3691 744 3771 omnipotentem.
773 3692 914 3756 Orientis
937 3697 1090 3758 ecclesiae
1118 3697 1184 3757 lere
1216 3713 1283 3756 om·

169 3803 218 3853 ncs
241 3793 285 3853 ita
313 3793 465 3855 tradunt:
489 3793 580 3853 credo
601 3793 636 3854 ln
651 3811 750 3855 unum
768 3791 866 3855 Deum
882 3794 1010 3857 Patrem
1030 3793 1280 3873 omnipotentem.

164 3881 206 3953 bt
230 3911 347 3955 rursus
370 3894 400 3955 in
422 3895 569 3973 sequenti
591 3912 751 3970 sermone,
774 3895 828 3957 ubi
846 3913 902 3957 uos
919 3894 1074 3957 dicimuse
1091 3905 1116 3956 ct
1131 3892 1285 3956 inlesum

159 4214 181 4255 a
235 4125 405 4266 l&mimulos
423 4127 579 4203 Epistulam
589 4129 671 4187 VIII.
691 4130 721 4184 in
740 4129 860 4203 Scriptis
879 4146 902 4184 s.
921 4127 1066 4201 Cypriani,
1081 4127 1282 4184 Amstelodami

181 4222 215 4265 n.
310 4252 316 4265 .
