2886 4784
78 447 246 511 catbollea
267 446 394 522 devius,
417 449 523 526 pergit
545 447 737 529 anonymus
761 444 920 511 disserens
943 446 983 509 dc
1006 447 1143 510 bominis
1158 466 1212 512 or·

81 557 135 623 tu,
158 556 191 609 et
211 551 255 611 ait
276 567 307 609 n.
329 544 381 611 33.
404 545 506 609 Homo
525 564 624 617 uero,
644 543 701 625 qui
720 545 826 624 [octus
846 556 915 623 est,
939 546 1064 608 animai
1084 544 1138 609 sui
1155 545 1210 629 jn·

83 647 134 710 ris
155 657 235 723 erat,
255 665 321 709 non
341 646 547 726 imperantem
566 656 698 707 mentem
718 645 845 723 babens,
863 664 920 709 nec
935 646 1135 727 cogitatione,
1154 666 1212 710 nec

80 745 274 811 anctoritate
294 745 435 815 omnium
456 745 637 822 dominans,
660 747 715 807 sed
736 765 849 808 seruos
870 755 899 806 ct
920 748 1030 809 omnio
1043 749 1210 812 contraria

83 848 225 911 babens.-
246 847 316 929 qni,
338 850 436 928 qnnm
456 846 508 910 eni
523 845 614 928 jnrie
635 856 725 921 esset,
747 845 827 909 mali
853 857 966 911 auctor
985 847 1059 927 snit.
1084 869 1100 906 »
1124 849 1213 913 llaec

83 949 236 1012 absolute
257 949 298 1011 ab
312 948 482 1032 Anonymo
498 949 641 1024 adserta,
660 951 874 1028 ignorantiam
893 952 991 1029 ipsius
1008 950 1210 1013 manifestant

86 1052 129 1112 de
158 1062 272 1114 natura
297 1050 432 1112 bominis
453 1050 494 1110 ab
515 1051 607 1113 initio
637 1051 808 1113 creationis
841 1063 872 1113 et
900 1062 973 1112 ante
1000 1051 1088 1114 Adae
1118 1069 1209 1130 prae·

87 1153 345 1218 varicatioaem:
368 1151 534 1231 quomodo
556 1169 672 1230 nempe
696 1151 793 1215 bomo
814 1170 831 1213 a
855 1151 922 1215 Deo
950 1163 1078 1216 creatus
1103 1163 1151 1216 est
1179 1157 1210 1216 in

85 1253 211 1333 justitia
234 1265 267 1315 et
286 1256 468 1327 sanctitate,
491 1253 621 1318 dotibus
643 1254 770 1315 animae
792 1265 822 1316 ct
847 1259 994 1334 corporis
1015 1256 1139 1317 eximiis
1159 1273 1212 1316 or·

87 1365 197 1429 natus,
216 1354 491 1434 quemadmodum
515 1356 609 1415 docet
633 1352 779 1416 Ecclesia
801 1353 981 1419 Catbolioa.

170 1455 380 1535 Quapropter
401 1453 636 1526 Tertullianus,
659 1457 711 1519 cui
734 1458 926 1521 inscribitur
948 1456 1055 1532 Liber,
1071 1459 1152 1520 banc
1169 1458 1211 1520 Α·

89 1558 222 1639 nonymi
243 1557 432 1620 sententiam
456 1557 632 1619 refutatio
655 1546 759 1620 Libro'
774 1557 818 1620 De
839 1557 951 1620 animo
973 1579 1000 1622 c.
1024 1557 1210 1622 xxxvnt.

91 1680 109 1717 e
131 1657 164 1722 Si
186 1659 270 1720 enim
293 1657 398 1720 Adam
420 1667 451 1719 et
475 1655 544 1720 Eva
568 1677 608 1720 ex
633 1662 794 1738 agnitione
817 1661 942 1723 boniet
964 1660 1039 1723 mali
1063 1661 1208 1739 pudenda

89 1769 202 1839 tegere
222 1767 406 1832 senscrunt,
426 1777 468 1822 cx
489 1778 555 1837 qno
577 1761 716 1839 idipsum
737 1763 905 1836 sentimus,
922 1765 1116 1840 agnitionem
1134 1763 1208 1824 boni

91 1872 125 1925 at
146 1861 223 1924 mali
245 1859 450 1939 profitemur.
475 1859 525 1921 Ab
548 1860 596 1922 bis
618 1871 728 1924 antem
750 1865 839 1925 annis
872 1870 904 1924 ct
926 1862 1083 1925 sullnsior
1102 1872 1135 1926 et
1158 1882 1211 1926 te·

89 1965 200 2027 stitinr
219 1980 319 2025 sexus
340 1968 410 2038 est;
433 1968 465 2022 et
485 1958 743 2041 concupiscentia
767 1964 871 2026 oculis
892 1966 1022 2026 arbitris
1046 1965 1151 2027 utitur
1177 1972 1210 2026 et

91 2063 313 2129 communicat
333 2062 509 2141 placitum,
532 2072 563 2125 et
586 2064 736 2144 inteiligit
758 2082 844 2144 qnae
867 2066 930 2127 sint
943 2085 955 2143 3
977 2073 1009 2127 et
1031 2065 1108 2127 fines
1134 2084 1211 2128 suos

90 2168 236 2231 adinstar
256 2163 416 2227 ficulneae
430 2167 629 2244 contagionis
645 2167 812 2244 prurigine
827 2168 964 2245 accingit
979 2188 986 2228 ε
1002 2175 1035 2228 et
1051 2167 1210 2230 bominem

90 2271 132 2332 de
154 2267 304 2348 paradiso
326 2266 516 2344 integritatis
538 2268 659 2342 educit,
683 2269 798 2330 exinde
819 2269 1058 2346 scabiduetiam
1079 2272 1109 2331 in
1126 2279 1210 2332 cete·

91 2391 146 2434 ras
168 2370 294 2445 culpas.
317 2377 348 2429 et
372 2367 577 2446 delinquendi
600 2387 661 2432 non
684 2369 876 2445 naturales,
900 2388 973 2432 cum
993 2371 1059 2450 jam
1081 2390 1151 2433 non
1168 2392 1209 2434 ex

91 2471 242 2533 instituto
258 2477 405 2546 naturae,
419 2467 474 2529 sed
489 2488 530 2531 ex
548 2471 636 2555 vitio.
653 2488 669 2526 n
685 2467 726 2532 Et
743 2471 772 2530 in
788 2467 886 2532 Libro
903 2469 945 2532 De
955 2468 1112 2548 patientie
1124 2491 1150 2534 c.
1170 2469 1208 2534 V.

92 2574 160 2651 alte
185 2591 201 2629 a
224 2566 378 2632 lnnocens
399 2579 469 2630 crat
490 2569 619 2647 tanam)
641 2579 672 2632 et
695 2569 762 2632 llen
784 2572 823 2633 de
848 2573 997 2650 proximo
1028 2574 1149 2635 amicus
1177 2583 1210 2634 et

92 2675 235 2755 paradisi
257 2675 403 2736 colonus.
428 2673 470 2733 m
492 2672 546 2733 nbi
569 2674 784 2751 impatientiae
807 2673 906 2735 semel
929 2674 1065 2736 succidit
1082 2676 1211 2751 lencon-

93 2775 192 2850 buit),
216 2774 331 2836 desiuit
353 2771 421 2834 Deo
451 2790 588 2850 sapere,
619 2775 735 2836 desivit
766 2775 917 2837 coelestia
940 2776 1097 2837 sustinere
1120 2793 1212 2854 possa

93 2886 157 2940 otc.
172 2894 189 2933 n
204 2873 361 2954 Origenes
376 2874 412 2936 in
428 2873 584 2937 ioannem
599 2871 701 2936 Tomo
716 2872 805 2936 Xlll.
824 2892 853 2933 n.
866 2874 915 2939 37.
933 2876 977 2936 ait
992 2873 1094 2936 Deum
1110 2876 1212 2937 bomi-

94 2997 170 3040 nem
192 2977 372 3057 perlectum
395 2976 597 3053 condidisse;
620 2994 679 3037 nec
699 2974 824 3053 aliquid
854 2974 1079 3052 imperfectum
1102 2978 1134 3036 in
1157 2993 1212 3054 pa·

95 3079 205 3141 radiso
220 3079 262 3139 ab
278 3079 347 3157 ipso
369 3077 489 3140 lactum
512 3094 602 3152 esse3
626 3088 657 3137 et
679 3076 855 3138 absurdum
883 3094 950 3136 esso
974 3085 1090 3154 putare
1107 3073 1209 3137 Deum

95 3179 145 3240 rei
167 3178 375 3257 imperfectae
390 3175 488 3239 inissa
510 3187 698 3238 auctorem:
723 3176 952 3254 imperiectnm
974 3193 1051 3237 vero
1073 3177 1212 3238 evasisse

94 3280 258 3343 bominem
280 3279 321 3342 ob
343 3280 574 3341 inobedientiae
597 3286 735 3340 rnatum.

175 3379 434 3460 Praetereaque
458 3380 595 3453 ratione,
619 3380 747 3452 nescio,
772 3380 958 3458 anonymus
979 3385 1042 3439 tam
1065 3377 1205 3440 sollicite

95 3481 238 3545 liberum
259 3482 433 3543 arbitrium
454 3481 485 3541 in
508 3481 636 3541 bomine
660 3488 866 3558 propugnet,
887 3483 1062 3558 erigatque
1083 3479 1124 3539 ab
1146 3498 1208 3540 eo:

96 3607 113 3643 e
136 3581 239 3647 Homo
259 3601 343 3658 cero,
366 3585 423 3659 ait,
445 3580 503 3664 qni
522 3585 626 3662 sactae
647 3592 705 3653 ert,
726 3581 851 3644 animal
872 3581 925 3644 soi
940 3581 1130 3662 jnriserct,
1148 3599 1211 3643 non

93 3682 303 3763 imperantem
324 3695 456 3746 mentem
477 3684 591 3745 babens
613 3693 673 3746 etc.
700 3681 802 3743 Paulo
825 3691 913 3761 poste
932 3680 1097 3744 «Homini
1115 3682 1211 3744 libero

93 3796 143 3847 est
159 3807 180 3847 o
202 3785 265 3848 Deo
283 3784 415 3865 definito
435 3787 500 3862 ten,
522 3803 586 3848 non
606 3787 732 3865 [rostra
753 3793 814 3846 etc.
832 3804 848 3841 »
867 3783 944 3846 ltem
968 3785 1083 3864 inquit,
1112 3783 1209 3846 Deum

94 3898 235 3949 auertere
255 3884 411 3950 bominem
431 3886 469 3950 ob
490 3883 714 3963 inobedientia,
730 3904 786 3946 nec
807 3880 1001 3948 necessitatis
1022 3885 1052 3947 oi
1073 3883 1213 3964 redigere

93 4007 164 4050 cnm
185 3986 221 4050 in
242 3987 440 4062 seraitntem;
462 3989 516 4052 sed
536 3989 683 4049 bortatur
703 4005 760 4050 nos
781 3996 816 4048 nt
836 3985 969 4049 arbitrio
990 3997 1097 4050 nostro
1118 3985 1210 4048 tibere

94 4088 252 4152 oinomns.
269 4109 285 4148 n
302 4089 343 4154 lit
361 4083 471 4170 pencis
487 4089 673 4171 interjectis,
691 4091 809 4152 iterum
831 4089 906 4151 dicit
929 4085 1055 4150 Verbum
1074 4105 1208 4167 persna-

92 4211 167 4254 snm
181 4193 297 4270 faeere,
312 4191 412 4255 Deam
433 4189 516 4255 nibil
537 4189 616 4253 moli
635 4189 759 4272 fecisse3
769 4192 838 4271 jam
852 4189 1006 4252 bominem
1023 4188 1149 4253 liberam
1167 4209 1210 4251 es·

93 4312 138 4370 sc,
157 4301 340 4374 potestatem
362 4285 522 4355 bibentem
543 4289 670 4354 colendi
689 4301 719 4353 et
738 4287 868 4352 nolendi
889 4298 944 4352 etc.
969 4308 985 4348 n
