2886 4784
163 2174 365 2356 origenis
393 2258 480 2333 mihi
508 2260 735 2357 percurrenti
768 2257 1049 2333 commentarios
1081 2259 1120 2333 ia
1152 2253 1244 2333 Mot-

161 2390 380 2475 rhaeorum
404 2387 542 2486 singula
566 2403 731 2462 notarem
756 2388 1087 2486 expenderomquc‚
1107 2388 1152 2462 do
1172 2389 1246 2484 qui·

160 2516 230 2591 bus
250 2517 386 2591 frustra
406 2516 451 2589 ab
471 2516 688 2590 adversariis
709 2516 952 2603 insimulatur,
968 2518 1002 2589 io
1024 2515 1131 2589 Libro
1150 2514 1247 2590 xtV.

160 2668 198 2717 n.
227 2638 294 2718 24.
315 2643 475 2718 occurrit
493 2645 659 2740 quaestio
679 2646 881 2719 scribarum
911 2659 949 2720 et
969 2644 1245 2741 pharisaeorum

160 2795 244 2847 cum
272 2772 359 2848 Josu
388 2773 482 2846 circa
512 2796 640 2847 causas
675 2772 821 2847 divortii
857 2774 952 2847 inter
990 2778 1176 2870 conjuges.
1205 2775 1247 2849 in
1354 2807 1357 2811 ¹

159 2900 255 2975 hanc
282 2903 532 2999 quaestionem
561 2923 643 2974 cnm
673 2901 797 2975 scdulo
825 2900 1073 2986 incumberet,
1102 2903 1243 3000 singula

159 3026 416 3126 Evangciistac
437 3027 547 3102 verba
577 3051 622 3101 cx
651 3029 790 3124 graecis
818 3027 1001 3102 codicibus
1029 3043 1178 3113 notans,
1198 3031 1244 3104 ad
1296 3020 1303 3039 '

145 3156 379 3235 ,versiculum
405 3155 586 3259 peruenit,
608 3155 667 3228 ubi
696 3157 747 3230 ita
775 3156 953 3254 scriptum
980 3158 1136 3255 reperit:
1155 3157 1244 3233 Dico

158 3297 278 3358 uatem
297 3285 405 3372 actis,
425 3285 637 3384 quicumque
664 3282 842 3359 dimiserit
870 3308 1017 3360 atrorem
1044 3310 1159 3371 soom,
1179 3311 1243 3361 eto·

157 3427 261 3509 cepto
288 3434 396 3485 conso
422 3411 681 3510 fornicationis,
708 3413 796 3510 sarit
823 3435 900 3486 eom
928 3414 1119 3488 moechari.
1145 3413 1243 3503 Qua-

157 3537 323 3613 mobrem
353 3538 521 3624 antius,
540 3539 609 3612 hac
636 3540 798 3637 inspecta
826 3539 995 3627 lectione,
1015 3544 1240 3640 miratusque

158 3667 441 3764 discrepantiam
470 3666 516 3741 ab
544 3668 716 3743 hodierna
745 3693 874 3766 graeca
903 3669 936 3744 el
964 3669 1075 3745 latina
1105 3669 1242 3766 Vulga-

159 3810 227 3882 ta,
256 3795 342 3869 talia
371 3796 405 3868 in
435 3796 531 3870 notis
559 3795 794 3894 subscripsit:
829 3823 845 3868 o
877 3796 979 3871 Hono
1006 3797 1153 3884 iocum,
1181 3798 1243 3896 qui
1293 3868 1295 3872 ,

158 3923 255 4022 apud
283 3922 509 4000 Matthacum
537 3938 641 3998 extat
668 3949 748 4023 cap.
777 3925 820 4000 V.
849 3919 917 4001 32.
946 3927 1133 4002 confundit
1160 3927 1241 4001 Ori·

158 4077 270 4151 genes
296 4075 379 4129 oum
407 4077 450 4130 oo
479 4052 593 4128 altero
614 4051 790 4132 Matthaei
808 4053 901 4131 XIX.
923 4050 960 4132 9.
981 4057 1025 4133 dc
1045 4079 1116 4156 quo
1136 4080 1239 4157 agen·

158 4182 245 4257 dum
274 4194 366 4258 erat.
400 4207 418 4254 u
