2886 4784
249 475 290 541 Et
312 476 375 538 hoe
396 479 513 548 tamen,
529 472 644 536 sedulo
666 473 841 553 disquiritis
863 492 900 536 ac
925 471 1109 554 ponderatis
1134 472 1221 549 actis,
1236 470 1272 534 io

167 581 272 644 inuste
292 577 517 654 supervenisse
542 577 689 638 cernitur
710 578 741 636 in
765 577 954 654 quaestione
987 576 1199 654 origeniana,
1226 595 1272 638 an·

167 689 259 746 olore
280 679 456 760 praecipuo
476 675 670 757 Theophilo,
692 681 786 740 sicuti
808 678 878 758 ejus
900 686 932 740 el
955 675 1146 759 Hieronymi
1168 680 1273 756 scripta

166 791 340 854 testantur,
358 788 392 842 et
412 779 553 842 aliorum
576 779 632 858 qni
654 797 690 840 ea
716 782 867 841 vixerunt
889 787 1017 856 aetate3
1043 787 1078 839 nt
1102 779 1218 840 merito
1237 780 1274 839 in·

168 884 307 957 leretur,
330 889 446 944 cuneta
471 899 540 942 esse
562 890 639 944 tuuc
660 889 786 958 patrata
816 898 890 940 eum
919 880 1029 958 legum
1052 879 1274 943 ecelesiastica·

164 1004 238 1049 rum
263 985 436 1048 violatione
458 991 489 1045 et
510 992 696 1046 sanctorum
722 970 867 1044 virorum
890 982 1020 1062 injuria.
1039 980 1079 1044 Et
1102 982 1178 1046 hinc
1200 983 1274 1046 insn-

163 1105 236 1169 per,
252 1087 333 1150 idest
354 1088 394 1148 ab
419 1084 604 1164 hujusmodi
628 1085 828 1165 praejudicio
849 1084 1036 1165 explicatur
1058 1102 1206 1164 quoque,
1223 1103 1275 1146 cnr

162 1192 194 1254 in
215 1189 399 1253 successivo
422 1198 568 1268 temporo
595 1206 730 1260 omnes,
753 1189 809 1267 qui
833 1189 954 1265 pariter
985 1207 1118 1250 cansam
1147 1198 1273 1267 egerunt

163 1291 325 1371 Origenis,
348 1290 566 1353 orthodoxiae
589 1290 676 1351 illius
700 1289 750 1350 vel
774 1289 923 1350 absolute
944 1289 1011 1350 sive
1037 1290 1147 1353 obiter
1177 1298 1273 1370 patro·

162 1395 281 1467 uinati,
305 1393 409 1454 eidem
440 1391 680 1471 subjicerentur
708 1391 935 1452 criminationi.
959 1388 1055 1465 Quod
1079 1393 1271 1470 potissimum

161 1492 286 1558 Soorali
309 1502 341 1556 el
360 1491 530 1555 Sozomeni
553 1493 680 1566 accidit,
703 1494 852 1572 aliisque,
869 1491 987 1570 quibus
1009 1491 1083 1556 ideo
1108 1510 1268 1574 perperam

162 1596 314 1660 statuite
335 1594 452 1657 inliicta
475 1604 523 1656 est
544 1594 674 1656 fictitiae
697 1595 795 1674 hujus
818 1597 988 1657 haereseos
1010 1602 1100 1656 nota.

244 1695 284 1761 Et
304 1715 380 1761 sane
402 1698 502 1776 (mihi
524 1697 665 1760 donetur
687 1696 766 1760 haee
788 1697 891 1759 brevis
914 1698 1091 1775 digressio)
1114 1705 1147 1759 el
1161 1698 1270 1760 sanein

162 1799 223 1861 hae
244 1799 422 1861 miseranda
444 1798 628 1860 conditione
650 1797 803 1877 pergebat
825 1799 865 1859 de
885 1797 1027 1876 Origene
1058 1797 1198 1878 ejusque
1226 1815 1269 1876 pa·

161 1901 263 1962 tronis
284 1900 392 1979 opinio
413 1917 450 1962 nc
473 1901 648 1980 praecipue
670 1903 753 1960 inter
779 1899 978 1962 Palaestinae
994 1902 1191 1974 monachos3
1204 1917 1266 1961 eum

160 2011 291 2066 eentum
313 2002 547 2082 qninquaginta
571 2002 660 2064 nonis
683 2011 776 2080 post,
803 2005 888 2064 circa
911 2011 1051 2064 aetatem
1080 2002 1216 2067 Concilil
1236 1999 1266 2062 l.

162 2107 195 2167 in
218 2104 282 2167 illis
304 2105 521 2181 monasteriis,
538 2103 593 2165 nbi
616 2103 656 2165 ah
677 2122 760 2166 aero
781 2123 806 2165 s.
823 2103 1016 2185 Hieronymi
1035 2105 1196 2183 reliquiae
1214 2120 1267 2166 ser·

162 2208 323 2269 rebantur
344 2207 443 2287 hujus
466 2207 686 2286 quaestionis,
709 2206 816 2269 denuo
838 2208 970 2286 qnidam
993 2210 1145 2270 monachi
1160 2191 1264 2283 ,hand

158 2305 308 2386 prolecto
329 2307 424 2386 periti
446 2325 503 2368 nee
524 2324 599 2366 sana
623 2307 766 2367 doctrina
790 2307 925 2381 imbuti,
949 2306 1201 2370 insurrexerunt
1221 2304 1264 2368 ad·

161 2425 276 2471 versus
296 2408 377 2470 alios
396 2409 500 2470 socios
521 2426 622 2482 snos,
647 2426 723 2470 vere
745 2408 836 2487 pios,
861 2426 937 2470 vere
958 2410 1185 2482 orthodoxos,
1217 2408 1264 2468 hos

159 2510 382 2572 insimulantes
405 2510 550 2587 perversi
571 2507 721 2587 Origenis
743 2510 903 2588 dogmatis
925 2527 1010 2573 reos.
1035 2508 1189 2585 Quorum
1219 2508 1265 2570 dn·

160 2628 214 2673 ees
236 2611 357 2688 (veluti
380 2614 412 2674 in
434 2630 461 2673 c.
486 2608 602 2673 XXlV.
625 2608 717 2673 Tomi
743 2608 797 2673 tv.
821 2612 943 2674 dictum
966 2611 1036 2688 est)
1058 2631 1102 2674 ex
1126 2610 1263 2674 Facundo

160 2711 387 2784 hermianensi,
403 2731 444 2772 ex
460 2709 586 2790 Cyrillo
608 2713 780 2788 monacho,
799 2731 840 2773 ex
863 2709 1058 2790 Theophane
1081 2713 1263 2773 notabantur

160 2809 308 2884 nonnus,
324 2808 516 2874 Theodorus
534 2813 663 2885 deoida,
680 2811 896 2883 Domitianus,
914 2810 1092 2884 Macarius,
1108 2811 1260 2880 Leontius,

159 2908 332 2974 Eusebius
353 2931 445 2990 papa.
468 2911 550 2975 Cum
581 2914 665 2973 enim
691 2914 869 2973 adversarii
898 2913 1021 2973 nullam
1048 2913 1206 2974 habereut
1232 2929 1261 2971 cr

159 3013 292 3076 illorum
314 3025 406 3093 parte
429 3013 628 3076 manifestam
652 3015 750 3094 hujus
772 3032 945 3091 perversae
967 3013 1136 3075 doetrinae
1153 3012 1262 3076 coales-

158 3115 407 3193 sionem,supra
431 3133 529 3194 quam
551 3124 741 3176 extruerent
761 3114 920 3195 judicium
941 3115 1067 3194 justum
1090 3118 1122 3176 in
1145 3116 1261 3177 illorum

158 3215 479 3287 condemnationem,
502 3216 543 3276 ab
565 3217 712 3297 improbo
734 3215 904 3296 Theophili
929 3217 1136 3280 alexandrini
1169 3233 1261 3280 creu-

158 3315 227 3394 plo‚
241 3316 397 3395 istiusque
420 3317 619 3394 iniquissimo
639 3315 788 3394 iudicatu
809 3316 953 3389 abducti,
970 3335 1010 3377 ex
1033 3319 1262 3396 suppositam

157 3432 232 3480 rum
254 3427 408 3496 corrupta
432 3417 542 3479 intima
565 3419 757 3478 conscientia
779 3419 860 3490 (stult
876 3417 945 3481 Deo
961 3421 1057 3494 notai
1080 3420 1261 3482 conatisnnt

158 3517 233 3580 illos
254 3518 399 3597 aggredi,
421 3526 454 3578 el
474 3519 672 3578 anathemati
693 3519 868 3599 subjicere.

236 3617 361 3697 Reapse
378 3617 550 3682 Facundus
566 3623 639 3699 iqui
662 3622 723 3680 hoc
740 3623 823 3682 idem
846 3621 1002 3684 sentiebat
1024 3639 1101 3682 cnm
1125 3619 1261 3709 praelatis

159 3720 323 3782 monacbis
352 3730 464 3784 contra
487 3720 686 3801 Origenemi
717 3724 907 3801 ceterique,
929 3724 985 3801 qni
1016 3740 1093 3784 curn
1126 3720 1262 3785 Facundo

157 3819 242 3882 idem
274 3822 430 3900 putabant
460 3840 520 3900 pro
546 3823 648 3884 tribus
677 3821 858 3901 Capitulis,
882 3827 913 3886 iu
944 3821 1042 3886 Libro
1067 3822 1093 3883 Ι.
1118 3845 1146 3886 c.
1172 3822 1209 3884 ΙΙ.
1228 3823 1263 3883 ait

157 3923 314 4003 quosdam
338 3921 565 3999 (Theodorum
589 3924 739 3985 Ascidam
763 3925 948 4004 speciatim)
968 3926 1030 3986 sub
1047 3926 1178 3988 nomine
1193 3923 1262 3988 chri·

157 4026 261 4086 aliano
282 4023 415 4086 latrator
436 4027 467 4086 in
491 4023 632 4087 Ecclesia
656 4027 775 4105 gentile
797 4029 916 4088 sectari
936 4025 1089 4106 Origenis
1111 4027 1262 4108 dogma.»

157 4122 303 4210 Cyrillns
325 4126 501 4188 monachus
523 4127 554 4188 in
578 4129 641 4189 vita
663 4146 688 4190 s.
711 4126 834 4190 Sabbae
856 4147 887 4190 n.
908 4126 960 4192 36.
981 4128 1107 4203 scribit,
1123 4127 1260 4192 Nounuu

158 4235 190 4287 et
211 4225 292 4288 alios
314 4242 434 4305 pauens
448 4228 570 4290 occulte
584 4230 769 4308 origeniana
785 4230 934 4311 dogmata
948 4248 1154 4296 sussurrnre.
1171 4227 1261 4294 Paulo
