2886 4784
160 342 221 417 tte

158 465 250 512 versa
266 444 443 526 'theologia
459 443 634 523 disputavit
648 450 759 508 contra
772 441 901 510 Celsum
914 463 926 522 3
942 442 983 505 de
998 443 1147 506 universa
1162 435 1244 506 iheu·

157 553 241 631 logia
265 553 328 630 egit
350 553 380 611 in
403 550 493 611 libris
521 547 736 619 Perierelten;
769 548 807 608 de
837 549 987 610 universa
1018 544 1190 625 Theologia
1214 546 1247 606 di·

158 652 326 731 sceptavit·
339 655 369 712 io
392 652 482 713 libris
497 647 689 714 stromatum
702 666 773 711 t-ac
789 649 972 711 universam
989 644 1195 724 Theologimu
1209 664 1251 708 ex·

162 757 269 831 posuit
292 756 322 815 in
345 751 495 815 Homiliis
516 752 554 812 ad
578 752 747 829 populum.
766 749 805 812 Et
828 751 869 811 ita
893 751 924 809 in
945 749 1062 811 ceteris
1085 747 1253 810 tractatihm

157 859 253 919 etiem
275 856 468 934 specialibus
490 873 542 915 ex.
565 871 595 932 g.
622 852 663 914 Oe
684 848 948 923 Resurrectione,
970 848 1015 910 De
1037 847 1204 927 Martyria,
1223 845 1255 910 bt

161 955 336 1032 Oratione,
359 957 416 1018 nisi
439 975 479 1018 ex
503 956 661 1031 protesso,
685 956 798 1017 saltem
821 955 928 1016 obiter
956 971 992 1013 ea
1015 953 1180 1030 potissima
1200 949 1260 1013 utet

160 1059 355 1119 christianae
378 1058 528 1134 dogmata
552 1057 682 1134 pertigit
708 1056 747 1116 de
771 1053 851 1129 Dec,
874 1055 913 1116 de
934 1052 1107 1141 Trinitate,
1123 1055 1162 1114 de
1181 1051 1257 1117 Chri·

159 1159 199 1220 sti
222 1160 402 1230 divinitate,
427 1158 465 1218 de
489 1155 585 1217 Verbi
608 1157 951 1229 consubstantialitate,
975 1157 1015 1218 de
1038 1155 1257 1228 incarnatione,

160 1260 199 1320 de
223 1263 286 1319 vita
311 1259 435 1327 tuturo,
459 1256 497 1317 de
519 1257 624 1318 libero
646 1258 794 1330 arbitrio,
818 1250 859 1319 de'
879 1259 980 1335 gratia
1003 1255 1062 1319 Dei
1086 1266 1148 1319 etc.

238 1359 320 1422 Cum
344 1360 422 1420 haee
444 1361 485 1418 ita
508 1362 584 1429 sint,
606 1376 664 1418 nec
685 1377 777 1419 secus
800 1368 916 1436 putare
936 1358 1047 1433 liceat,
1064 1359 1173 1419 nescio
1192 1374 1258 1435 que

160 1460 256 1520 modo
277 1460 494 1536 componenda
518 1461 580 1520 siut
602 1460 685 1520 dicta
707 1457 890 1536 Theophili,
914 1458 969 1537 qui
992 1461 1054 1533 ait,
1078 1459 1214 1537 pulchra
1232 1459 1256 1518 et

158 1562 285 1640 spinosa
300 1563 462 1624 contineri·
480 1562 510 1621 in
532 1560 622 1620 libris
637 1560 797 1638 Origeuis,
814 1563 908 1623 sicuti
924 1570 957 1623 et
972 1559 1176 1644 Hieronymi,
1198 1574 1258 1621 cau

161 1663 288 1741 iuquit,
311 1664 342 1723 iu
375 1663 470 1725 uariis
491 1660 671 1723 Bibliorum
704 1662 954 1724 discussionibus
986 1660 1161 1740 Origenem
1192 1660 1258 1722 bour

158 1763 322 1842 scripsisse
352 1770 384 1823 et
412 1763 551 1824 maxima
578 1769 777 1822 sacramenta
801 1762 985 1835 revelasse,
1007 1762 1062 1823 sed
1096 1763 1128 1824 in
1159 1759 1257 1824 ceteris

161 1881 261 1943 prava
291 1867 488 1944 exposuisse.
519 1860 612 1937 Quae
635 1864 764 1941 quidem
789 1865 887 1943 proba
912 1870 944 1926 et
966 1864 1058 1926 utilia
1091 1865 1186 1927 sicuti
1216 1865 1259 1924 iu·

161 1967 261 2045 proba
284 1974 317 2028 et
338 1968 447 2046 impia,
471 1965 605 2028 eumad
629 1965 778 2028 eumdem
801 1965 988 2029 referentur
1007 1983 1166 2045 scopum,
1187 1966 1255 2028 idest
1284 2015 1287 2026 .

159 2069 200 2130 nd
224 2067 400 2147 Religionis
423 2069 614 2129 christianae
638 2068 905 2141 laudamentum,
927 2068 965 2129 ad
991 2068 1109 2145 ileum,
1138 2069 1176 2130 ad
1200 2065 1256 2148 ltr-

158 2173 293 2234 sterium
315 2169 493 2241 Trinitatis,
509 2170 548 2230 ad
571 2170 711 2231 divinam
734 2169 852 2234 Christi
870 2179 1032 2244 naturam,
1048 2171 1088 2232 ad
1107 2175 1201 2234 vitam
1219 2169 1260 2232 iu·

162 2282 269 2335 turam
291 2281 368 2347 ete,
385 2271 481 2334 modo
498 2275 556 2334 ista
573 2271 737 2334 cottiessus
759 2291 828 2334 esse
842 2274 1007 2334 diceretur
1021 2270 1191 2351 Origenes,
1205 2289 1256 2335 ut·

161 2376 203 2437 do
228 2383 340 2452 aperte
362 2392 501 2452 negasse.
526 2371 568 2435 Et
592 2373 756 2451 quemodo
779 2375 822 2436 ita
845 2374 1012 2453 putabitur
1034 2373 1075 2436 de
1096 2394 1136 2436 eo
1158 2375 1254 2436 harun

68 2526 77 2538 a
162 2474 454 2539 contradictionum
476 2473 637 2537 auctore?
659 2472 705 2537 De
727 2495 765 2536 eo
787 2476 859 2537 dieo
879 2476 957 2537 alias
980 2477 1046 2554 pio,
1063 2475 1144 2538 alias
1158 2476 1254 2554 impio,

160 2594 246 2639 nunc
268 2575 366 2650 fideli,
384 2576 480 2638 mode
501 2576 641 2638 infideli:
668 2577 763 2638 modo
785 2574 868 2639 Celsi
891 2580 1052 2639 acerrimo
1069 2578 1172 2653 hoste,
1188 2591 1253 2638 nuuc

162 2699 236 2743 cum
259 2697 297 2740 en
320 2681 350 2740 in
372 2678 554 2741 omnimoda
579 2679 749 2740 eoncordia
764 2700 772 2740 z
790 2680 847 2741 nisi
867 2682 933 2758 ipse
950 2688 1111 2758 perpetuo
1125 2680 1253 2742 insanisse

162 2779 319 2841 dicatur?
341 2771 435 2855 Quod
457 2780 533 2861 jure
557 2778 705 2843 Ruffinns
728 2780 892 2860 objecerat
914 2779 1134 2863 Hieronymo,
1156 2781 1206 2860 qui
1225 2778 1253 2838 ita

163 2883 316 2960 cogitavit
337 2883 375 2944 de
397 2883 549 2962 Origene.
1271 2889 1273 2893 ”

244 2982 414 3047 Praeterea
433 3004 506 3047 cum
529 2986 586 3064 ipsi
610 2987 739 3058 instent,
755 2985 927 3064 Origenem
950 2988 980 3046 in
1002 2995 1130 3048 secreto
1145 2984 1251 3062 impiam

163 3093 192 3147 et
216 3086 383 3164 profanam
406 3089 592 3168 exposuisse
615 3089 805 3160 doctrinam,
826 3087 1021 3150 periarchon
1036 3089 1153 3160 libros,
1167 3088 1250 3163 dispu-

162 3199 230 3250 tans
252 3188 406 3251 adversus
431 3191 647 3263 tnereicnitns,
674 3191 878 3252 basilidianos
901 3200 932 3252 et
957 3191 1202 3258 valentinianos,
1221 3183 1251 3241 tii·

162 3308 322 3361 cam,eur
344 3310 405 3353 non
430 3293 503 3353 item
526 3293 589 3368 egit
612 3303 723 3353 eontra
747 3290 905 3355 Celsum?
928 3291 968 3353 Et
989 3294 1013 3352 si
1038 3293 1068 3351 in
1091 3298 1208 3354 secreto
1224 3285 1252 3344 de

163 3389 290 3453 Christo
308 3392 553 3469 blasphemavit,
568 3403 597 3454 et
614 3393 780 3472 gentilium
798 3394 915 3453 tabulis
936 3396 1105 3456 contexuit
1121 3411 1191 3454 sues
1204 3403 1251 3450 set·

163 3512 295 3566 mortes,
317 3513 418 3573 quare
441 3496 472 3554 in
495 3493 673 3556 bibliorum
704 3498 942 3557 commentariis
964 3513 1002 3556 ac
1025 3495 1207 3574 praesertim
1230 3487 1252 3547 iu

161 3591 311 3656 Humiliis
333 3598 371 3656 de
394 3596 521 3658 Christo
546 3599 595 3674 pie
618 3599 766 3671 sentiens,
791 3600 931 3674 gentium
957 3596 1075 3658 fabulis
1101 3595 1250 3658 retortus,

164 3698 321 3777 populum
344 3698 551 3763 aedificarit?
583 3698 748 3778 Numquid
771 3698 926 3778 Origenes
956 3701 986 3760 in
1011 3718 1071 3761 suo
1102 3693 1252 3760 ministeriu

161 3819 254 3862 sacro
276 3800 356 3862 duas
377 3802 434 3862 sibi
459 3804 659 3877 comparavit
682 3820 871 3872 mensuras,
897 3819 992 3862 unam
1027 3819 1086 3878 pro
1120 3798 1251 3860 concione

163 3900 200 3960 ad
226 3902 403 3980 populum,
426 3903 561 3964 alteram
585 3922 645 3983 pro
667 3904 798 3965 secretis
820 3906 885 3965 suis
918 3901 1148 3981 opinionibus?
1176 3913 1253 3963 unam

167 4021 225 4080 pre
250 4004 383 4063 veritate
406 4004 616 4077 vindicanda,
641 4005 776 4066 alteram
809 4025 867 4083 pro
898 4023 1012 4066 errore
1043 4001 1253 4083 propagando,

164 4120 259 4162 unam
284 4105 313 4162 in
337 4106 486 4177 salutem,
511 4107 645 4167 alteram
669 4110 699 4168 in
722 4106 958 4186 perditionem?
980 4105 1061 4169 Cum
1086 4124 1147 4169 una
1171 4106 1198 4165 iu
1216 4116 1253 4181 sy·

163 4205 265 4280 nodis,
288 4205 318 4266 in
340 4207 495 4280 eeclesiis,
519 4209 548 4268 in
569 4209 688 4270 scholis
710 4206 838 4271 Christo
861 4208 1082 4284 benedicebat,
1100 4224 1173 4271 eum
1194 4203 1256 4266 alte·
