2872 4784
1152 318 1195 393 lb

67 430 124 499 dia
139 439 219 496 cuin
236 426 413 492 Aristotele
434 426 519 489 circa
539 419 642 490 Deum
665 444 729 488 uon
749 444 816 502 eur,
833 442 931 506 qnam
953 428 1093 490 maxime
1109 428 1195 490 lalli-

72 540 137 596 tur.
163 529 361 593 Haereticus
383 529 466 590 enim
489 544 648 608 nusquam
666 530 795 590 vocarit
808 525 914 589 Deum
935 524 978 592 re*
997 520 1048 618 μή
1072 517 1108 596 ὃν
1129 545 1194 591 noe
1237 512 1246 527 ’

72 657 139 713 aas,
161 638 218 700 sed
241 638 323 698 dixit
344 631 518 727 ἀγέννητον
537 633 727 714 ingenitum,
750 636 822 698 ideo
845 637 988 701 iudicare
1016 641 1127 704 rolens
1150 643 1196 720 ip·

74 761 144 805 sum
167 759 210 805 ex
223 759 258 802 se
272 741 477 811 existentem,
497 741 566 802 sine
588 739 746 818 principio
761 748 793 800 et
812 740 853 801 ab
868 752 1001 803 aeterno
1023 743 1121 806 luisse
1131 765 1142 823 3
1159 753 1193 808 et

76 843 148 906 binc
162 842 273 904 subdit
287 836 362 920 νόυς
382 858 480 914 mene,
496 857 593 921 quam
609 840 704 902 docet
719 839 757 900 ad
774 840 913 917 ingenito
929 841 1026 905 Patre
1041 846 1193 922 genitam,

74 963 158 1025 qnae
180 952 229 1007 est
250 943 422 1020 Christus,
447 945 547 1009 veluti
582 946 669 1008 testis
698 952 790 1028 estus.
815 942 968 1008 irenaeus
991 950 1021 1010 in
1045 947 1142 1012 Libro
1164 949 1191 1012 l.

76 1068 101 1110 c.
121 1043 247 1109 xxw.
271 1064 302 1107 u.
323 1042 355 1108 3.
380 1044 544 1122 Fortasse,
560 1045 835 1127 quemadmodum
858 1047 897 1108 de
914 1047 1104 1124 Aristotele,
1121 1050 1196 1114 illu·

75 1149 162 1210 sione
183 1154 303 1224 captus
324 1153 373 1208 est
394 1146 599 1231 Anonpmns,
626 1146 821 1208 vocabulum
843 1141 1015 1239 misceres
1036 1152 1195 1229 interpre-

78 1261 160 1314 tatus
183 1240 220 1317 τό
245 1239 295 1340 μή
323 1244 359 1317 ὅν
379 1269 445 1312 noo
465 1268 539 1312 ens:
560 1269 576 1310 a
600 1269 666 1330 quo
691 1259 795 1312 tamen
817 1270 913 1315 sensu
937 1271 1071 1333 prorsus
1089 1255 1196 1318 abluit

76 1350 281 1418 baereticus.
304 1352 623 1433 Quomodocumque
644 1355 684 1415 sit
706 1356 917 1418 concluditur
938 1356 1081 1432 falsum,
1104 1359 1192 1439 quod

78 1453 265 1538 Auonpmus
289 1440 457 1518 Aristoteli
485 1466 517 1518 et
545 1454 674 1517 basilidi
703 1455 856 1518 adscribit
885 1457 970 1520 circa
998 1456 1103 1522 Deum
1127 1479 1222 1541 riou=

77 1573 137 1618 car.
160 1554 289 1620 Eorum
310 1559 393 1620 enirn
416 1575 509 1620 nemo
532 1557 612 1618 banc
635 1558 674 1616 de
697 1553 764 1618 lieo
787 1556 1004 1621 definitionem
1030 1562 1195 1640 excogita·

81 1659 119 1721 vit
133 1676 194 1721 uec
209 1659 438 1738 comprobarit
452 1675 595 1738 uuquam
614 1658 794 1738 quinimmo
810 1659 968 1722 refutarit
981 1661 1189 1739 amplissime.

155 1757 232 1824 Pari
251 1759 330 1841 jure
350 1760 506 1823 absonum
530 1766 703 1839 reputatur
734 1761 821 1840 quod
853 1762 980 1842 profert
1003 1761 1193 1846 Anonymus

79 1859 116 1923 de
136 1861 305 1923 doctrinae
326 1861 473 1940 analogia
503 1864 587 1923 inter
608 1858 779 1923 basilidem
801 1859 840 1922 de
865 1859 961 1924 Verbi
984 1865 1193 1941 generatione

80 1978 96 2023 a
119 1962 228 2037 Patre,
242 1962 283 2024 ab
299 1962 484 2027 Aristotelis
506 1963 642 2025 deducta
666 1964 868 2043 philosophia
889 1964 973 2025 circa
991 1963 1192 2028 entelechiam

79 2063 143 2125 sive
163 2064 291 2126 animae
312 2065 471 2126 actionem
492 2065 524 2125 in
545 2082 676 2141 corpus.
700 2063 818 2127 Scribit
840 2065 1029 2145 Anonymus
1045 2067 1076 2126 in
1092 2083 1122 2125 n.
1137 2064 1189 2135 24.

81 2163 198 2229 «llaec
212 2174 261 2228 est
275 2166 453 2230 secundum
469 2167 677 2229 Aristotelem
693 2165 815 2249 physici
832 2168 979 2242 corporis
995 2168 1123 2244 organis
1145 2170 1192 2228 iu·

79 2270 190 2332 structi
211 2266 380 2330 entelechias
400 2269 505 2331 anima
529 2270 559 2329 in
587 2286 725 2347 corpore
751 2285 868 2345 agens,
890 2269 958 2329 sine
983 2284 1048 2346 qua
1072 2285 1193 2348 corpus

80 2366 153 2428 nihil
174 2365 303 2430 efficere
324 2375 430 2447 potest
452 2368 556 2450 rusius
578 2369 699 2447 aliquid
717 2376 749 2429 et
765 2367 965 2429 manifestius
980 2377 1013 2429 et
1029 2370 1192 2447 potentius

79 2476 108 2532 et
125 2468 303 2549 sapientius
324 2487 473 2548 corpore.
490 2467 542 2532 Sic
559 2489 643 2549 quae
667 2468 883 2548 Philosophus
906 2469 998 2545 prior
1019 2469 1130 2531 docuit
1149 2470 1190 2532 de

79 2571 177 2631 anima
201 2577 235 2631 et
256 2569 296 2630 de
317 2587 479 2649 corpore,
501 2569 613 2632 eadem
648 2568 802 2633 basilides
825 2570 864 2632 de
887 2588 1001 2649 magno
1024 2567 1192 2634 Arcbonte
1284 2590 1288 2596 ·

78 2676 106 2731 et
125 2670 166 2732 de
189 2667 275 2733 Filio
295 2668 366 2749 ejus
389 2670 538 2748 protulit.
563 2669 682 2732 Filium
714 2672 798 2732 euim
822 2671 975 2743 Archon,
1009 2671 1189 2733 secundum

78 2766 261 2846 basilidem,
284 2773 414 2851 genuitr
437 2773 576 2834 animam
599 2784 707 2835 autem
737 2791 819 2853 opus
841 2771 1045 2834 elcbertum
1068 2770 1192 2835 Aristo·

79 2872 153 2935 telas
175 2872 221 2934 ait
241 2890 309 2934 esse
331 2874 452 2955 physici
474 2875 622 2952 corporis
644 2875 779 2952 organis
801 2875 948 2935 instructi
977 2870 1188 2937 entelechiam.

78 2969 357 3049 Quemadmodum
379 2975 479 3053 igitur
498 2974 667 3036 entelechic
691 2977 770 3053 regit
792 2992 912 3053 corpus
924 2994 934 3052 3
959 2957 1070 3037 eodem
1094 2976 1190 3038 modo

80 3069 178 3136 bilius
195 3074 293 3153 regit,
316 3076 492 3140 secundum
516 3074 703 3150 basilidem,
720 3074 929 3137 ineffabilium
945 3077 1190 3139 ineffabiliorem

79 3169 179 3238 beum
202 3182 305 3238 etc.»
1138 3244 1141 3250 .

153 3275 285 3352 Quanta
302 3295 380 3340 vern
403 3278 541 3341 vanitate
564 3280 684 3358 polleat
707 3280 768 3340 hoc
785 3278 944 3362 Anonymi
960 3287 1187 3357 argumentum

76 3373 112 3435 ad
133 3376 363 3439 instituendam
397 3378 565 3455 paritatem
588 3380 671 3441 inter
695 3378 879 3442 Aristotelis
900 3389 932 3441 et
954 3377 1102 3442 basilidis
1133 3380 1188 3440 do·

76 3477 224 3548 utrinam,
247 3478 314 3555 ipse
332 3477 477 3557 judicet,
500 3481 556 3560 qui
580 3482 608 3542 in
632 3481 679 3542 his
702 3481 947 3560 quaestionibus
970 3497 1032 3544 non
1055 3482 1093 3543 de
1110 3500 1191 3560 qua-

80 3576 135 3650 vis,
157 3576 214 3638 sed
232 3578 317 3639 circa
346 3578 490 3641 eamdem
517 3598 585 3642 rem
617 3581 786 3657 investigat
812 3580 1007 3658 analogiam,
1029 3588 1065 3642 ut
1090 3582 1189 3642 statui

76 3678 173 3753 possit
194 3695 297 3740 unum
321 3679 433 3741 eadem
455 3680 638 3760 professum
661 3701 729 3743 esse
751 3699 789 3744 ac
812 3682 954 3743 alterum
980 3682 1036 3760 qui
1064 3684 1188 3759 primus

80 3779 197 3840 citetur
211 3777 358 3858 ejusdem
380 3779 536 3859 dogmatis
558 3782 718 3859 magister.
740 3779 779 3842 Et
802 3781 874 3843 hinc
894 3782 920 3842 si
937 3781 1125 3861 Anonymus
1150 3781 1190 3843 de

79 3873 146 3940 lieo
168 3876 265 3942 Patre
287 3880 427 3958 ingenito
448 3899 485 3944 ac
506 3882 546 3943 de
566 3881 674 3945 Mente
695 3900 752 3944 seu
778 3880 860 3944 bilin
883 3883 989 3961 genito
1010 3882 1189 3944 secuudum

79 3974 223 4044 basilidis
245 3981 435 4044 sententium
458 3983 635 4062 disputans,
659 3985 808 4045 eumdem
831 3985 1039 4062 comperisset
1061 3986 1092 4045 in
1115 3984 1190 4046 Ari·

80 4082 192 4146 stotele
212 4081 253 4145 de
285 4081 352 4146 ileo
385 4083 480 4148 Patre
502 4096 533 4148 et
558 4083 639 4147 Filio
667 4085 738 4166 ejus
769 4103 950 4148 sermonem
973 4085 1190 4165 eumdemque

78 4197 201 4245 sensum
214 4203 225 4262 3
251 4190 327 4248 tuuc
345 4183 423 4265 jure
445 4187 716 4265 praesumendum
739 4198 821 4250 esset
847 4185 1018 4249 Basiliden
1040 4205 1057 4247 a
1083 4187 1189 4248 Philo·

1051 4284 1070 4355 l
