2886 4784
159 310 202 378 lb

237 409 280 474 Et
301 410 441 489 primum
462 407 570 492 quoad
592 410 773 491 repertorum
794 407 967 474 moralium
998 407 1163 483 ordinem,
1185 409 1211 471 in
1226 409 1253 494 fl‘.

158 527 199 575 ue
218 511 295 575 dicti
312 518 468 575 tractatus
490 510 534 574 Dc
546 512 606 591 fide
628 530 660 572 u.·
673 510 703 576 6.
727 512 838 574 scribit
853 510 1009 573 Basilius:
1027 531 1043 569 a
1066 510 1147 573 Cum
1161 509 1196 571 de
1215 511 1250 570 his

156 630 241 693 quae
267 613 305 672 ad
329 629 437 674 sanam
460 611 554 674 iidem
578 615 749 690 pertinent,
771 615 848 675 satis
870 618 929 691 pru
956 621 1108 687 tempore
1127 613 1157 671 in
1176 627 1251 687 supe·

158 713 300 776 rioribus
321 731 337 774 a
361 713 450 776 nobis
471 713 593 776 dictum
617 713 715 774 luisse
737 715 902 790 putamus,
922 713 990 792 jam
1015 709 1170 784 moratu,
1184 728 1251 791 quae

158 814 365 894 promisimus
387 814 418 875 in
440 817 567 876 nomine
590 813 715 875 bantini
738 817 838 877 nostri
861 812 957 877 lesus
990 810 1113 876 Christi
1145 812 1252 874 tradere

159 930 326 978 conemur.
350 912 586 994 Quaecumque
605 915 706 992 igitur
726 914 881 976 hactenus
902 913 1040 990 sparsim
1062 914 1095 974 iu
1110 930 1191 975 novo
1209 909 1253 972 Te·

157 1023 317 1077 stameoto
338 1021 396 1076 aut
417 1013 584 1076 interdicta
609 1021 667 1075 aut
689 1014 824 1092 probata
848 1015 1055 1088 invenimus,
1078 1028 1116 1075 ea
1139 1029 1195 1091 pro
1214 1030 1254 1074 aa·

158 1122 224 1177 stra
249 1114 333 1176 virili
355 1122 447 1194 parte
469 1114 647 1194 inrequies
669 1115 824 1194 quasdam
848 1116 1118 1195 compendiarias,
1140 1133 1202 1195 quo
1220 1113 1252 1174 h·

158 1214 253 1277 cilius
275 1200 545 1292 intelligerentur,
560 1215 723 1294 ¹colligere
745 1201 958 1292 curavimus,
980 1219 1131 1297 apposito
1151 1216 1188 1278 ad
1207 1216 1253 1278 siu·

160 1315 253 1394 gulas
273 1315 401 1393 repulus
422 1333 571 1400 numeru
590 1318 687 1378 etiam
719 1319 862 1394 capitum
895 1315 1111 1395 Scripturas,
1133 1332 1213 1397 quae
1231 1316 1252 1376 in

158 1416 302 1498 qualibet
323 1415 434 1494 reputa
453 1419 671 1491 continentur,
693 1418 761 1478 sive
782 1436 824 1478 cx
847 1414 1024 1496 Evangelio
1044 1427 1173 1498 sumpta
1191 1417 1249 1490 siut,

158 1521 227 1581 sire
249 1537 289 1579 ex
313 1517 483 1595 Apostolo,
507 1518 557 1580 tel
582 1518 690 1580 lictisa
715 1520 825 1596 utqui
849 1520 994 1596 repartum
1014 1519 1146 1597 legerit,
1162 1535 1253 1582 nunte-

159 1636 301 1697 rumque
323 1621 351 1680 ci
373 1621 554 1698 appositum
578 1620 693 1680 viderit
715 1639 768 1680 ex.
794 1636 824 1696 g.
849 1620 990 1698 primum
1013 1628 1046 1681 et
1066 1618 1251 1694 secundum,

84 1735 85 1739 ’
159 1718 273 1782 deinde
288 1721 447 1798 accipiens
463 1721 562 1799 ipsam
578 1720 794 1799 scripturam,
809 1728 841 1781 ct
858 1721 1053 1798 investigans
1070 1728 1168 1801 caput
1182 1736 1254 1799 prae·

158 1821 235 1885 dicti
257 1822 397 1895 nurneri,
416 1823 461 1884 sic
482 1823 642 1884 invenerit
665 1822 899 1896 testimonium,
915 1822 1098 1885 secundum
1119 1822 1202 1902 quud
1220 1837 1254 1882 rr·

158 1922 237 2002 pulc
259 1922 403 1985 curticula
429 1931 487 1984 est.
511 1939 528 1978 a
730 1920 733 1924 ’

243 2022 290 2085 lix
314 2025 374 2085 hac
397 2021 503 2085 Basilii
526 2021 746 2085 declaratione
768 2021 862 2099 piane
878 2030 1005 2086 constat
1020 2023 1128 2101 ipsum
1143 2023 1255 2085 nonde·

158 2124 323 2202 scripsisse
337 2125 532 2186 verbotenus
553 2125 725 2196 sententias
739 2124 953 2201 scripturales
968 2111 1075 2186 cuivis
1091 2125 1254 2204 repulerunt

161 2232 390 2286 consentaneas
411 2242 449 2286 ac
472 2242 529 2302 per
550 2225 653 2301 capita
669 2224 835 2298 indicatas,
853 2227 899 2287 uti
914 2242 1001 2287 nunc
1024 2224 1057 2284 ln
1080 2225 1255 2288 editionibus

160 2326 341 2403 inspicitur,
357 2324 411 2386 sed
435 2325 656 2385 tantummodo
677 2324 860 2403 regularum
877 2326 1000 2400 titulos,
1016 2344 1149 2388 sensum
1166 2325 1256 2406 genui·

162 2443 240 2487 num
261 2425 447 2502 singillatim
469 2426 776 2503 comprehendentes
797 2423 977 2490 Bibliorum
1001 2428 1077 2489 novi
1093 2425 1257 2491 Testamen-

162 2527 197 2597 ti,
222 2527 369 2602 apposito
391 2541 541 2597 numero,
565 2534 601 2585 ut
621 2526 866 2602 dignosceretur
888 2527 1033 2587 divinum
1059 2527 1257 2589 testimouium

160 2627 244 2688 ualde
265 2626 391 2703 repulus
413 2625 546 2686 morales
567 2625 756 2704 desumptae
777 2635 891 2688 crant:
917 2637 953 2689 ut
973 2627 1124 2707 quisquis
1146 2645 1203 2706 pro
1221 2627 1257 2687 lu·

157 2727 227 2788 bitu
252 2726 371 2788 luotcm
403 2726 507 2788 adiret
528 2732 561 2787 el
582 2727 779 2788 consuleret.
808 2725 920 2808 ltaque
935 2729 1144 2806 'regulorum
1172 2725 1255 2790 Tituli

159 2845 240 2904 opus
261 2846 287 2889 s.
313 2825 421 2889 Basilii
441 2826 517 2905 jure
541 2826 712 2889 habentur.
736 2826 845 2907 Capita
870 2847 960 2900 reru,
984 2847 1071 2907 quae
1092 2836 1257 2909 sequuntur

160 2928 285 2992 biblicis
316 2946 468 3008 expressa
492 2928 702 3003 testimoniis,
725 2928 942 2991 additamenta
966 2930 1103 2991 tenenda
1125 2939 1200 2993 suut
1217 2945 1258 2990 cu·

158 3028 287 3107 jusdam
312 3029 485 3108 anonymi3
501 3027 556 3107 qui
571 3029 675 3090 serius
690 3029 909 3090 commoditati
933 3031 1110 3092 inserviens
1133 3029 1257 3100 leuioris,

159 3129 349 3208 Scripturae
373 3136 497 3191 textum
519 3127 701 3190 introduxit
721 3129 899 3190 secundum
924 3129 1099 3193 lectionem
1135 3131 1258 3201 codicis,

158 3246 256 3315 querp
278 3247 356 3308 prae
378 3227 525 3290 manibus
547 3227 688 3301 habuit,
708 3227 749 3289 ab
771 3245 810 3291 eo
832 3230 984 3304 varium,
1018 3249 1087 3309 quo
1117 3251 1196 3295 usus
1222 3233 1258 3290 est

158 3325 320 3409 Basilius:
346 3329 429 3390 unde
452 3327 573 3391 lactum
595 3334 655 3400 est,
670 3334 707 3389 ut
728 3328 821 3391 istius
837 3327 1259 3395 contundereturseususdc

160 3431 314 3493 connubii
336 3428 503 3492 christiani
526 3428 772 3491 insolubilitate.
1037 3494 1040 3498 ³

237 3528 374 3610 Rcapse,
397 3533 526 3603 amotis,
543 3548 627 3607 quae
648 3531 895 3610 subsequuntur
916 3532 947 3593 in
961 3533 1069 3611 primo
1085 3541 1120 3598 et
1134 3529 1259 3598 secundo

156 3632 280 3711 Capite,
298 3635 429 3695 intrusis
451 3630 640 3710 Scripturas
658 3624 865 3706 testimoniis,
890 3652 928 3696 ac
950 3636 1099 3712 genuinis
1122 3632 1260 3714 acceptio

159 3752 244 3814 quae
265 3735 297 3796 in
318 3732 428 3795 Titnio
449 3731 479 3796 l.
500 3743 532 3794 et
552 3729 583 3793 2.
607 3734 826 3808 continentur,
850 3737 998 3813 quamvis
1021 3739 1053 3799 iu
1076 3744 1218 3816 utroquo
1235 3732 1263 3794 tt

159 3836 232 3898 tulo
253 3834 292 3896 de
315 3836 425 3896 cadem
450 3851 484 3895 rc
505 3845 644 3912 agatur,
668 3834 876 3896 nihilomiuus
899 3837 1129 3916 uuusquisque
1162 3852 1258 3900 eorum

158 3935 330 4015 specialem
353 3937 500 3998 intuetur
524 3953 669 4012 scopum.
693 3931 728 3995 ln
758 3935 864 4012 primo
895 3937 980 3997 euim
1002 3934 1119 4000 'l'ilulo
1149 3943 1263 4000 notatur

164 4035 327 4114 separatio
348 4032 524 4112 conjugum
545 4037 614 4096 siau
637 4033 698 4094 viri
718 4052 777 4096 seu
809 4034 924 4098 uxoris
954 4035 997 4096 ob
1030 4037 1260 4101 fornicationem

160 4145 194 4200 et
213 4135 256 4198 ub
278 4134 544 4214 impedimentum
568 4135 706 4215 pietatis.
730 4132 813 4200 lliuc
841 4138 1081 4218 consequitur,
1103 4138 1198 4205 sicuti
1224 4152 1262 4198 ra·
