2886 4784
1225 307 1265 375 13

239 424 330 491 Circa
354 428 434 490 banc
454 446 480 490 s.
502 426 651 507 Gregorii
673 429 901 492 discussionem
932 429 1107 491 notandum
1133 440 1181 491 est
1202 434 1266 509 pri·

157 546 269 605 mutu,
291 548 365 592 oum
388 530 432 591 ait
452 530 616 595 Christum
639 533 819 610 permisisse
840 531 1075 609 separationem
1098 532 1139 590 ab
1161 551 1267 595 uxore

158 633 346 705 fornicaria,
365 635 439 712 quia
463 650 563 712 genus
584 635 777 711 corrumpit,
793 641 900 694 cetero
924 650 1003 696 vero
1025 633 1098 694 vitia
1122 633 1267 714 eiusdem

160 736 320 811 patienter
342 734 440 808 ferre,
457 751 661 814 nequaquam
684 734 756 795 inde
777 716 1198 813 concluditor‚'hojusm0di
1219 753 1269 796 sc·

160 836 361 912 parationem
383 836 423 899 ab
445 855 550 898 uxore
565 836 607 898 ob
620 836 835 909 adulterium,
852 836 1007 913 praebere
1024 837 1094 897 viro
1108 835 1268 897 dimitten-

161 943 200 1000 tis
220 939 274 1019 jus
295 955 415 1000 novum
439 938 567 1001 ineundi
589 940 789 1018 conjugium.
812 936 882 1000 Hoc
910 955 972 998 uon
996 937 1066 999 vult
1085 955 1110 997 s.
1135 933 1267 1011 Ductor,

160 1052 195 1103 ut
218 1060 259 1102 ex
281 1041 462 1119 praemissis
484 1049 593 1119 patet3
616 1041 670 1101 ubi
693 1046 803 1118 aperte
824 1040 933 1116 legum
956 1038 1170 1100 bumanorum
1192 1056 1267 1116 pra·

163 1145 296 1204 vitatem
319 1160 394 1219 erga
418 1143 593 1214 divortium
609 1141 797 1218 exprobrat,
814 1148 845 1202 et
862 1139 983 1220 Moysis
998 1138 1199 1201 tolerantiam
1216 1157 1272 1204 oo·

163 1249 210 1304 tat
232 1242 274 1302 ob
295 1242 402 1304 cordis
425 1242 641 1303 hebraeorum
672 1244 823 1305 duritiem
851 1244 881 1303 io
912 1241 1097 1322 hujusmodi
1120 1243 1267 1320 regalia,

162 1342 287 1405 initium
312 1350 458 1421 repetens
480 1342 692 1419 generationis
714 1343 894 1403 humanae:
918 1350 947 1402 et
966 1349 1060 1402 erant
1074 1339 1185 1402 dacin
1199 1361 1270 1412 eor·

160 1459 201 1502 ne
222 1461 301 1503 unu:
325 1451 356 1503 ot
378 1442 432 1504 ubi
453 1442 593 1519 emplius
614 1442 777 1503 dissuadet
804 1441 960 1504 secundas
991 1443 1117 1520 nuptias
1146 1443 1269 1506 etiamsi

160 1545 269 1606 licitas
291 1551 362 1621 post
383 1545 477 1606 unius
502 1543 647 1622 conjugis
680 1553 827 1604 mortem.
862 1542 896 1604 ln
926 1562 994 1621 quo
1015 1561 1101 1606 >casu
1129 1561 1192 1606 non
1221 1553 1270 1609 est
1336 1526 1340 1535 ⁴

161 1646 434 1724 praesumendum
449 1664 475 1707 s.
491 1644 687 1723 Gregoriom
709 1644 935 1722 comprobasse
949 1645 1125 1706 divortium
1147 1662 1184 1706 ac
1207 1664 1268 1708 una

161 1763 285 1808 novum
307 1745 507 1825 coniugium,
535 1746 660 1806 vivente
681 1745 788 1806 adhuc
809 1761 914 1805 uxore
934 1744 1082 1822 quamvis
1107 1744 1269 1822 adultera,

160 1865 237 1909 curu
259 1846 398 1908 aiterum
422 1845 624 1923 reprobasset
645 1845 840 1907 connubium
862 1855 934 1922 post
955 1848 1051 1906 unius
1073 1834 1208 1905 obitum.

242 1945 330 2010 lstud
353 1957 461 2009 autem
485 1950 583 2024 magis
605 1947 755 2026 patefiet,
779 1963 893 2008 eorum
924 1964 1023 2021 scopo
1053 1947 1268 2023 investigato,

159 2067 247 2128 quae
269 2050 416 2128 deinceps
436 2050 566 2112 discutit
580 2066 606 2111 s.
625 2048 801 2128 Episcopus
816 2047 909 2127 juxta
925 2049 1040 2107 seriem
1057 2048 1267 2110 narrationis:
1297 2114 1300 2119 ,

163 2171 181 2208 «
205 2148 248 2211 Ar
269 2147 437 2223 Christus,
461 2150 587 2227 inquit,
610 2167 673 2210 noo
694 2150 735 2210 ob
756 2167 866 2210 omnes
889 2166 1003 2210 causas
1036 2147 1182 2210 libellum
1214 2150 1269 2211 dat

163 2247 318 2328 repudii;
341 2249 396 2311 sed
428 2251 581 2327 permittit
609 2256 731 2310 tautum
762 2249 906 2326 separari
937 2249 978 2307 ab
1010 2248 1172 2309 adultera.
1195 2267 1212 2305 n
1233 2248 1269 2312 lu

158 2369 225 2431 qua
247 2351 412 2413 locotione
435 2351 564 2429 respicit
586 2349 705 2410 rerba:
735 2347 925 2426 quicumque
953 2346 1109 2409 dimiserit
1138 2365 1270 2410 umorem

155 2473 264 2528 saum,
277 2461 406 2532 eccepto
419 2448 644 2532 fornicationis
658 2469 765 2527 censu,
782 2449 863 2531 sarit
877 2469 944 2512 eam
958 2447 1124 2511 moecliari.
1136 2449 1168 2512 si
1183 2454 1266 2513 euim

158 2554 446 2618 Nazianzenus-in
469 2554 634 2631 Evangelii
657 2554 767 2616 codice
800 2554 945 2630 legisset:
967 2549 1155 2631 quicumque
1176 2551 1268 2615 dimi·

156 2654 235 2718 scrit
254 2673 384 2717 acorem
405 2673 495 2718 suern
516 2654 581 2717 nisi
601 2655 635 2715 od
653 2653 917 2735 fornicationem,
937 2663 966 2715 et
986 2653 1084 2716 oliam
1112 2652 1268 2730 duxerit,

158 2755 341 2818 inuenietur
362 2766 423 2818 etc.
447 2774 509 2818 uon
531 2775 565 2818 se
586 2757 794 2818 continuisset
824 2773 993 2828 assereus,
1016 2774 1084 2816 esse
1109 2756 1268 2816 dimitten-

156 2859 233 2918 dam
255 2875 392 2920 uxorem
414 2874 477 2917 noo
498 2856 540 2917 ob
561 2857 694 2934 quaeris
711 2856 799 2928 vitia,
814 2855 868 2916 sed
886 2854 1092 2917 solummodo
1113 2855 1154 2915 ob
1175 2855 1269 2917 adul·

160 2961 293 3032 terium,
317 2977 356 3021 eo
379 2959 466 3037 quod
489 2975 589 3035 genus
621 2964 809 3034 corrumpat
821 2975 833 3033 3
865 2963 913 3016 ast
942 2962 1013 3033 post
1033 2956 1268 3033 separationem

159 3059 313 3122 indictam
334 3060 377 3122 ob
397 3059 542 3139 conjugis
573 3058 772 3121 adulterium
804 3055 998 3128 addidisset,
1026 3055 1191 3132 quomodo
1222 3058 1269 3119 in·

159 3160 332 3239 telligenda
356 3161 575 3238 torennense
595 3166 791 3238 sequuntur,
807 3166 835 3218 et
854 3155 954 3218 eiiam
973 3154 1115 3230 deterrit,
1131 3158 1269 3219 moecho·

156 3268 226 3323 tur.
237 3255 456 3323 Nihilominus
471 3260 553 3321 bauo
566 3259 739 3321 secundam
754 3267 878 3337 partem
900 3259 1067 3318 commatis
1086 3253 1115 3320 9.
1133 3256 1269 3337 ejusque

157 3363 391 3426 discussionem
413 3363 520 3424 omisit
540 3380 565 3422 s.
588 3357 722 3425 Ductor.

241 3461 451 3544 Quapropter
471 3462 572 3544 paulo
593 3468 666 3541 post
685 3479 785 3539 super
806 3459 900 3534 illud,
923 3460 975 3521 coi
998 3459 1145 3532 vacabat,
1160 3464 1270 3539 genui·

158 3584 239 3628 uum
261 3565 477 3627 testimonium
500 3566 617 3626 instans
639 3563 678 3625 dc
699 3562 883 3624 dimittenda
908 3581 1013 3624 uxore
1042 3563 1213 3635 adultera,
1238 3566 1269 3625 in

156 3667 277 3729 ceteris
301 3665 524 3727 noroensibus
546 3683 614 3726 esse
637 3663 859 3737 retinendam,
882 3663 921 3723 de
944 3663 990 3722 bis
1013 3663 1168 3724 rationem
1199 3664 1271 3725 red·

158 3768 209 3828 dit
228 3765 271 3827 ob
292 3765 475 3838 discrimen,
499 3765 551 3826 cui
571 3782 606 3826 se
627 3763 870 3840 mancipassent,
888 3761 1064 3824 fornicandi
1085 3763 1153 3822 sive
1174 3765 1268 3824 mari·

157 3877 226 3938 tus,
248 3867 304 3946 qui
325 3875 450 3928 secaret
472 3865 731 3938 matrimonium,
755 3864 823 3924 sive
844 3880 969 3925 uxore
994 3864 1063 3923 viro
1084 3868 1181 3924 secta.
1206 3863 1266 3928 Ex.

158 3985 192 4046 g.
216 3968 242 4029 si
265 3985 345 4028 cana
369 3965 467 4028 iuerit
489 3983 587 4040 uxor,
609 3967 635 4027 si
658 3963 817 4044 petulans,
833 3964 859 4025 si
874 3963 1022 4026 ebrietati
1044 3957 1219 4042 proclivis,
1241 3967 1268 4028 si

158 4070 193 4131 in
215 4071 341 4131 incessu
362 4057 541 4146 impudens,
563 4083 634 4128 eam
657 4065 782 4129 cobibe.
805 4065 956 4127 Attamen
978 4082 1017 4126 oc
1040 4072 1160 4126 temere
1181 4068 1267 4129 ecel·

158 4172 249 4234 lasa
272 4178 316 4244 te,
338 4187 378 4233 oe
399 4168 539 4233 dimittas
560 4185 652 4232 eam:
677 4168 735 4233 bos
757 4167 870 4232 uxoris
892 4165 1210 4247 defectuspatieuter
1224 4169 1268 4234 ie·
