2886 4784
1241 361 1281 432 95

166 464 377 537 corruptores
399 464 431 518 el
453 456 584 521 divortii
606 456 746 520 absoluti
777 462 950 537 patronos,
973 458 1102 522 demum
1126 461 1155 546 in
1177 461 1276 527 Libro

165 557 206 621 ll.
231 561 269 621 ad
294 559 487 622 Pollentiam
513 557 555 625 De
584 559 743 638 eonjupiis
775 558 967 637 adulterinis
991 581 1022 623 u.
1044 560 1094 627 15.
1120 563 1181 626 hoc
1210 584 1280 627 om·

167 663 271 734 nium,
294 679 378 739 quae
400 660 619 739 excogitavit,
652 662 797 740 palmare
828 662 945 723 eminet
976 674 1204 741 argumentum
1237 665 1278 728 da

163 780 222 825 sna
246 762 307 824 fide
328 781 403 842 erga
427 764 622 826 matrimonii
645 763 846 825 sanctitatem
868 774 898 824 et
922 765 1199 830 iusolnhilitatem.
1308 754 1317 773 ⁸

245 865 459 940 «Postremo,
477 867 593 944 inquit,
612 883 735 945 quaero
758 865 813 926 abs
836 872 865 927 te
888 865 1053 944 (pollenti)
1075 878 1186 931 utrum
1210 887 1275 930 ma-

164 969 227 1028 rito
250 968 424 1028 christiano
449 968 543 1029 liceat
567 968 616 1027 vel
641 968 818 1029 secundum
843 977 983 1028 veterem
1008 966 1063 1029 Dei
1086 969 1202 1047 legem,
1228 969 1279 1032 vel

163 1088 204 1132 er
229 1071 367 1131 romanis
390 1069 515 1148 legibus
537 1069 718 1131 adulteram
741 1067 916 1132 occidero?
931 1068 962 1131 Si
978 1070 1066 1145 licet,
1083 1072 1199 1133 melius
1216 1081 1275 1145 est,

165 1178 201 1233 ut
222 1172 262 1231 ab
286 1180 427 1249 utroque
449 1191 483 1232 se
506 1179 680 1250 temperct3
702 1172 784 1233 idest
806 1181 835 1231 et
857 1189 875 1232 a
898 1169 1001 1246 licito,
1024 1172 1078 1234 illa
1108 1181 1273 1252 peccante,

164 1272 338 1350 supplicio,
361 1279 393 1333 et
415 1272 455 1332 ab
477 1272 604 1348 illicito,
626 1272 681 1332 illa
708 1273 859 1346 vivente,
880 1272 1042 1351 conjugio.
1065 1274 1161 1350 Quod
1184 1276 1209 1336 si
1232 1275 1280 1334 al·

164 1381 327 1457 terutrum
349 1374 469 1452 eligere
492 1383 689 1453 perseverat,
705 1377 805 1436 satius
827 1380 875 1436 est
897 1376 931 1435 ei·
949 1372 1055 1437 lacere
1077 1377 1163 1456 quod
1185 1376 1276 1449 licet,

164 1482 202 1536 ut
223 1474 372 1537 adultera
406 1475 589 1552 puniatur,
612 1492 709 1554 quam
733 1475 763 1538 id
778 1474 897 1556 ,qnod
921 1477 1103 1551 nonlicet,
1127 1485 1185 1552 ut,
1209 1478 1277 1556 ipsa

164 1576 251 1650 vira,
274 1576 329 1637 ille
353 1595 429 1639 mox
455 1578 656 1639 moechetur.
680 1577 713 1640 Si
735 1585 868 1653 autem,
891 1580 978 1658 qnod
1003 1580 1111 1641 verius
1133 1579 1277 1654 dicitnr,

164 1695 228 1738 nou
251 1677 325 1738 licet
348 1678 468 1739 homini
490 1679 666 1740 christiano
688 1678 871 1740 adulteram
902 1680 1072 1760 conjugem
1105 1680 1276 1758 occidere,

163 1779 218 1840 sed
243 1789 368 1842 tantum
390 1781 575 1854 dimittere,
599 1781 671 1860 quis
693 1790 740 1842 est
769 1791 831 1842 tam
863 1780 1014 1857 demens,
1036 1783 1092 1861 qui
1114 1782 1142 1844 ei
1165 1783 1272 1844 dicate
1348 1787 1353 1795 '

165 1880 215 1942 lac
239 1882 311 1952 hoo,
329 1880 415 1959 quod
439 1899 501 1942 uon
525 1881 613 1953 lieet,
630 1888 666 1943 ut
685 1880 739 1942 tibi
755 1881 864 1955 liceat,
881 1883 967 1960 quod
990 1901 1053 1942 uon
1074 1883 1180 1946 licet?
1195 1882 1277 1947 Cum

163 1983 246 2044 cuim
271 1992 449 2060 utrumque
469 1983 646 2044 seeundum
668 1982 771 2061 legem
794 1983 913 2047 Christi
935 1985 1087 2047 illicitum
1119 1987 1180 2059 sit,
1205 1987 1273 2047 sira

162 2082 345 2145 adulteram
367 2085 527 2158 occidere,
551 2086 630 2156 sive,
654 2083 708 2144 illa
735 2087 883 2158 vivente,
907 2087 1043 2148 alteram
1066 2088 1209 2159 ducere,
1233 2086 1274 2147 ah

165 2194 308 2262 utroque
330 2183 551 2246 abstinendum
574 2193 643 2258 est,
668 2201 729 2245 uon
752 2185 903 2248 illicitum
936 2205 994 2265 pro
1019 2187 1133 2250 illicito
1156 2187 1275 2250 lacien-

163 2285 253 2347 dum.
277 2286 307 2349 Si
330 2286 412 2347 enim
436 2285 583 2348 facturus
605 2294 653 2348 est
675 2286 761 2366 quod
785 2305 847 2349 nou
868 2287 958 2361 licat,
978 2289 1044 2370 jam
1069 2287 1165 2351 iaciat
1186 2289 1280 2351 adul·

165 2391 297 2454 terium,
322 2398 441 2449 utnon
466 2387 561 2450 iaciat
583 2388 804 2462 homicidium,
828 2395 879 2463 ut,
903 2389 1030 2451 vivente
1055 2408 1174 2463 uxore,
1198 2390 1277 2451 alte·

164 2507 233 2551 ram
257 2489 365 2561 ducat,
384 2499 414 2550 et
431 2508 492 2551 non
509 2490 686 2552 humanum
711 2490 824 2554 lundat
843 2492 1043 2569 sanguinem.
1061 2490 1156 2566 Quod
1178 2493 1204 2554 si
1227 2499 1276 2554 est

165 2601 344 2669 utrumque
366 2591 538 2664 netarium,
555 2611 618 2653 uon
640 2593 735 2655 dehet
755 2593 894 2655 alterum
911 2609 969 2672 pro
985 2593 1091 2656 altero
1113 2601 1279 2673 perpetra·
1353 2581 1355 2592 '

163 2711 212 2766 re,
234 2695 288 2754 scd
315 2703 491 2773 utrumque
515 2696 627 2756 vitare.
651 2713 667 2752 t>
701 2711 705 2717 ·

243 2791 424 2856 Novissime
446 2795 485 2854 de
507 2795 568 2857 hoo
591 2794 746 2858 Matthaei
774 2795 955 2859 testimonio
986 2801 1098 2857 contra
1123 2795 1280 2875 dogmatis

162 2895 314 2956 catholici
347 2906 609 2976 oppugnatores,
644 2899 705 2959 hoc
739 2905 886 2977 superest
921 2898 1082 2958 dilemma.
1119 2897 1185 2959 Ant
1218 2899 1276 2977 ipsi

163 2997 196 3057 in
228 2997 275 3057 his
307 2997 425 3058 eisdem
451 3000 576 3062 verbis:
600 2998 658 3078 qui
686 2997 842 3062 dimiserit
872 3018 1002 3061 uxorem
1031 3017 1122 3062 suum
1149 3001 1216 3062 uisi
1244 3000 1279 3062 ab

160 3095 402 3176 fornicationem
423 3107 451 3160 et
471 3098 571 3162 atium
591 3099 741 3175 duxerit,
763 3101 963 3175 merehatur,
985 3099 1090 3180 etqui
1110 3099 1275 3164 dimissum

163 3196 293 3260 duxerit
313 3200 509 3274 moechatur,
529 3203 706 3265 secundum
732 3202 894 3280 vulgatam
918 3220 1066 3280 graecam
1090 3210 1121 3263 et
1142 3203 1273 3264 latinam

161 3300 346 3375 editionem,
367 3302 536 3380 Augustini
551 3311 583 3365 et
596 3321 800 3366 communem
819 3307 1037 3365 recentiorum
1061 3303 1276 3383 interpretum

163 3403 397 3478 expositionum
420 3403 678 3482 amplectantur,
701 3412 758 3466 ant
790 3423 862 3466 non.
887 3406 1087 3483 Augustinus
1120 3407 1203 3467 enim
1238 3406 1278 3467 ad

162 3498 372 3575 Pollentiam,
389 3502 663 3579 quemadmodum
686 3522 746 3565 suo
768 3503 841 3565 loco
863 3505 1058 3579 dictumest,
1076 3505 1115 3567 de
1137 3506 1198 3565 hoc
1220 3522 1272 3565 ar·
1368 3528 1370 3536 ‚

161 3610 315 3679 gumento
336 3620 526 3665 consensum
548 3621 709 3683 quaereus
739 3606 823 3666 inter
845 3603 1047 3667 Matthaenm
1071 3613 1103 3668 et
1123 3603 1274 3667 Marcum

163 3710 196 3764 et
218 3701 353 3778 Lucam,
377 3705 534 3782 inquitet(
555 3723 572 3766 a
597 3705 762 3768 Matthaeo
784 3725 845 3768 non
869 3717 971 3768 totum
995 3708 1116 3794 dictum
1139 3727 1207 3770 esse
1233 3707 1274 3770 de

160 3805 343 3866 omnimoda
366 3807 517 3868 cottuubii
539 3808 792 3884 insolubilitate,
815 3809 869 3870 sed
894 3811 993 3871 totius
1020 3819 1167 3888 partem,
1193 3817 1268 3871 uta

160 3917 253 3985 parte
278 3916 379 3969 totum
403 3910 659 3989 intelligereturz
683 3930 756 3972 cum
780 3912 833 3972 alii
858 3909 989 3972 Marcus
1010 3921 1041 3972 et
1064 3908 1168 3972 Lucas
1202 3919 1269 3972 tan·

160 4025 258 4086 quam
283 4006 438 4070 Matthaei
461 4010 544 4071 dicta
567 4013 774 4088 explanantes
799 4018 901 4072 totum
925 4012 1033 4071 dicere
1063 4010 1273 4090 maluerum3

158 4109 241 4170 idest
261 4109 449 4190 quicumque
469 4110 625 4173 dimiserit
655 4130 782 4173 uxorem
813 4130 903 4174 suum
936 4121 963 4172 et
991 4107 1090 4172 atium
1122 4111 1270 4186 tinuerit,

157 4211 349 4273 moechatur.
375 4233 390 4269 »
415 4212 474 4277 Cui
497 4214 689 4292 expositioni
723 4215 901 4277 communis
934 4221 1118 4290 opportune
1152 4214 1276 4275 accedit
