2886 4784
174 353 236 425 m
252 455 363 532 Quare
384 451 609 516 'theodoretus
631 455 662 515 io
685 453 782 516 Libro
807 453 843 515 V.
867 454 948 519 Idist-
974 457 1062 523 Ecel.
1085 479 1116 525 c.
1133 459 1273 527 xxxtt.

171 559 261 623 exilii
283 564 315 620 et
335 556 443 619 obitus
464 554 597 618 loannis
618 561 650 616 et
671 573 785 617 eorum
809 559 908 631 testis,
924 577 1008 636 quae
1032 569 1111 625 tunc
1132 563 1276 628 Constan-

170 659 304 737 tinopoli
327 668 396 719 acta
418 664 493 719 suut
514 657 667 719 adversus
687 658 779 719 illum
797 667 829 719 et
841 671 968 722 sanctos
981 665 1153 742 episcopos
1168 675 1199 727 ct
1216 684 1272 729 inu·

168 763 300 836 nachos‚
323 760 501 836 impulsore
523 776 597 821 eum
619 759 689 819 aliis
711 757 904 836 Theophila,
921 762 1129 840 superfluum
1144 767 1271 829 arbitra·

171 871 228 926 tnr
248 878 284 924 ea
307 866 423 922 cuncta
446 877 715 933 commemorare,
737 861 791 922 sed
814 869 981 925 contracto
1001 883 1157 927 sermone
1177 884 1271 929 cesse·

169 979 220 1035 re,
231 961 365 1022 illorum
383 959 506 1031 rolens,
521 960 578 1037 qui
593 959 738 1037 ejusdem
761 960 833 1020 tidei
852 971 958 1034 erant,
974 973 1083 1026 errata
1099 962 1271 1044 obtegeret

168 1062 226 1123 nisi
244 1061 430 1122 luculenter
450 1060 481 1119 ei
503 1066 664 1121 constaret
680 1055 850 1139 Theophili
868 1061 1013 1138 pertidia,
1031 1073 1064 1125 et
1080 1072 1265 1140 ceterorum,

167 1181 250 1242 qnos
272 1170 463 1239 persecutns
484 1170 567 1230 erat,
591 1160 798 1223 innocentia?
822 1161 907 1224 Fore
929 1173 1033 1224 tamen
1057 1166 1264 1236 existimavit,

165 1270 204 1324 ut
225 1260 363 1333 deinde,
385 1261 501 1320 sedatis
524 1262 659 1329 animis,
682 1278 719 1320 ac
740 1262 808 1320 sine
830 1264 971 1336 partium
994 1263 1104 1325 studio
1137 1265 1264 1329 discussa

166 1362 367 1440 quaestione,
389 1362 514 1423 cunctis
536 1368 660 1437 pateret
682 1371 714 1423 et
734 1361 884 1439 (trigenis
906 1369 940 1423 ct
961 1365 1196 1428 monachornm
1213 1369 1265 1429 sin·

166 1480 240 1524 cera
263 1462 341 1541 fides
362 1470 395 1525 et
414 1464 638 1539 oppositorum
662 1463 811 1524 ambitus.
834 1463 928 1538 Quod
952 1465 1086 1542 quidem
1107 1467 1262 1546 bucusque

164 1572 279 1625 contra
310 1565 409 1640 ipsius
439 1561 634 1626 Theodoreti
663 1567 920 1643 expectatIouem
953 1567 1096 1630 accidit:
1127 1568 1262 1638 damnate

56 1662 59 1667 '
165 1680 280 1741 nempe
305 1663 446 1743 Origene
475 1681 538 1724 nna
568 1682 642 1726 cum
670 1665 833 1726 monachis
865 1674 901 1728 ut
931 1666 1127 1744 haereticis,
1154 1668 1261 1747 praeir-

168 1770 277 1826 torum
300 1765 444 1827 fidolium
468 1768 614 1827 virorum
636 1768 861 1842 praetermissa
884 1768 1093 1837 auctoritate,
1118 1769 1256 1831 etaltera

164 1867 308 1945 praelata
331 1865 444 1942 perfidi
466 1863 635 1942 Theophili
658 1875 689 1927 et
712 1865 898 1948 Hieronymi
921 1866 1020 1928 illusi.
1040 1865 1130 1931 Unde
1152 1869 1256 1930 iactum

163 1973 226 2040 est,
244 1976 280 2029 ut
295 1969 441 2044 quaestio
463 1967 646 2043 origeniana
670 1967 710 2026 ab
731 1967 802 2045 eius
825 1969 981 2044 principio
1003 1968 1197 2046 iniquissime
1214 1985 1258 2031 su·

163 2076 285 2147 scepta,
309 2067 507 2145 iniquissime
526 2067 693 2145 judicata,
714 2068 821 2127 adhuc
849 2067 910 2130 sub
932 2069 1133 2145 iniquissimo
1150 2069 1257 2149 judict-

165 2179 198 2230 to
221 2177 458 2248 perseveraret.
484 2167 696 2246 Quapropter
717 2172 840 2231 cunctis
861 2169 1047 2245 innotescit,
1065 2171 1257 2251 quantopere

162 2270 255 2333 nobis
276 2271 516 2350 procedendum
537 2271 578 2331 sit
599 2275 630 2333 in
654 2270 750 2350 hujus
773 2288 890 2333 causae
914 2274 1145 2349 recognitione.

243 2370 285 2435 El
303 2374 379 2453 jure
401 2374 530 2452 quidem
553 2373 624 2434 dico
647 2373 885 2450 procedendum
909 2392 976 2434 esse
1001 2374 1095 2434 hodie
1119 2376 1147 2434 ia
1171 2372 1254 2452 hujus

164 2488 281 2535 causae
303 2476 540 2551 recognitione,
572 2491 656 2552 quae
678 2488 717 2533 ex
742 2473 890 2549 pluribus
923 2482 954 2535 et
985 2475 1090 2550 magni
1124 2471 1254 2536 momenti

163 2575 412 2636 circumstantiis
436 2583 511 2636 tuvic
534 2574 693 2651 prohibita
715 2584 775 2646 est,
801 2574 900 2635 veluti
923 2576 952 2634 in
975 2572 1077 2636 'Iomo
1102 2575 1156 2636 tlt.
1179 2592 1253 2653 prac-

160 2675 356 2737 notavimus.
380 2673 422 2736 Et
444 2676 504 2738 hoc
526 2678 665 2752 primum
688 2674 908 2745 obtinebitur,
932 2676 1047 2736 sedulo
1077 2674 1252 2753 comparatis

163 2775 256 2837 istius
286 2784 318 2837 ct
350 2774 533 2837 immediate
554 2779 753 2838 successivae
781 2777 894 2836 aetatis
926 2778 1140 2839 monumentis
1169 2775 1253 2837 relate

166 2990 257 3047 solum
273 2992 410 3047 Ioannem
428 2991 705 3064 hierosolymitanum
723 2992 773 3048 sed
791 2998 820 3047 et
837 2991 1091 3064 Chrysostomum;
1112 3009 1144 3050 uc
1160 2996 1252 3066 postea·

165 3102 248 3156 qnam
266 3086 297 3140 iu
314 3086 507 3157 episcoporum
525 3092 663 3140 conventu
682 3084 737 3139 sibi
763 3085 999 3142 contradicentem
1024 3086 1134 3142 audivit
1150 3083 1251 3141 Theoti·

162 3195 242 3234 mum
259 3185 462 3235 asseverantem
481 3195 512 3233 se
529 3178 603 3232 nolle
620 3177 814 3245 condemnare,
840 3196 924 3251 quem
941 3185 1133 3236 antecessores
1149 3180 1192 3234 sui
1207 3191 1252 3231 ncn

162 3272 342 3344 reprobarunt
351 3293 359 3338 ;
379 3288 412 3326 ac
429 3277 610 3343 posteaquam
628 3288 694 3325 cum
711 3271 862 3326 Ammonio
881 3288 916 3327 ex
933 3272 1041 3328 Nitriae
1059 3272 1200 3329 monachis
1215 3267 1251 3324 di-

158 3364 288 3420 vinorum
306 3364 423 3419 scientia
441 3363 659 3435 praeclarissimo
677 3364 816 3429 convenit,
836 3370 865 3418 et
882 3363 917 3418 ab
935 3381 968 3418 eo
986 3364 1087 3419 certior
1104 3365 1193 3420 faetus
1208 3364 1251 3426 est,

161 3473 214 3512 nec
231 3455 317 3522 huno,
330 3472 383 3510 neo
400 3460 506 3510 eeteros
523 3454 615 3510 socios
633 3453 808 3509 monasterils
821 3455 963 3526 expulsos,
977 3453 1252 3529 praesumpserim

164 3547 210 3602 nIs
228 3563 311 3618 prava
329 3547 462 3619 dogmata
479 3548 611 3617 profiteri,
631 3552 675 3600 ast
692 3546 835 3600 nicaenam
854 3552 948 3601 tenere
966 3547 1066 3614 fidem,
1087 3555 1117 3602 et
1136 3542 1252 3602 obtestari

163 3658 194 3696 se
206 3642 295 3695 visum
314 3641 460 3696 defendere
479 3639 673 3696 orthodoxum.
694 3638 805 3704 Quibus
823 3639 936 3706 auditis,
950 3639 986 3693 ab
998 3638 1129 3695 ulteriore
1140 3635 1253 3710 disquisi-

162 3733 236 3788 tione
253 3734 389 3789 abstinuit
406 3740 435 3788 et
453 3732 696 3803 Constantinopoli
719 3732 857 3787 discessit.
878 3732 958 3798 Quod
985 3739 1014 3787 et
1041 3732 1208 3787 sozomenus
1228 3727 1253 3781 in

161 3826 247 3882 Libro
265 3826 347 3881 VIII.
367 3843 391 3881 c.
411 3826 476 3880 XV.
495 3826 655 3897 suspicatus
673 3831 726 3892 est,
746 3826 877 3895 inquiens
901 3824 1000 3890 illum,
1019 3824 1166 3898 interjecto
1190 3818 1252 3876 brari

158 3922 292 3988 tempore,
312 3934 367 3988 quo
385 3934 450 3972 cum
469 3919 618 3973 Ammonio
627 3917 738 3974 locutus
751 3926 803 3985 est,
817 3919 943 3991 Cyprum
954 3917 1116 3990 navigasse,
1128 3933 1177 3971 seu
1188 3910 1252 3986 quod

157 4008 472 4081 constantinopolitanae
488 4009 666 4081 profectionis
683 4010 777 4080 ipsum
795 4010 989 4080 poenituisset,
1009 4008 1069 4064 sive
1093 4008 1167 4079 quod
1185 4005 1252 4060 Deus

157 4099 268 4154 oraculo
284 4101 363 4155 illum
381 4101 416 4157 de
433 4101 556 4156 instante
573 4107 662 4156 morte
679 4099 881 4167 admonuisset,
895 4116 980 4170 quam
1000 4101 1088 4156 subiit
1099 4100 1251 4172 priusquam

159 4189 285 4266 cyprum
303 4192 459 4264 appelleret.
