2886 4784
38 440 40 444 ⁴
160 437 222 502 est,
236 444 270 490 sc
291 431 399 488 autem
421 422 453 487 in
469 420 600 488 Christo
613 429 646 486 et
660 424 691 487 iu
707 421 851 486 Ecclesia
867 421 1028 501 accipere,
1047 420 1157 484 locum
1176 421 1261 498 bunc,

158 531 254 592 sicuti
276 535 336 602 est,
360 528 516 590 intactum
540 525 773 604 relinquamus.
799 524 1021 588 Admonemus
1044 533 1151 587 tamon
1173 525 1263 604 legeu-

159 640 237 706 tem,
263 641 299 693 ut
320 630 593 709 quotiescumque
612 627 653 689 de
676 627 736 689 bae
757 625 871 689 eadem
894 625 1088 706 quaestione
1107 644 1143 688 so
1166 645 1264 689 cousu-

158 732 218 807 lat,
245 730 421 794 verborum
445 730 595 801 virtutes,
612 734 644 790 et
665 726 784 808 quibos
806 726 1021 807 responderit,
1039 735 1073 789 et
1092 728 1210 807 quibus
1227 727 1263 788 dl·

159 831 276 911 scipuli
302 834 349 893 usi
371 836 460 906 sunt,
484 828 656 908 diligenter
679 829 839 893 advertat.
864 827 957 892 Pauli
991 837 1103 893 autem
1128 829 1262 909 Apostoli

161 934 201 996 de
223 934 285 996 boc
311 931 462 995 ellectum
486 930 538 994 vel
557 930 704 1005 silentis,
728 930 794 1006 rel,
811 929 974 994 interdum
1004 931 1069 996 sub
1097 932 1170 997 aliis
1198 931 1264 998 loeis

159 1033 327 1097 tractantis
349 1030 521 1111 expendat.
544 1049 560 1088 a

242 1134 275 1200 S.
293 1132 379 1198 Zeno
401 1135 587 1199 veronensis
600 1132 814 1215 episcopusin
828 1131 927 1195 Libro
943 1128 968 1195 l.
984 1130 1144 1198 Tractatu
1161 1133 1212 1198 ll'.
1228 1133 1262 1198 lle

151 1233 315 1316 pudicitia
334 1254 365 1297 n.
386 1235 417 1307 l.
442 1237 635 1298 maritorum
656 1233 834 1314 exprobrat
855 1235 1118 1310 improbitatem,
1142 1239 1212 1317 qui,
1232 1256 1261 1300 a·

158 1339 295 1400 xoribus
310 1336 444 1401 desertis
458 1337 621 1416 legitimis,
638 1335 678 1398 ad
694 1337 881 1415 peregrinas
898 1336 1179 1416 ingrediebantur,
1194 1339 1261 1402 adeo

160 1446 198 1503 ut
219 1439 295 1502 illae
316 1438 354 1500 ad
389 1438 588 1502 adulterium
622 1437 966 1523 compellerenturr'a
992 1437 1136 1520 Propter
1166 1441 1262 1522 qnod,

158 1541 293 1616 scribit,
316 1541 346 1601 in
379 1540 558 1620 praeceptis
579 1541 624 1602 ait
658 1537 838 1607 Dominusr
874 1538 933 1619 qui
960 1538 1123 1607 dimiserit
1150 1561 1264 1606 urcrm

159 1657 266 1717 auum,
287 1649 414 1722 eccepto
434 1660 533 1703 conso
551 1639 719 1717 adulterii,
735 1639 816 1723 facit
836 1659 904 1705 cem
924 1641 1096 1706 moecliari.
1113 1663 1132 1703 n
1148 1643 1188 1708 Et
1207 1646 1266 1709 ltine

160 1764 203 1809 ex
224 1745 384 1826 Apostolo
404 1761 460 1807 eos
481 1743 619 1823 corripit
646 1742 847 1822 ignorantes,
869 1745 1023 1823 quoniam
1046 1746 1079 1808 iu
1102 1748 1160 1810 tali
1181 1765 1262 1828 nego

164 1846 221 1924 tio,
244 1846 330 1926 quod
354 1864 416 1909 nou
437 1846 516 1909 lieet
536 1844 709 1920 uxoribus,
732 1860 795 1907 nou
817 1844 895 1908 licet
916 1846 1052 1910 maritis.

241 1945 423 2030 llisquisitis
444 1949 573 2012 iuterim
595 1946 713 2009 borum
736 1945 870 2010 Petrum
891 1945 1008 2020 dictis,
1031 1955 1159 2012 constat
1178 1947 1263 2013 nemi·

164 2063 241 2112 nem
259 2068 322 2113 nou
344 2058 469 2114 tautum
493 2049 658 2113 admisisse
688 2047 867 2112 divortium
898 2047 1086 2112 absolutum
1120 2052 1153 2113 iu
1179 2067 1261 2115 cansa

163 2148 328 2226 adulterii,
350 2151 405 2214 sed
426 2160 459 2217 et
479 2171 519 2216 uc
539 2149 697 2215 Matthaei
718 2149 850 2229 quidem
887 2150 1002 2215 citasse
1027 2150 1260 2220 versiculumd

163 2267 191 2312 c.
212 2249 300 2316 xtx.
322 2252 418 2334 juxta
440 2255 605 2335 vulgatam
625 2251 808 2316 lectionem.
