2886 4784
163 299 224 367 l30

161 420 214 476 ne,
236 403 276 465 do
297 421 361 483 qna
384 404 533 482 loquitur
555 400 793 477 Tertullianus,
811 421 895 465 unus
913 399 1136 467 tantummodo
1153 402 1279 492 Anony-

159 522 231 566 mus
253 511 362 565 noster
384 522 400 564 a
424 501 610 578 Theodoti,
635 503 729 568 Nocti
752 514 784 566 et
805 504 939 567 Sabellii
969 507 1095 566 haeresi
1130 508 1280 570 immunis

156 605 270 667 evasit.
290 603 409 668 Tamen
432 607 531 683 paulo
553 617 623 682 nost
644 606 765 681 subdit,
782 607 949 669 auditores
971 609 1098 685 placitis
1120 608 1190 669 suis
1206 607 1280 668 alls·

161 714 231 768 ctos
253 706 412 783 plurimos
435 707 473 767 ad
497 707 568 787 eJ'us
593 707 736 768 scholam
766 707 931 768 turmatim
961 705 1138 769 confluere.
1168 705 1282 769 Simili·

160 817 211 869 ter
233 816 403 886 postquam
428 809 501 870 talia
529 810 715 871 inclamavit
738 809 793 871 ille
815 809 854 870 tie
877 809 975 887 huius
1004 810 1178 871 haereseos
1208 827 1278 886 pso·

161 926 272 988 gressu
294 918 325 970 et
345 909 527 983 latitudine,
551 911 735 972 concludit:
760 931 777 971 a
802 906 846 971 On
866 909 944 971 tales
965 926 1075 982 ansas,
1100 907 1279 988 semetipsos

162 1005 355 1072 Catltclt'com
378 1009 550 1084 Ecclesiam
578 1029 765 1089 nuncupare
789 1007 1022 1089 cynredinntar
1048 1007 1279 1088 (callistiani),

160 1119 189 1171 et
203 1111 356 1174 nonnulli
376 1111 593 1174 existimantes
608 1130 657 1173 cos
673 1112 874 1192 benefacere,
891 1109 964 1172 illos
978 1109 1226 1189 subsannantur.
1242 1108 1280 1174 Et

160 1221 198 1275 ut
213 1215 398 1274 summatim
416 1214 536 1275 dicam:
557 1216 645 1293 prius
662 1216 706 1274 ait
723 1213 910 1295 cleonymus
932 1229 1036 1273 omnes
1052 1213 1083 1273 in
1102 1212 1185 1274 urbe
1199 1212 1279 1275 etri·

161 1312 304 1386 stiauos,
333 1333 372 1375 eo
398 1315 469 1376 solo
490 1325 651 1395 excepto,
680 1317 804 1377 haeresi
831 1314 1008 1375 callistiuna
1037 1313 1174 1377 iniectos
1199 1332 1274 1379 esso.

160 1413 309 1478 Secundo
333 1417 407 1477 dicit
426 1435 489 1479 non
505 1416 678 1478 omuessed
690 1413 852 1495 plurimos
866 1415 904 1475 ad
924 1415 1135 1476 callistianam
1157 1425 1276 1479 sectatu

162 1519 348 1578 convenire.
373 1515 483 1580 Tertio
504 1517 635 1580 demum
656 1517 823 1580 concludit
850 1533 913 1578 nou
938 1515 1098 1594 plurimos
1121 1516 1179 1579 seri
1200 1533 1277 1579 son·

161 1615 268 1678 nullos
290 1617 377 1678 illam
402 1619 559 1680 haeresim
581 1621 711 1680 sectari.
740 1615 822 1679 Hinc
843 1617 983 1689 inieras,
1006 1633 1091 1695 qnae
1112 1614 1276 1680 inserenda

164 1724 249 1780 sunt.

244 1817 406 1896 Proiecto,
429 1819 553 1885 Callisti
575 1823 708 1883 historia
731 1824 773 1885 its
798 1820 838 1881 ab
859 1820 1032 1901 Anonymo
1052 1828 1220 1896 contexta,
1241 1819 1275 1883 iis

164 1920 279 1982 merito
303 1921 470 1984 videretur
490 1922 729 2002 aequiparanda
753 1921 890 1995 labellis,
913 1939 998 2001 qnae
1021 1920 1131 1984 italice
1152 1939 1274 1984 roman·

162 2019 376 2085 attinentur.
404 2022 436 2085 st
465 2032 569 2086 tamen
592 2026 720 2087 Auctor
745 2023 907 2104 cujusquo
933 2039 1171 2101 personarum,
1194 2039 1271 2103 quas

164 2123 197 2185 iu
219 2125 325 2186 media
348 2126 613 2202 introducuntur,
636 2126 840 2189 characteres
862 2143 966 2204 aequa
988 2133 1268 2203 repraesentasse,

163 2223 419 2287 circumstantias
441 2236 514 2306 apte
536 2228 781 2305 composuisset,
800 2225 985 2287 verisimilia
1008 2232 1203 2299 enarrasset,
1217 2239 1265 2285 noc

164 2323 323 2387 tnatttssn
345 2326 377 2386 in
399 2329 699 2390 contradictionem.
