2886 4784
1150 376 1209 443 t35

85 479 273 542 ostendere.
293 478 436 542 Utuntur
452 489 560 540 autem
583 476 851 542 incantationibus
874 485 905 538 et
929 478 1092 555 baptismis
1108 496 1208 555 snper

88 582 293 642 confessione
314 581 560 642 elementorum.
584 577 727 641 Turbide
748 586 951 656 occupantur
965 579 1052 640 circa
1070 580 1209 641 astrolo-

89 685 178 762 giam
200 690 233 745 et
254 683 513 744 mathematicam
526 700 536 758 ;
560 699 597 742 ac
620 680 750 757 magicis
770 698 803 739 se
825 679 996 741 addicunt:
1018 698 1118 759 seque
1135 700 1210 761 prn-

90 785 255 862 guosticns
275 790 473 859 nuncupant.
497 799 513 838 ν
539 780 579 842 Et
600 782 680 841 haec
701 780 816 841 scribit
838 780 1037 862 Anonymus.

173 881 398 945 Theodoretus
419 897 519 960 porro
541 882 572 942 iu
595 879 692 941 Libro
716 877 757 939 ΙΙ.
772 896 799 940 c.
817 876 887 940 vti.
904 876 1143 942 Haereticartcm
1158 882 1209 961 sa·

89 985 240 1046 hulcrttm
261 985 300 1046 de
322 983 497 1045 helcesneis
521 983 600 1043 haec
622 980 728 1042 hahet.
759 973 802 1048 Οἱ
826 969 860 1046 δὲ
885 976 1084 1052 Ελκεσᾶιυτ,
1107 978 1142 1050 ἔκ
1165 979 1212 1049 τί·

87 1108 146 1166 νος
168 1079 310 1154 utrem
335 1084 395 1165 τῆς
417 1081 492 1179 ἀιρέ
492 1105 569 1162 σεως
590 1078 749 1181 ἄρξαντος
767 1105 826 1163 την
848 1085 1067 1186 προσηγορίαν
1090 1085 1211 1177 iabin-

90 1215 155 1272 τες
178 1189 213 1261 ἐκ
236 1187 445 1293 brapdpca’
423 1199 575 1286 οιιρέσευν
599 1187 720 1314 μύθους
744 1186 991 1289 ἐραννσοὲμενοι,
1008 1188 1067 1270 τη“ν
1090 1188 1220 1263 οἰκείαν

88 1294 312 1366 συντεθέικασι
335 1295 475 1375 πλαᾝνην
496 1289 562 1362 Καὶ
586 1316 656 1394 περι
647 1291 741 1373 isaia
764 1293 823 1363 τῶν
847 1292 970 1365 ὃλων’
923 1299 1061 1419 αρχην
1083 1320 1214 1390 συμφοι-

86 1400 201 1472 νουσιν
225 1399 321 1495 ἡμῖν.
345 1405 417 1472 Ενα
438 1395 500 1500 γὰρ
524 1397 694 1491 ἀγέννητον
712 1398 853 1526 λέγουσι,
872 1424 928 1470 και
944 1403 1064 1470 τοῦτον
1088 1403 1148 1471 τῶν
1171 1400 1211 1470 α’-

87 1507 215 1580 πυῖντων
237 1504 374 1579 καλδυσι
363 1499 670 1635 δημιουργὸνΧ
673 1527 784 1605 ριστον
807 1500 880 1574 δὲ’
865 1530 927 1599 ουχ
954 1503 1011 1580 ἕνα
1042 1505 1210 1599 λέγουσιν,

87 1605 231 1682 ἄλλα
196 1636 251 1684 τον
274 1610 334 1706 μὲν
357 1605 441 1695 ἄνω
465 1605 580 1681 ecci
602 1615 704 1681 κοίτω.
728 1607 785 1682 καὶ
814 1610 926 1682 τοῦτον
950 1613 1052 1684 πάλαι
1080 1611 1210 1695 πολλοις

89 1715 232 1842 ἔνρκηκέ
233 1741 299 1804 ναι,
324 1713 455 1844 ὕστερον
479 1713 513 1786 δὲ
536 1715 796 1798 κατεληλυθέναι.
823 1717 890 1789 Τθν
914 1713 949 1786 δε
970 1717 1106 1803 Ιησσῦν,
1137 1713 1210 1788 ποτὲ

89 1816 176 2000 μένθ
175 1820 271 1892 br
234 1847 290 1893 του
312 1817 426 1894 Θεου
414 1844 497 1892 ειναι
523 1817 614 1914 φησὶ,
638 1817 711 1890 ποτὲ
734 1815 769 1891 δὲ
792 1846 917 1914 πνευμα
939 1821 1057 1893 καλέι
1082 1847 1153 1892 ποτε
1147 1818 1212 1893 δὲ

86 1927 176 2056 παρθ
178 1924 245 1999 ἕνον
276 1925 452 2022 ἐσχηκέναι
486 1923 622 2050 μητέρα.
658 1930 705 1995 Ea
739 1919 850 2008 ἄλλοις
883 1921 917 1996 δὲ
952 1927 1207 2052 συγγράμμασιν

85 2027 220 2101 ὅνδε
184 2055 296 2102 τουτο·
321 2032 381 2103 καὶ
403 2025 571 2101 τουτονδέ
594 2029 692 2103 παλιν
715 2031 1049 2124 μετενσωματονσθαι,
1074 2031 1130 2104 καὶ
1161 2032 1208 2115 iis

84 2128 173 2209 ἄλλα
197 2135 280 2209 ἰέναι
304 2136 444 2230 σώματα
465 2137 562 2230 λέγει,
587 2129 641 2208 καὶ
667 2137 741 2207 καθ’
762 2132 896 2209 ἕκαστον
918 2133 1032 2238 καιρὸν
1051 2135 1209 2264 διμρόρυς

59 2240 285 2315 ’δείκνυσθαι
307 2239 468 2322 ’Eunaia
490 2237 524 2311 δε
546 2241 606 2312 καί
628 2240 790 2335 δαιμόνων
813 2234 998 2323 innitimini
1032 2267 1090 2312 και
1117 2245 1206 2313 οὐτοι

83 2348 280 2448 κέχρηνται
271 2373 360 2421 και
355 2343 494 2441 βαπτθ
493 2371 618 2440 σμασιν
641 2344 693 2417 ἐπι
708 2361 746 2444 τη
768 2350 828 2418 τῶν
844 2373 957 2443 στοιχε
945 2349 1016 2418 έιωυ
1033 2349 1205 2442 ομολογίᾳ.

83 2451 368 2581 Δστρολογὶανδέ
389 2478 446 2526 και
471 2477 619 2547 μαγικην
652 2455 713 2523 και
747 2451 985 2546 μαθηματικήν
1022 2453 1207 2541 η’σποίζοντο

82 2559 223 2644 πλάνην,
248 2557 305 2631 καὶ
328 2583 619 2660 προγνωστικους
607 2553 738 2640 ἓαυτους
759 2560 998 2662 προσηγόρευον
1029 2566 1050 2630 i
1076 2587 1106 2631 e.

170 2675 370 2738 Helcesaitae
395 2695 471 2737 vero
494 2676 533 2735 ab
555 2673 701 2737 Heicesai
723 2675 877 2754 quodam,
894 2680 949 2753 qui
973 2677 1130 2738 haeresim
1154 2677 1199 2737 iu·

84 2778 186 2857 cepit,
201 2795 316 2840 nomen
336 2778 455 2849 sortiti,
473 2796 513 2839 ex
530 2777 663 2838 diversis
686 2777 874 2841 haeresibus
896 2777 1024 2839 fabulas
1047 2780 1200 2852 mutuati,

85 2896 237 2941 errorem
258 2895 354 2941 tunm
385 2878 629 2940 concinnarunt.
655 2878 702 2939 hc
733 2879 771 2940 de
803 2879 1033 2941 universorum
1066 2879 1198 2959 quidem

84 2977 245 3058 principio
267 2978 433 3041 uobiscum
455 2980 606 3040 sentiunt.
629 2976 736 3042 Unum
759 2980 841 3040 enim
864 2979 1041 3056 ingenitum
1063 2979 1199 3053 dicunt,

85 3085 122 3139 et
136 3078 375 3141 buucomuium
392 3096 502 3141 rerum
515 3087 696 3140 creatorem
716 3088 841 3141 vocant.
859 3077 1026 3139 Christum
1045 3097 1121 3139 vero
1137 3096 1203 3143 nou

88 3197 194 3241 uuum
216 3198 285 3242 esse
307 3178 431 3251 dicuat,
453 3181 506 3242 sed
531 3181 630 3242 alium
652 3198 750 3258 supra
774 3187 805 3241 et
827 3179 926 3240 alium
950 3178 1031 3241 inira
1046 3199 1054 3240 ε
1072 3186 1103 3240 et
1120 3180 1206 3242 hunc

87 3279 171 3341 oiim
194 3281 225 3339 in
247 3280 358 3342 multis
380 3280 551 3352 habitasse,
570 3288 679 3360 postea
698 3299 774 3342 vero
791 3278 1001 3340 descendisse.
1017 3277 1129 3341 Jesum
1147 3297 1205 3342 au·

91 3390 160 3441 tem
181 3379 417 3458 aliqnandoex
442 3377 509 3443 Deo
532 3399 600 3442 esse
623 3380 718 3453 dicit,
740 3379 820 3440 alias
842 3376 997 3457 Spiritum
1022 3386 1137 3451 vocat,
1162 3380 1207 3441 iu·

88 3479 224 3543 tertium
247 3477 411 3561 Virginem
435 3480 528 3541 iiium
545 3479 693 3542 habuisse
709 3487 855 3540 matrem.
881 3478 916 3540 in
939 3478 1009 3539 aliis
1026 3497 1104 3540 vero
1125 3480 1206 3541 scri·

85 3578 156 3658 ptis
177 3597 216 3642 ue
239 3580 301 3644 hoc
323 3580 467 3659 quidam.
483 3579 524 3642 Et
542 3580 764 3663 huncrnrsus
787 3580 1016 3656 transmigrare
1038 3589 1069 3640 et
1091 3580 1121 3638 iu
1143 3579 1206 3639 alia

84 3682 140 3744 ire
160 3698 299 3760 corpora
322 3681 397 3743 dicit
409 3702 425 3760 3.
443 3699 480 3743 ac
503 3681 639 3744 diversis
662 3682 762 3743 modis
784 3698 984 3758 unoquoque
1007 3688 1151 3759 tempore
1173 3701 1206 3741 o·

82 3781 204 3845 aiendi.
229 3779 434 3846 Carminibus
455 3791 487 3845 et
509 3781 701 3846 daemonum
724 3779 980 3844 invocationibus
1002 3786 1034 3841 et
1057 3782 1114 3858 ipsi
1138 3791 1206 3842 ate·

85 3881 212 3944 bantur
233 3888 265 3945 ei
286 3883 531 3963 baptismatibus
554 3885 584 3944 in
607 3885 841 3957 elementorum
864 3879 1078 3944 consessione.
1095 3869 1208 3943 Astro-

81 3982 212 4061 logiem
235 4002 333 4062 porro
355 3991 387 4048 ei
410 3987 570 4063 magicum
594 3993 627 4046 et
646 3984 910 4047 mathematicum
926 3999 1071 4043 errorem
1088 3983 1209 4061 ample·

82 4082 284 4148 ciebantur:
302 4095 333 4149 et
349 4087 571 4166 prognosticos
586 4087 707 4166 seipsos
723 4085 943 4167 appellabant.
958 4099 973 4139 ν
988 4080 1028 4145 Et
1044 4084 1087 4145 ita
1105 4080 1209 4167 Theo·

77 4185 236 4252 doretus.
