2886 4784
165 352 369 520 affirmatur.
391 449 488 516 Hanc
507 471 532 516 s.
557 451 750 516 Athanasius
771 451 889 532 inquit,
911 453 1104 533 priusquam
1124 453 1248 539 Synodm

165 558 296 620 nicaena
317 553 530 630 adunaretur,
555 555 673 616 arianis
694 555 891 616 convenisse.
915 551 1067 617 Attamen
1088 556 1253 635 subdit,ip

163 675 236 722 sum
257 657 297 720 de
317 656 514 736 quaestionis
534 663 619 719 statu
642 653 820 726 conscium,
843 652 917 715 fidei
941 657 1094 718 nicaenae
1114 659 1254 738 subscrip

163 759 263 836 aissa,
286 775 344 820 uec
364 757 472 820 denuo
493 775 564 819 sam
587 755 745 822 refutasse
761 764 818 815 ant
837 755 1033 818 emendasse.
1059 755 1102 820 Et
1120 758 1154 819 id
1176 777 1213 821 ex
1226 776 1255 822 en

163 865 300 934 constat,
315 857 402 939 quod
426 857 526 938 paulo
548 863 633 936 post,
651 853 846 917 Marcellum
863 855 1063 920 haereticum
1087 859 1255 937 corripiens,

161 959 327 1039 scripserit
357 957 523 1024 Christum
555 975 624 1021 esse
656 953 755 1017 Deum
776 961 803 1014 et
824 952 949 1019 Filium
971 955 1040 1019 Dei.
1064 956 1256 1039 Quapropter

162 1059 311 1123 Valesius
332 1060 364 1120 in
396 1060 477 1120 notis
500 1057 581 1120 Hist.
605 1056 694 1119 Eecl.
721 1056 887 1118 vocabulis
907 1060 1120 1137 investigatis,
1142 1061 1256 1139 quibus·

161 1179 236 1225 cum
258 1159 297 1222 de
317 1158 402 1222 Filio
424 1157 481 1221 Dei
502 1159 653 1238 loquitur
671 1156 841 1229 Eusebius,
859 1159 1009 1237 pluribus
1031 1162 1205 1240 compertis
1216 1177 1257 1222 no·

160 1261 312 1335 minibus,
327 1261 359 1321 iu
381 1260 499 1337 quibus
521 1258 622 1324 Jesus.
637 1251 783 1338 ἀυτοθεδς
804 1257 869 1338 ipse
891 1257 974 1321 Deras
996 1260 1131 1332 dicitnr,
1145 1259 1257 1323 conclu·

160 1364 228 1427 dit:
253 1383 271 1423 «
292 1380 328 1424 ea
350 1360 499 1435 sufficere
519 1361 558 1422 ad
582 1364 785 1442 repellendas
806 1381 915 1424 omnes
937 1372 1052 1424 eorum
1078 1363 1253 1435 calumnias.

166 1465 223 1544 qui
247 1461 447 1527 Historieum
469 1471 616 1526 nostrum
638 1467 739 1528 ariani
762 1464 921 1543 dogmatis
934 1465 1008 1526 laha
1023 1481 1259 1545 aspersumesar

164 1563 385 1627 crediderunt.
408 1580 424 1616 a
448 1561 549 1642 Cujus
571 1565 717 1641 proinde,
740 1565 852 1626 eodem
877 1571 956 1626 teste
979 1561 1133 1640 Valesio,
1155 1580 1257 1627 meus·

163 1665 211 1726 ria
233 1664 421 1726 celebratur
443 1663 528 1724 inter
546 1671 672 1726 sanctos
694 1668 860 1743 episcopos
875 1674 908 1727 et
920 1665 1139 1742 confessores,
1154 1673 1187 1729 ct
1201 1665 1256 1744 qui·

162 1765 235 1826 dem
256 1763 287 1824 iu
309 1763 454 1825 eeclesiis
475 1781 607 1842 quoque
628 1765 892 1826 occidentalibus.
911 1763 1007 1828 Hunc
1030 1775 1139 1827 teman
1155 1766 1255 1837 airam,

160 1882 257 1944 quom
280 1859 500 1925 admirabilem
522 1863 605 1926 dixit
636 1862 852 1949 Hieronymus
878 1873 1052 1942 antequam
1077 1867 1256 1942 irrumperet

162 1967 194 2028 in
216 1961 415 2043 Origenem,
449 1972 571 2027 mutata
603 1963 643 2026 de
675 1972 816 2043 utroque
836 1965 1017 2037 sententia,
1038 1984 1065 2027 s.
1089 1963 1207 2027 Ductor
1222 1979 1254 2024 ex

160 2066 275 2145 priscis
298 2064 447 2128 Patribus
467 2065 557 2128 solus
577 2061 768 2143 munorum
785 2064 963 2146 principem
984 2066 1186 2146 nuncupavit
1205 2061 1255 2127 tin·

160 2167 301 2230 sebium.

241 2263 411 2350 Didymus,
434 2263 570 2329 Scholae
591 2265 820 2330 alexandrinae
842 2265 1039 2344 praelectus,
1063 2266 1104 2329 ab
1125 2262 1254 2329 omnibm

158 2367 342 2431 honoratur
368 2366 410 2428 ob
439 2367 675 2442 eruditionem,
698 2369 861 2447 animique
881 2367 1034 2430 ardorem
1057 2369 1087 2428 io
1113 2383 1185 2428 vera
1205 2363 1252 2424 dds

157 2465 298 2532 Nicaeae
319 2467 447 2529 delinita
472 2469 588 2530 tuenda
611 2486 648 2530 ac
670 2469 897 2547 propaganda:
921 2487 1018 2547 qnam
1052 2469 1159 2528 divina
1193 2482 1252 2544 pro

159 2568 299 2632 ridentia
319 2569 450 2644 arianis,
466 2569 522 2647 qui
545 2564 762 2631 Alexandriae
783 2577 887 2645 erant,
904 2570 1077 2648 opposuit:
1103 2587 1197 2648 quem
1210 2583 1250 2628 aa·

156 2672 269 2734 tholici
289 2672 444 2750 singulari
466 2673 768 2749 complectebantur
791 2673 1025 2745 benevolentia,
1051 2690 1067 2732 a
1092 2671 1249 2734 monacho·

158 2789 233 2835 rum
253 2773 479 2855 aegyptiorum
501 2781 598 2836 coetu
620 2773 673 2848 (in
695 2774 814 2852 quibus
835 2792 853 2834 a
876 2792 991 2852 magno
1008 2769 1165 2852 Antonio)
1185 2769 1251 2834 cela·

157 2872 301 2948 brutum,
324 2891 361 2935 ac
383 2874 572 2951 praesertim
595 2893 611 2933 a
633 2894 658 2934 s.
682 2872 894 2955 Hieronymo,
911 2876 968 2953 qui
990 2893 1065 2936 eum
1084 2873 1251 2954 prophetata

156 2973 310 3036 videntem
331 2975 412 3036 dixit
433 2982 461 3036 et
482 2972 586 3036 cirum
606 2972 826 3051 apostolieum.
852 2974 1070 3038 Nihilominus
1091 2975 1152 3037 iste
1178 2972 1250 3036 solus

158 3073 376 3155 Hieronymus
398 3084 520 3152 postea,
538 3079 568 3139 io
591 3077 676 3138 bunc
700 3094 792 3139 verso
813 3076 952 3149 calamo,
968 3076 1136 3154 supposita
1157 3073 1251 3152 Orias·

159 3175 207 3238 nis
228 3175 353 3236 haeresi
375 3173 528 3235 iniectum
551 3174 740 3236 declararit.
766 3172 809 3252 (ἢ

235 3273 340 3339 Siricii
364 3273 468 3354 Papae
483 3292 592 3336 omnes
608 3277 713 3336 mirati
732 3283 806 3339 sunt
821 3273 928 3351 fidem,
945 3277 1136 3356 sapientiam
1154 3276 1184 3338 ia
1197 3288 1251 3336 mn

230 3545 267 3617 (i)
289 3544 442 3602 vallarsius
459 3563 524 3603 oum
541 3549 659 3603 senserit
685 3548 715 3603 iu
732 3549 849 3620 epistola
860 3548 1026 3621 Hieronymi
1045 3547 1082 3602 ad
1100 3547 1245 3612 Lacinium,

158 3637 328 3692 mentionem
344 3637 404 3692 fieri
420 3637 550 3710 Didymi,
571 3641 682 3696 nomine
699 3640 779 3697 saneti
796 3641 836 3695 illi
855 3641 1000 3712 inscripto,
1020 3646 1049 3694 et
1068 3639 1135 3695 licet
1151 3641 1179 3694 in
1195 3653 1249 3694 eun·

157 3729 211 3784 etis
227 3729 351 3802 vulgatis
368 3728 511 3785 codicibus
528 3717 682 3803 legeretur,
696 3738 790 3789 tamen
808 3733 922 3800 abrasit,
938 3731 1063 3787 subdens
1075 3749 1101 3787 s.
1118 3731 1250 3786 Ductorem

157 3837 297 3893 nusquam
308 3821 373 3876 alibi
381 3821 457 3877 hunc
467 3822 580 3878 titulum
593 3823 716 3898 Didymo
726 3825 899 3901 adposuisse.
912 3825 975 3896 Ego
987 3830 1082 3879 autam
1094 3824 1169 3890 dico,
1182 3819 1250 3877 nulli·

158 3911 241 3967 mode
258 3911 447 3969 abradendum
464 3930 536 3981 esse,
556 3931 622 3972 oum
640 3934 762 3988 eousque
781 3916 973 3990 Hieronymus
992 3933 1027 3970 ex
1046 3913 1188 3971 communi
1203 3911 1250 3967 Ee·

157 4003 258 4062 clasiae
274 4006 405 4077 opinione
422 4005 578 4080 Didymum
596 4027 658 4066 vere
675 4020 788 4067 sanctam
798 4009 989 4065 venerebatur.
1002 4008 1066 4065 Nisi
1077 4008 1152 4081 quod
1164 4000 1250 4063 duddi

157 4095 269 4164 illusus,
288 4103 395 4155 mutata
412 4100 561 4168 mutantia,
581 4101 666 4159 sicuti
682 4103 712 4159 in
730 4108 837 4161 ceteros
854 4100 1006 4159 monachos
1024 4100 1064 4158 ite
1081 4100 1112 4157 in
1130 4096 1251 4158 bunum·

158 4195 255 4248 vectus
273 4198 326 4248 est.
