2886 4784
1210 368 1270 436 153

142 466 259 531 monio
280 484 318 530 ea
339 467 406 547 ipsa
428 473 533 529 aetate
555 466 597 529 oh
619 482 733 530 eorum
765 467 878 528 oculos
910 467 993 530 hauc
1025 479 1266 549 praesumptam

143 571 311 632 haeresim
332 569 522 633 exstinetam
544 587 612 630 esse
634 576 768 631 constat.
786 568 819 630 S.
840 567 1037 646 Epiphanius
1052 570 1090 630 ad
1110 569 1267 656 Hierony·

143 689 240 733 mum
264 672 295 731 iu
316 671 450 748 epistola
474 666 524 733 at.
549 669 624 730 dicit
647 688 704 746 per
726 667 942 746 Theophilum
972 669 1121 746 Origeuis
1155 673 1268 734 haerc-

142 768 210 834 sim
233 770 478 849 (imaginariam)
503 780 568 832 toto
590 771 670 830 orbe
692 771 827 840 aruisse,
851 778 1021 849 postquam
1047 773 1194 833 monachi
1222 774 1267 833 ui·

146 860 285 953 trianses
308 872 460 933 haeretici
484 869 610 948 (fictitii)
633 870 727 949 ejecti
751 869 980 931 themanitem
1003 889 1028 932 s.
1047 869 1267 951 Hieronymus

144 971 264 1034 codem
289 981 433 1049 tempora
457 973 518 1049 (an.
540 967 624 1046 atil.)
645 971 756 1031 scribit
777 970 815 1030 ad
839 968 1075 1049 Theophilum,
1097 971 1268 1035 Romaest

146 1074 181 1134 iu
204 1073 329 1134 cunetis
350 1072 494 1135 ecelesiis
515 1073 640 1133 siluisse
656 1080 834 1147 serpentem
850 1073 1021 1150 antiquum
1037 1075 1176 1147 (aeream
1192 1072 1267 1135 Ori·

146 1176 237 1252 genis
261 1174 450 1247 haeresim).
473 1172 672 1251 Theophilus
694 1173 776 1233 idem
800 1173 841 1232 ait
866 1175 896 1232 iu
925 1171 1104 1235 Palaestina
1143 1182 1267 1235 tantum

147 1277 336 1360 hypocritas
357 1276 427 1354 tsiol
450 1277 505 1355 qui
536 1279 566 1337 in
599 1275 729 1336 occulto
752 1273 820 1352 (sie)
843 1274 925 1333 hane
958 1275 1114 1336 haeresim
1138 1274 1267 1352 prolite-

146 1377 282 1450 hautur,
305 1394 484 1455 superesse.
507 1376 663 1440 Similiter
683 1376 768 1436 eirea
793 1392 912 1436 aunum
944 1372 1015 1442 tta.
1048 1373 1265 1457 Hieronymus

146 1479 178 1540 iu
211 1478 346 1555 epistola
370 1478 408 1538 ad
434 1474 649 1555 Principiam,
674 1484 812 1537 testatur
845 1476 926 1536 hanc
956 1475 1119 1536 haeresim
1140 1475 1207 1554 jam
1234 1494 1265 1536 e·

147 1579 312 1642 vanuisse.

228 1677 333 1753 Hinc,
357 1678 455 1758 hujus
478 1680 647 1739 haereseos
678 1676 769 1739 initio
791 1685 822 1738 et
843 1676 905 1738 fine
935 1695 1075 1755 expenso
1097 1695 1137 1740 ex
1159 1677 1264 1739 citatis

147 1780 364 1855 auctoribus,
393 1780 562 1860 perspicue
593 1780 733 1851 eruitur,
757 1778 895 1840 obeunte
916 1780 1028 1840 seculo
1051 1775 1105 1840 tv.
1130 1779 1210 1839 hanc
1233 1778 1265 1838 iu
1335 1837 1338 1841 ,

144 1881 275 1946 Nitriae
298 1882 497 1944 monasteriis
519 1889 623 1942 ortam
656 1898 746 1951 esse,
770 1898 807 1941 ac
828 1880 927 1955 paulo
959 1886 1030 1957 post
1063 1881 1261 1956 extinctam3

145 1985 311 2064 quamvis,
334 1983 405 2045 dico
426 1999 508 2060 ego,
532 1999 696 2059 nunquam
720 1981 894 2058 inceperit,
926 1999 984 2042 uec
1016 1979 1088 2043 ideo
1119 1983 1261 2042 extincta

146 2083 272 2147 fuerit:
295 2101 333 2146 ao
356 2081 578 2144 tantummodo
601 2083 630 2141 in
653 2082 797 2160 improba
821 2081 1045 2160 imaginatione
1067 2078 1261 2158 Theophili,

144 2192 178 2248 et
200 2185 290 2248 illusi
312 2183 501 2267 Hieronymi
523 2192 677 2262 concepta
699 2184 752 2258 sit,
776 2184 948 2262 prodierit,
974 2183 1127 2262 viguerit,
1150 2200 1187 2244 ac
1208 2183 1263 2246 de·

144 2299 237 2351 mum
262 2286 389 2348 obierit.
475 2306 477 2310 ’

157 2414 160 2419 ·
225 2387 310 2452 Cum
334 2406 411 2449 vero
432 2387 510 2448 dicit
532 2385 693 2458 Gelasius,
716 2406 749 2449 se
772 2388 801 2447 in
823 2385 962 2465 Origene
985 2387 1153 2461 refutare,
1176 2406 1261 2467 quac

144 2488 337 2568 reprobavit
359 2485 591 2571 Hieronymus,
610 2506 648 2548 eo
670 2506 763 2551 sensu
786 2490 817 2548 in
839 2489 948 2565 primis
965 2488 1151 2566 exponenda
1170 2496 1259 2562 sunt,

144 2600 246 2669 quem
269 2589 335 2665 ipse
360 2586 442 2664 Papa
466 2588 624 2663 expressit
646 2590 676 2646 iu
699 2588 839 2666 epistola·
859 2587 901 2649 De
929 2587 1057 2652 viuculo
1078 2591 1260 2653 anathema·

141 2688 207 2752 tia:
231 2686 449 2754 Nouercae·
471 2697 586 2756 autern,
601 2690 716 2767 iuquit,
733 2707 787 2749 aec
805 2708 906 2768 poena
931 2692 1142 2754 anathematis
1160 2700 1261 2770 potest
1297 2743 1305 2754 .

142 2806 218 2865 ease,
241 2808 321 2871 qaue
342 2807 406 2850 aaa
428 2790 553 2851 erranti
572 2807 636 2851 non
657 2790 781 2850 debetur
801 2788 928 2866 inferri.
949 2789 1073 2854 ideirco
1095 2812 1168 2855 cum
1187 2791 1263 2856 Hic·

141 2909 331 2972 rouymum,
351 2891 451 2950 veluti
474 2891 504 2949 in
527 2893 707 2967 praemissis
729 2887 836 2950 Tomis
859 2893 1057 2969 disputatum
1077 2905 1137 2966 est,
1155 2903 1261 2955 osteu-

141 2994 251 3054 tlimns
274 2991 394 3053 irustra
418 2992 576 3052 refutasse
598 2992 629 3051 in
653 2990 805 3068 Origene,
829 3010 913 3069 quac
940 2988 1001 3053 nnn
1023 2994 1148 3064 docuit,
1175 3005 1207 3057 et
1230 2997 1260 3056 in

140 3093 263 3174 quihus
285 3110 347 3152 nou
368 3093 512 3152 erravit:
537 3091 670 3162 ideirco,
694 3094 776 3162 ilico,
802 3109 858 3151 nnec
881 3092 972 3154 locus
995 3103 1065 3155 erat
1089 3095 1260 3157 refutatio-

140 3195 196 3271 ni3
223 3210 281 3254 nec
304 3192 437 3268 proinde
470 3192 573 3253 multo
601 3194 705 3253 suiuus
734 3191 799 3252 ulla
826 3193 1036 3255 anathematis
1063 3214 1163 3274 poena
1194 3214 1257 3258 nou

143 3293 270 3357 erranti
293 3292 456 3354 inferenda
479 3300 561 3352 erat.

223 3391 293 3455 Gur
315 3410 414 3471 porro
435 3391 551 3453 subdat
573 3392 735 3465 Gelasius,
752 3392 991 3454 schismaticum
1016 3411 1132 3455 vocans
1147 3392 1261 3473 Orige-

141 3511 229 3566 uem,
252 3510 327 3554 cum
349 3494 387 3552 iu'
402 3494 485 3554 seria
507 3494 745 3556 haereticorum
769 3511 830 3553 nou
859 3497 1077 3568 accensuerit,
1099 3496 1261 3572 sapienter

141 3591 502 3671 explicavitGeorgius
524 3593 754 3658 alexandrinus¹
777 3599 808 3657 iu
832 3592 902 3656 Vita
925 3614 949 3656 s.
968 3593 1099 3657 Joaunis
1121 3595 1262 3678 Chryso·

141 3693 239 3756 atomi
261 3711 290 3754 c.
313 3690 365 3761 43.
385 3713 401 3751 «
424 3691 495 3755 Non
518 3694 560 3753 ob
581 3695 827 3772 oppositionem,
851 3695 908 3765 ait,
933 3691 1096 3756 Ecclesiae
1119 3693 1260 3756 Catholi-

142 3811 214 3867 cae,
238 3811 295 3856 seu
319 3794 361 3855 ob
384 3795 584 3872 personalem
606 3794 754 3874 Origenis
775 3794 1010 3874 separationem
1034 3795 1074 3855 ah
1096 3813 1147 3867 ca,
1163 3797 1262 3858 schis-

143 3895 300 3957 maticum
322 3896 472 3957 eumdem
495 3896 575 3957 dixit
599 3897 769 3957 Pontifexr
804 3896 858 3957 sed
892 3896 1114 3958 tantummodo
1148 3898 1208 3958 hoc
1230 3898 1259 3956 ei

142 3996 307 4075 inscripsit
329 4013 455 4070 nomen,
477 3997 565 4075 quod
589 3998 725 4059 schisma
748 3999 779 4058 iu
805 3996 979 4059 Ecclesiam
1003 3997 1162 4060 intulisset
1188 4017 1263 4076 pro·

143 4106 217 4176 pter
248 4115 341 4160 suam
366 4099 564 4161 'doctrinam
584 4117 600 4156 u
623 4097 718 4174 Quod
741 4098 870 4178 quidem
893 4116 1069 4162 consonum
1092 4109 1139 4163 est
1162 4099 1260 4179 hujus

143 4191 343 4277 quaestionis
364 4201 540 4265 historiae:
563 4218 637 4264 eum
659 4199 731 4263 ideo
752 4199 793 4262 ab
821 4207 926 4263 aetate
958 4197 1130 4280 Theophili
1165 4199 1258 4266 valtis
