2886 4784
90 469 227 534 uymnm
248 449 309 514 sibi
330 458 489 524 constare,
513 469 571 513 nec
593 451 622 514 iu
646 451 807 530 theologia
829 460 954 514 certam
974 453 1113 531 prodere
1135 455 1209 519 fidei

94 551 256 627 regulam.
280 548 321 612 Et
342 550 393 612 hie
415 558 475 622 est,
498 552 554 630 qui
573 550 732 630 judicavit
748 550 918 614 Callistum
938 554 1151 617 haereticum.
1167 553 1211 618 Et

92 650 147 713 hic
169 661 230 725 est,
247 652 304 729 qni
320 636 465 730 eJ‘usdem
489 655 519 711 in
542 652 602 711 hale
625 653 864 715 instabilitatem
887 657 1006 730 arguit.
1026 654 1066 716 Et
1081 656 1131 716 hie
1147 663 1208 733 est,

93 752 152 830 qui
176 751 362 814 Pontificem
386 760 481 816 vocat
501 755 669 816 dementem
690 763 718 815 et
739 764 913 828 versutum,
928 753 1136 833 blasphemias
1155 775 1209 820 su·

86 858 203 929 praet
224 853 315 931 infra
336 849 569 932 disperperetem.
596 853 635 916 Et
656 854 793 932 amplius
817 854 855 916 de
876 874 914 917 eo
936 855 1024 917 dicit:
1041 857 1209 919 dummodo

89 969 156 1012 non
177 949 323 1013 videatur
343 961 455 1016 eontra
480 952 643 1016 ceritatem
661 953 780 1035 toqui,
804 953 932 1017 minime
962 975 1031 1017 eum
1051 960 1152 1036 pudet
1172 956 1209 1019 in

90 1070 213 1112 errores
241 1048 373 1114 Sebeiiii
396 1072 507 1127 nune,
534 1055 623 1115 modo
656 1053 801 1117 Theodoti
827 1055 975 1117 incidere.
1009 1052 1051 1117 Et
1080 1057 1208 1119 cuinam

94 1155 212 1216 melius
233 1172 331 1233 quarn
361 1155 419 1233 ipsi
443 1156 614 1239 Anonymo
643 1158 672 1217 bi
706 1165 861 1236 aptantur
887 1157 1118 1234 characteres,
1142 1175 1208 1220 me·

94 1257 159 1317 rito
181 1274 197 1315 a
222 1253 344 1318 Callisti
368 1274 504 1333 persona
531 1255 682 1325 sublati?

174 1354 378 1419 Manifestins
394 1375 472 1418 vero
488 1358 517 1418 id
534 1365 633 1435 patet,
652 1357 769 1435 Operis
786 1358 986 1437 praelatione
1007 1357 1206 1420 conclusioni

92 1467 293 1537 comparata.
310 1459 361 1520 Ab
377 1459 513 1522 exordio
528 1461 611 1520 enirn
627 1459 745 1524 Christi
763 1459 954 1534 Ecclesiam,
969 1459 1142 1537 apostotos
1157 1477 1208 1522 ce·

90 1559 199 1619 lebret
218 1566 251 1620 et
272 1560 438 1638 episcopos
454 1559 591 1622 istorum
612 1579 837 1638 successores;
856 1559 1081 1622 Hierarcbiam
1104 1559 1207 1622 extol·

91 1659 152 1721 lit:
177 1659 302 1722 divinas
318 1659 502 1739 Scripturas
517 1669 692 1739 memorat3
710 1659 848 1740 Spiritus
865 1657 972 1722 Sancti
991 1660 1210 1722 adsistentiam

91 1759 125 1819 in
150 1757 312 1822 Ecclesiae
344 1761 497 1838 regimine
529 1762 667 1842 probat:
692 1760 824 1823 Petrum
857 1769 1031 1824 veneratur
1062 1762 1207 1824 traditio·

93 1878 178 1921 uem.
201 1858 245 1923 Et
266 1861 314 1922 his
335 1859 538 1924 adminiculis
560 1864 665 1941 inquit
686 1881 719 1923 se
736 1878 873 1923 usurum
887 1861 925 1922 ad
944 1861 1140 1924 refellendos
1155 1878 1207 1923 er·

92 1979 195 2022 rores.
218 1961 436 2024 Nihilominus
458 1967 488 2023 iu
511 1965 683 2026 novissimo
708 1982 786 2024 snae
812 1964 958 2025 emittens
985 1963 1056 2024 iidei
1084 1962 1207 2042 proles·

90 2066 227 2135 sionem,
245 2064 396 2142 adquam
420 2075 551 2127 cunctas
574 2062 748 2142 compellat
764 2072 884 2143 gentes,
902 2083 959 2126 nec
975 2062 1203 2143 Evangelium,

92 2182 152 2225 nce
181 2163 344 2227 Ecclesiae
373 2185 512 2242 nomen,
533 2185 591 2228 nec
612 2166 755 2246 eJ‘nsdem
779 2166 956 2239 unitatem,
989 2182 1047 2226 nec
1070 2164 1207 2244 Aposto-

92 2266 155 2339 los,
182 2284 239 2327 nec
262 2267 439 2346 episcopos,
462 2286 520 2329 nee
542 2266 698 2346 Spiritum
722 2263 892 2338 Sanctum,
916 2284 973 2326 nec
996 2267 1206 2342 apostolicam

90 2384 149 2427 nec
175 2365 307 2427 Patrum
330 2376 489 2428 memorat
514 2369 728 2428 traditionem.
755 2365 870 2444 Neque
892 2367 1142 2427 christianornm
1170 2368 1207 2426 ti·

90 2466 212 2540 tulnm,
231 2485 289 2528 nec
310 2465 390 2529 Iesu
413 2468 522 2530 intulit
546 2468 765 2529 venerandum
789 2484 924 2528 nomen:
949 2485 1053 2544 neque
1069 2466 1108 2527 de
1130 2467 1206 2546 bap·

89 2567 197 2639 tismo,
214 2585 320 2645 neque
341 2569 380 2655 de
402 2571 517 2631 ceteris
535 2569 699 2631 Ecclesiae
726 2569 885 2648 mysteriis
908 2569 1100 2630 mentionem
1122 2569 1204 2647 egit:

88 2686 147 2730 uec
169 2670 385 2730 sanctissimae
401 2668 566 2732 Trinitatis
588 2688 716 2745 nomen,
735 2672 941 2747 praecipuam
965 2668 1039 2731 fidei
1059 2669 1205 2732 christia·

88 2785 148 2829 uae
172 2778 351 2844 tesseram,
375 2771 601 2848 pronunciavit
622 2788 772 2850 usquam.

171 2868 212 2931 Et
233 2872 405 2950 quamvis,
426 2874 578 2950 inquam,
600 2873 754 2950 spondeat
776 2890 809 2933 se
830 2870 870 2932 ab
892 2870 955 2931 illis
982 2868 1124 2932 tontibus
1148 2889 1201 2932 sn·

87 2979 280 3048 scepturum
302 2972 543 3033 haereticorum
566 2971 793 3033 refutationem
809 2989 878 3045 ,·ac
900 2971 1034 3047 proinde
1056 2979 1201 3048 asserat,

85 3088 151 3133 non
173 3071 241 3132 reisi
262 3090 282 3132 a
303 3067 428 3150 Spiritu
450 3069 565 3135 Sancto
582 3091 641 3151 per
665 3071 836 3135 Ecclesiam
857 3071 971 3151 diffuse
986 3070 1090 3151 refelli
1102 3072 1206 3134 heere·

87 3172 153 3237 tice
175 3173 347 3251 docmata:
372 3192 409 3235 ae
432 3175 529 3252 paulo
553 3184 624 3253 post
644 3175 760 3236 subdat
781 3193 840 3247 se,
863 3191 943 3252 qece
963 3170 1045 3234 idem
1066 3171 1205 3251 Spiritus

87 3272 227 3338 Sanctus
247 3273 277 3335 ei
297 3275 531 3354 suppeditabit,
552 3275 631 3339 eliis
652 3275 720 3338 sine
741 3273 837 3337 livore
859 3272 1091 3337 communicare
1110 3275 1206 3348 velie;

86 3376 217 3437 nullum
243 3384 347 3437 tamen
368 3388 497 3438 sacrum
521 3376 737 3437 testimoninm
761 3376 884 3445 retulit,
902 3375 1025 3448 citavit,
1042 3374 1202 3453 discussit,

87 3494 155 3556 quo
177 3484 322 3539 errantes
343 3477 575 3539 contunderet:
599 3476 722 3539 nnllam
746 3494 786 3537 ex
808 3474 936 3557 synodis
951 3473 1071 3553 Spiritu
1088 3473 1203 3537 Sancto

86 3579 292 3656 cougregatis
321 3578 460 3657 protulit
486 3579 675 3640 sententiam
701 3576 858 3638 adversus
887 3577 1057 3651 haereses,
1081 3576 1204 3638 nullam

84 3677 196 3739 subdit
213 3677 349 3740 Petrum
370 3679 642 3758 disquisitionem
666 3695 702 3738 ae
725 3679 850 3753 penitus
873 3678 1082 3755 apostolicam
1098 3678 1207 3739 omisit

84 3777 305 3839 traditionem.
331 3776 372 3840 Et
393 3779 459 3857 ipse
481 3777 625 3859 eiusdem
648 3762 767 3855 culpae
787 3794 862 3838 rens
879 3777 967 3854 (satis
984 3778 1114 3852 mirum)
1131 3778 1205 3839 hae-

83 3878 195 3940 reticis
216 3862 386 3957 increpare
406 3878 516 3953 audet,
540 3878 627 3958 qnod
651 3894 741 3940 sacra
764 3874 870 3938 Biblie
893 3879 1157 3955 contempserint,
1172 3886 1206 3941 et

81 3986 274 4042 sanctorum
296 3979 442 4042 virorum
467 3979 688 4056 traditionem,
714 3995 787 4039 enm
811 3977 877 4056 ipse
899 3977 1022 4056 primus
1040 3977 1113 4039 talia
1130 3977 1205 4040 sub·

82 4080 164 4143 sidia
188 4079 380 4160 neglexerit.

166 4181 198 4246 Si
222 4197 301 4246 vero
325 4181 496 4261 hueusque
517 4182 741 4244 contendimus
756 4180 912 4242 adversus
929 4178 1203 4262 Anonymi-negli-
