2886 4784
159 361 219 430 tuti

157 465 267 526 ambos
290 464 320 524 io
342 459 499 523 Theodoti
521 469 553 523 et
575 460 670 525 Nocti
692 463 848 525 baeresim
866 463 983 541 lapsos,
1005 480 1022 523 a
1046 482 1080 524 ae
1097 462 1196 526 luisse
1219 481 1277 528 ex·

159 573 328 642 pugnatus,
351 555 471 641 eosque
494 564 609 624 invitos
627 564 767 640 coegisse
788 565 954 626 veritatem
971 565 1128 627 confiteri.
1145 563 1212 639 Qui
1228 573 1280 631 etr

158 668 184 726 si
207 667 244 726 ad
270 674 395 742 tempus
417 665 668 736 erubescerent,
689 675 793 725 tamen
816 674 923 742 postea
949 667 979 725 in
1002 666 1084 725 idem
1108 666 1217 727 lutum
1238 684 1274 728 se

162 766 362 828 volutarunt.
387 764 506 826 Deinde
529 763 618 827 addit
639 764 807 827 Callistum
831 767 988 828 haeresim
1016 775 1277 844 propugnantem

159 865 267 940 Noeti,
290 865 473 945 Zephyrino
495 865 645 939 illusisse,
670 868 712 927 ita
736 879 772 927 ut
795 867 890 928 modo
904 868 962 927 iste
976 865 1086 938 Noeti,
1104 868 1202 928 modo
1217 867 1274 929 Sa·

159 967 247 1027 bellii
271 984 399 1027 errores
423 952 656 1044 profiteretur}
679 982 716 1026 ιι
738 974 846 1044 postea
869 966 1018 1027 eumdem
1042 967 1085 1027 ait
1101 964 1273 1029 Callistum

160 1067 325 1127 damnasse
347 1065 524 1128 sabellium
533 1084 545 1143 3
568 1082 604 1126 ac
627 1084 742 1126 rursus
762 1065 865 1125 eidem
888 1066 1082 1136 adhaesisse,
1106 1067 1137 1124 iu
1161 1083 1280 1145 perpe·¹

161 1176 214 1228 tua
238 1185 351 1243 nempe
374 1167 576 1228 contentione
591 1173 622 1228 et
637 1167 844 1228 inconstantia
863 1174 1036 1227 versatum.
1061 1163 1101 1227 Et
1125 1166 1207 1228 haec
1229 1165 1273 1227 di-

161 1269 204 1329 cit
227 1267 427 1350 Anonymus.

241 1367 407 1429 Adversus
429 1367 487 1428 ista
514 1385 573 1446 pro
596 1386 646 1431 me
668 1373 730 1430 stet
751 1365 984 1440 Tertullianus,
1011 1383 1029 1426 e
1053 1364 1151 1444 cujus
1176 1367 1274 1447 scrip·

163 1469 201 1528 tis
224 1474 292 1528 tum
316 1467 416 1528 relate
436 1468 476 1528 ad
490 1468 614 1546 dogma
636 1467 831 1530 catholicum
854 1469 893 1548 de
918 1465 1014 1527 Verbi
1044 1465 1144 1526 divini
1176 1467 1274 1549 hypo·

161 1568 249 1640 stasi‚
274 1586 346 1627 cum
372 1567 471 1629 relate
493 1569 532 1628 ad
557 1567 719 1630 Ecclesiae
741 1568 939 1645 disciplinam
970 1566 1002 1626 lu
1031 1557 1272 1628 haeretieorum

161 1667 396 1741 confutatione,
417 1669 674 1747 praeclarissime
695 1669 824 1730 eruitur
846 1667 1013 1744 impudens
1028 1666 1192 1749 Anonymi
1213 1667 1270 1728 cri·

163 1769 295 1827 minatio
318 1766 473 1829 adversus
495 1768 576 1840 duos
601 1767 779 1828 Pontifices.
803 1765 904 1844 Saepe
927 1784 1067 1843 namque
1100 1765 1272 1848 Presbyter

161 1867 232 1928 aler
253 1864 443 1947 Symbolum
465 1868 679 1946 apostolicum
707 1868 767 1928 sub
789 1864 863 1946 fidei
885 1867 1013 1944 repuloc
1042 1869 1176 1928 nomine
1207 1884 1274 1944 pro·

162 1968 238 2039 lert,
262 1971 384 2030 cunctis
399 1966 516 2029 Christi
539 1968 681 2029 ecclesiis
704 1970 892 2047 praesertim
915 1967 1100 2045 apostolicis
1125 1969 1186 2039 (in
1210 1969 1274 2047 qui·

160 2068 220 2128 bus
243 2067 548 2146 praestat'Ecclesia
583 2067 750 2138 Romana)
777 2077 966 2143 acceptum:
1000 2067 1053 2126 ubi
1088 2067 1273 2129 continetur

162 2165 327 2228 Trinitatis
348 2168 506 2230 consessio
530 2167 645 2242 Patris,
670 2167 742 2229 Filii
765 2179 795 2229 ot
819 2169 956 2245 Spiritus
978 2166 1087 2230 Sancti
1103 2171 1135 2229 in
1154 2169 1273 2230 unitata

161 2267 370 2343 substantiae,
395 2269 668 2346 quemadmodum
691 2278 782 2332 antea
806 2270 927 2330 dictum
950 2276 1017 2329 est:
1042 2287 1079 2329 ac
1102 2271 1275 2349 praecipua

163 2369 202 2430 de
225 2366 330 2442 Filio,
353 2370 408 2446 qui
432 2369 588 2430 dicituro
614 2369 708 2431 Patre
742 2372 854 2430 missus
877 2370 915 2428 in
932 2366 1096 2445 Virg'mem
1120 2376 1154 2430 et
1176 2389 1218 2432 ex
1239 2387 1272 2430 ea

162 2476 256 2529 natus
278 2469 375 2528 homo
397 2477 429 2528 et
451 2466 560 2539 Deus,
596 2467 695 2531 Filius
726 2471 859 2528 hominis
882 2479 912 2528 et
936 2466 1038 2528 Filius
1064 2466 1149 2545 Dei;
1175 2479 1206 2530 et
1229 2468 1274 2528 liic

166 2586 291 2647 passus,
316 2577 465 2628 mortuus
488 2578 518 2629 et
540 2569 696 2646 sepultos.
722 2569 827 2643 Quam
850 2569 923 2628 fidei
947 2569 1097 2645 regulam
1132 2572 1277 2631 immuta

164 2668 262 2731 bilem
278 2669 502 2729 decucurrisse
524 2669 569 2730 ait
590 2669 630 2729 ab
649 2667 810 2730 Ecclesiae
826 2669 915 2729 initio
932 2669 1090 2748 usquead
1108 2665 1275 2731 Callistum

167 2780 199 2830 et
221 2767 307 2830 ultra
331 2769 412 2828 hanc
434 2775 581 2828 aetatem.

246 2865 518 2944 Quomodoergo
541 2870 809 2947 praesumendum
833 2878 880 2928 est
902 2868 982 2929 duos
1002 2866 1179 2928 Pontifices
1201 2882 1277 2929 nuno

166 2966 340 3043 dubitasse,
358 2971 454 3031 modo
469 2970 700 3031 contradixisse
724 2970 798 3029 huic
815 2968 886 3028 fidei
905 2968 1050 3046 regulae,
1069 2985 1184 3029 coram
1203 2967 1277 3028 huo·

166 3086 263 3150 nymo
284 3080 460 3143 asserentes
483 3071 611 3130 Patrem
634 3087 695 3130 non
718 3067 837 3128 Filium
861 3086 988 3145 passum
1016 3085 1106 3140 esse,
1131 3077 1166 3128 et
1187 3082 1278 3145 quau·

167 3167 274 3245 doque
298 3169 425 3230 Patrem
447 3180 479 3230 et
502 3168 619 3231 Filium
642 3167 738 3230 simul
763 3168 939 3242 passionem
962 3175 993 3226 et
1015 3175 1158 3227 mortem
1174 3165 1279 3227 subtis·

166 3265 230 3331 se?
250 3288 307 3331 seu
332 3268 473 3332 Verbum
497 3288 565 3330 csse
598 3267 716 3328 Filium
739 3278 770 3327 et
793 3268 878 3327 hunc
908 3270 1004 3327 etiam
1040 3266 1173 3327 Patrem
1196 3280 1277 3332 esse,

165 3369 246 3430 alias
269 3368 396 3442 Noeta,
419 3369 498 3429 alias
520 3367 710 3442 Theodoto,
743 3368 822 3426 alias
852 3369 1076 3427 convenientes
1112 3355 1278 3428 Sabellio?

168 3465 283 3530 Nouae
304 3469 343 3528 ab
365 3468 425 3528 hac
450 3469 657 3526 inconstantia
680 3484 721 3526 ex
746 3463 965 3525 Romanorum
992 3463 1187 3526 Pontificum
1214 3475 1277 3541 par·

171 3575 202 3629 te
225 3572 327 3627 totum
350 3565 541 3628 Tertulliani
566 3566 744 3626 haereticos
767 3564 936 3625 refutantis
959 3563 1112 3624 deiiceret
1128 3565 1276 3629 studium,

169 3673 208 3729 ut
234 3665 354 3726 lrustra
378 3666 539 3726 laborasse
569 3662 762 3726 videretur?
788 3662 844 3722 Vel
872 3663 1007 3724 lortasse
1034 3665 1216 3738 putandum
1239 3662 1278 3722 est

168 3773 348 3843 utrumque
369 3764 554 3828 Pontificem
585 3765 665 3824 hanc
692 3765 853 3840 ignorasse
883 3763 954 3823 fidei
986 3763 1159 3840 regulam3
1192 3770 1278 3840 quau

168 3874 248 3928 tuuc
271 3867 392 3944 ubique
413 3865 607 3927 custoditam
629 3864 675 3924 uti
709 3863 900 3924 christianae
935 3862 1098 3940 religionis
1134 3869 1279 3925 tesseram

168 3966 306 4029 fidenter
328 3967 488 4028 asserebat
511 3961 763 4024 Tertullianus?

254 4046 423 4127 Praeterea
448 4064 478 4124 iu
500 4065 560 4124 hae
583 4080 678 4123 causa
703 4062 779 4123 lacit
801 4073 829 4121 et
855 4061 947 4135 illud,
972 4063 1059 4139 quod
1080 4063 1193 4122 scribit
1214 4055 1279 4117 Ter·

168 4162 328 4227 tullianus
353 4166 435 4228 idem
459 4166 543 4226 cirea
569 4161 735 4224 Ecclesiae
758 4161 954 4239 disciplinam
973 4165 1001 4221 iu
1021 4150 1203 4225 refutandis
1217 4160 1278 4218 hac·
