2886 4784
159 438 266 528 missa,
283 456 375 516 extra
398 450 508 516 iocum
529 469 590 516 suo
611 449 843 515 commentario
862 447 1087 531 intrusernn13
1109 449 1162 513 sati
1184 459 1211 514 et
1228 451 1260 512 ait

160 555 265 630 initio,
280 555 431 618 versiculi
452 571 526 617 cum
548 560 622 615 uota
645 563 674 614 et
694 553 833 633 reliqua,
857 552 1019 615 deiectum
1042 554 1261 632 suppleverunt

160 657 406 738 pervulgatam
437 655 630 718 editionem:
666 654 721 717 ubi
753 654 846 735 plura
872 655 997 717 variant
1017 673 1035 718 a
1058 655 1195 719 lectione
1215 673 1260 734 per

162 775 188 821 s.
213 756 385 822 Ductorem
408 775 425 819 a
447 757 570 836 graecis
591 757 755 819 codicibus
785 755 961 818 emendata.
991 755 1105 832 Quare
1139 757 1264 829 accidit,

163 868 224 935 ut,
257 859 384 923 collatis
406 857 630 938 Evangeiistae
664 857 768 920 serbis
790 860 821 920 in
845 857 1014 921 versieulis
1045 858 1264 920 commentario

162 959 358 1039 praemissis,
382 977 456 1022 cum
489 959 527 1022 iis
558 957 662 1021 eidem
683 961 916 1021 commentario
938 958 1002 1020 huc
1023 957 1107 1021 iiiuc
1130 959 1266 1031 insertis,

160 1059 270 1138 aliqua
295 1059 485 1139 inspiciatur
506 1057 685 1121 differentia
696 1077 707 1138 3
722 1065 755 1121 et
774 1058 950 1139 aliquando
970 1058 1030 1121 sibi
1055 1058 1143 1122 haud
1165 1059 1267 1124 cohae-

161 1170 232 1224 reat
249 1159 469 1245 Hieronymus
490 1162 522 1224 iu
543 1159 753 1223 discussione.

243 1258 369 1341 Reapse
383 1262 414 1325 in
428 1282 456 1327 n.
475 1259 534 1325 Xl.
546 1261 643 1344 juxta
660 1260 744 1322 edita
761 1277 778 1323 a
794 1260 972 1337 vallarsio,
995 1261 1138 1341 legiturs
1153 1260 1220 1325 sill
1230 1263 1270 1342 lo·

160 1369 246 1424 clam
267 1371 326 1435 ιιι,
347 1381 418 1425 cum
438 1370 686 1425 cousummasset
705 1354 808 1436 lesus,
827 1359 1027 1442 procopiam
1047 1363 1214 1428 duodecim
1233 1361 1272 1424 ‹li-

160 1462 292 1543 scipulis
313 1461 394 1535 suis,
416 1460 548 1527 transiit
569 1461 643 1525 iude
662 1472 699 1527 ul
719 1465 839 1526 docem
859 1473 887 1526 el
904 1465 1107 1544 praedicaret
1126 1463 1274 1528 incivile

160 1565 244 1630 tilius
264 1584 380 1629 corum.
396 1565 469 1630 Nun
489 1567 581 1645 quusi
603 1567 752 1644 ignoraus
773 1567 973 1645 interrogat:
992 1568 1061 1646 ipse
1083 1570 1186 1643 enim,
1199 1574 1271 1632 eete-
1292 1549 1296 1558 ’

161 1669 204 1730 ris
226 1665 459 1746 ignorantibus,
475 1667 753 1747 demonstraverat
773 1668 899 1731 diceuss
921 1685 988 1729 eccs
1003 1687 1116 1748 opatu
1133 1667 1201 1744 ilci,
1214 1684 1272 1732 recl·

160 1767 218 1849 qui
238 1769 322 1832 luiiit
339 1777 468 1848 peccam
487 1767 611 1831 muudi.
636 1767 676 1831 Et
699 1767 802 1832 Patris
826 1787 937 1833 vocem
960 1772 1115 1835 audierat
1144 1774 1273 1836 intonso⁴

162 1874 224 1935 tiss
246 1869 299 1933 ile
318 1878 362 1933 cst
380 1867 469 1950 filius
488 1887 577 1933 meus
598 1869 754 1945 dilectas,
785 1868 822 1934 ia
853 1888 917 1950 quo
948 1870 1031 1934 milii
1056 1869 1272 1953 complacui.»

160 1970 260 2037 Nulla
282 1989 358 2035 snae
379 1973 600 2035 convenientia
623 1972 794 2035 intercedit
814 1970 1006 2057 Hieronymi
1030 1971 1273 2056 interpretationi

161 2093 201 2140 ac
223 2075 326 2137 textui
343 2073 531 2152 evangelico
551 2073 592 2134 ab
614 2090 654 2137 eo
676 2076 863 2152 praemissu.
880 2072 1072 2139 Matthaeus
1086 2084 1200 2139 narrat
1217 2090 1271 2138 ser·

163 2179 267 2237 monis
282 2172 361 2236 lesu
380 2175 657 2236 terminumeirca
676 2175 857 2236 missionem
873 2175 1115 2253 discipulorum
1128 2176 1168 2241 ad
1185 2174 1274 2240 Etan-

162 2276 237 2356 geiii
261 2274 545 2355 praedicationem.
569 2264 789 2356 Hieronymus
812 2294 891 2338 aero
912 2278 943 2337 in
975 2279 1215 2342 commentario
1238 2276 1275 2338 di·

161 2380 261 2442 scutit
282 2376 416 2441 ioannis
438 2375 601 2457 Baptistae
622 2379 803 2441 missionem
825 2377 864 2440 ad
885 2377 1012 2442 iesum.

243 2476 331 2540 Haec
353 2495 454 2557 porro
476 2477 628 2541 conlusio
650 2489 832 2551 evanescet,
848 2480 873 2541 si
889 2481 1021 2544 editioni
1040 2476 1196 2544 vallarsii
1214 2479 1276 2544 suia

173 2582 376 2641 stituerimus
408 2579 577 2642 lectionem
610 2578 736 2643 Codicis
766 2579 916 2643 Christini
941 2579 1088 2646 Vaticani
1113 2602 1144 2645 n.
1166 2580 1213 2654 40.
1233 2581 1276 2642 ubi

171 2683 314 2743 dicitur:
334 2701 349 2736 u
364 2677 500 2742 Jounues
522 2689 624 2743 nalem
644 2699 716 2742 cum
736 2681 873 2744 andaset
894 2700 990 2760 opera
1016 2681 1278 2758 Christianitatis

169 2783 247 2845 duos
266 2784 302 2844 cis
321 2780 487 2861 discipulis
507 2780 587 2857 suis,
608 2781 655 2846 eit
674 2782 743 2846 illi:
767 2794 802 2845 ιιι
822 2802 866 2856 es,
882 2782 940 2863 qui
959 2791 1117 2848 oraturus
1138 2805 1180 2859 rs,
1195 2804 1235 2848 on
1251 2802 1278 2845 ιι·

171 2884 250 2946 lium
271 2880 581 2963 expectemuslNuu
602 2888 695 2965 quasi
715 2889 877 2966 ignoraus,
893 2889 1087 2966 iuterrogai.
1109 2888 1181 2968 lpse
1194 2890 1277 2960 enim,

129 3028 134 3039 ·
172 2987 289 3048 ceteris
311 2984 553 3064 ignorantibus,
576 2984 813 3056 demonstrarat
835 2986 965 3048 dicensi
989 3006 1057 3050 ecce
1075 3008 1189 3070 upana
1211 2987 1276 3060 lici,

172 3104 237 3146 cccc
258 3084 316 3164 qui
336 3084 421 3146 lollii
439 3086 713 3163 percurrentium
730 3097 762 3148 et
777 3088 880 3149 Patris
898 3106 1010 3150 vocem
1035 3074 1191 3154 audierat
1209 3092 1277 3153 into·

173 3187 298 3248 nautis:
315 3185 367 3248 liic
388 3195 430 3247 esi
449 3185 541 3262 filius
561 3205 647 3248 meus
668 3186 814 3264 dilectus,
829 3187 866 3250 ia
886 3208 947 3269 quo
967 3188 1049 3253 milii
1069 3189 1278 3272 complacui.»

173 3284 215 3348 Et
236 3303 275 3347 en
296 3287 550 3348 convenientiam
574 3284 798 3365 Evangeliatae
820 3305 893 3349 cum
918 3287 1118 3366 interprete,
1136 3292 1277 3373 patciaeta

173 3387 419 3462 interpolatione
440 3387 571 3460 codicis,
593 3405 660 3466 que
683 3406 760 3450 usus
782 3398 831 3449 est
853 3386 1057 3452 vallarsius:
1082 3395 1143 3470 qui
1165 3407 1273 3457 comma

175 3489 314 3564 primurn
336 3487 450 3564 eapitis
470 3485 527 3549 xt.
544 3487 709 3568 adjecit,a
732 3508 757 3551 s.
776 3487 974 3570 Hieronymo
998 3501 1064 3553 tam
1090 3497 1122 3556 iu
1145 3498 1278 3559 citatione

174 3604 272 3666 quam
296 3589 326 3649 in
348 3591 547 3667 expositione
569 3591 733 3651 omissum.

254 3687 334 3751 item
357 3691 387 3750 in
409 3708 437 3752 c.
460 3687 548 3752 XVi.
571 3709 613 3752 ex
635 3691 746 3753 eadem
770 3690 909 3755 editione
932 3691 1149 3759 vallarsius.
1171 3694 1276 3761 2223.

123 3784 129 3797 '
173 3788 216 3852 Et
236 3808 396 3852 assumens
416 3810 486 3853 cum
509 3790 642 3866 Petrus,
665 3791 765 3871 coepit
785 3791 948 3871 increpare
969 3793 1066 3859 iilum
1088 3798 1215 3863 diceus:
1236 3797 1279 3861 oi·

173 3889 215 3953 sit
236 3909 257 3952 u
277 3899 305 3952 is
328 3890 471 3966 Dotninc,
486 3910 551 3954 eoa
572 3890 698 3953 crilliii
709 3895 775 3955 icoc.
797 3892 863 3968 Oui
882 3914 1054 3960 conuersus
1075 3900 1164 3966 discit
1181 3902 1279 3966 Pelso:

173 3991 251 4051 aucis
268 4000 339 4068 post
358 4010 406 4053 me
425 4002 553 4066 selune,
575 3994 763 4056 scandalum
785 4014 815 4055 es
836 3995 927 4073 miii,
951 4009 1017 4060 ete.
1042 3998 1078 4061 iu
1101 4010 1280 4066 commenta·

173 4088 223 4150 rio
246 4097 349 4151 tamen
374 4091 514 4170 legitur:
539 4113 555 4150 ιι
586 4089 662 4154 Vade
681 4101 765 4155 reiro
786 4112 833 4156 ms
853 4104 985 4174 sutona,
1001 4103 1197 4165 scandulum
1215 4097 1280 4164 miii

172 4208 212 4252 ss.
236 4192 366 4254 Satanas
389 4192 621 4270 interpretatur
643 4195 849 4258 adversarius
879 4200 948 4263 sive
983 4208 1184 4269 contrarius.
1208 4203 1277 4280 Quia
