2886 4784
1238 337 1278 404 l'i

160 446 246 511 hunc
263 440 455 510 'Pontificem
479 443 576 508 aliter
597 446 637 506 ab
660 447 719 511 huc
741 445 802 507 ilde
826 445 998 507 credidisse
1030 462 1068 507 ae
1101 442 1275 523 docuisse3

160 560 358 614 asserentem
382 569 516 629 nempe:
542 549 609 629 Epo
630 550 704 613 esoni
724 568 824 613 unum
847 549 943 611 licum
963 547 1071 610 desem
1096 544 1277 618 Christum,

157 664 183 716 et
201 664 331 732 praeter
352 651 446 713 ilium
467 652 620 713 neminem
642 651 744 715 etium
774 651 913 733 penitens
942 660 1037 729 etque
1064 644 1278 729 passibilem?

159 756 212 817 uhi
234 773 295 816 uec
316 753 413 815 Pater
434 756 632 829 nominatur,
656 773 713 816 aec
736 753 850 828 Filius,
868 773 926 814 nec
946 754 1086 832 Spiritus
1107 751 1243 814 Sanctus
1256 749 1273 813 'i

243 856 416 918 Praetores
440 859 605 935 proposito
625 868 735 920 nostro
757 858 857 933 magis
880 855 956 918 iacit
977 856 1077 934 ipsius
1098 851 1272 916 Tertullia-

159 959 188 1021 ui
209 956 309 1021 Liber
333 957 377 1020 ue
400 956 556 1021 Trinitete
577 969 688 1021 contra
715 958 872 1022 Praxeam
895 961 981 1021 circa
1005 959 1055 1019 vel
1079 957 1272 1036 paulopost

158 1059 282 1124 Callisti
305 1069 441 1122 aetatem
475 1061 602 1124 editus:
628 1064 658 1122 in
690 1062 785 1141 eujus
815 1062 903 1122 initio
926 1059 1117 1123 Haereticus
1143 1060 1274 1121 unicum

159 1159 329 1224 dominum
350 1161 494 1225 vindicet
514 1162 753 1242 omnipotentem
775 1160 889 1224 meandi
909 1161 1121 1235 conditorem,
1142 1171 1178 1223 nt
1192 1169 1219 1221 et
1239 1161 1276 1220 de

140 1263 253 1324 nstro
273 1263 427 1326 haeresim
447 1264 560 1346 faciet.
580 1263 692 1344 'ipsum
713 1265 790 1328 dicit
804 1265 931 1328 Patrem
948 1262 1139 1326 descendisse
1152 1262 1189 1324 in
1207 1261 1276 1326 Vir·

158 1364 286 1444 pinem,
308 1349 471 1445 ipsnm'ec
490 1386 527 1430 ee
548 1377 681 1442 natura,
704 1369 807 1446 ipsum
829 1386 983 1446 passum,
1009 1365 1142 1447 deniqne
1169 1365 1276 1445 ipsum

160 1484 219 1529 esse
239 1464 348 1529 desem
374 1465 539 1530 Christum.
565 1468 670 1543 Quam
700 1472 857 1532 haeresim
883 1487 1069 1549 expugnans
1096 1467 1270 1531 Tertullia-

160 1587 231 1640 nus,
254 1569 424 1647 praeclare
446 1571 473 1630 ei
497 1569 608 1649 objicit
632 1574 797 1650 antiquam
827 1570 989 1634 Ecclesiae
1015 1571 1108 1633 iidem
1138 1571 1177 1633 de
1200 1569 1269 1631 Tri·

159 1671 256 1732 nitate
272 1670 312 1730 ab
330 1671 490 1750 Apostolis
514 1672 730 1750 praedicatam
747 1681 778 1732 et
799 1671 922 1749 integre
944 1690 983 1734 eo
1004 1690 1108 1751 usque
1129 1670 1271 1733 custodi·

159 1781 234 1844 tarn,
248 1772 405 1850 inveniens.
416 1794 431 1829 «
442 1771 531 1833 llanc
548 1773 693 1850 regulam
709 1772 748 1833 ab
765 1773 853 1834 initio
865 1771 1032 1853 Evangelii
1045 1773 1272 1836 decucurrisse

160 1875 256 1934 etism
273 1883 347 1935 aute
362 1878 487 1953 priores
508 1893 656 1953 quosque
679 1875 871 1950 haereticos,
889 1876 1006 1937 nedum
1020 1883 1094 1936 ante
1111 1875 1269 1936 Praxeam

160 1975 363 2050 hesternum,
385 1975 534 2054 probavit
557 1986 620 2036 tam
644 1976 709 2056 ipsa
733 1978 903 2052 posteritas
924 1977 1069 2039 omnium
1092 1977 1272 2038 haeretico·

162 2094 251 2149 rum,
272 2094 372 2155 qnam
394 2078 460 2158 ipsa
483 2080 653 2141 novellitas
677 2079 821 2141 Praxeae
843 2080 995 2141 hesterni.
1016 2078 1090 2154 Quo
1109 2095 1273 2156 peraeque

161 2181 319 2243 adversus
341 2191 474 2244 cunctas
491 2182 639 2243 haereses
652 2183 717 2262 jam
741 2182 813 2244 hinc
830 2181 1088 2261 praejudicatum
1104 2181 1155 2253 sit,
1172 2180 1202 2242 id
1222 2198 1274 2239 ve-

163 2299 235 2344 rum
254 2299 323 2342 esse
336 2282 567 2364 quodcumque
583 2284 736 2364 primurn,
752 2284 782 2344 id
798 2302 866 2346 esse
887 2282 1075 2346 adulterum
1090 2281 1270 2361 quodcum·

162 2402 224 2462 que
256 2387 428 2463 posterius.
451 2384 512 2448 Sed
542 2377 631 2448 salva
665 2387 722 2448 ista
754 2386 1005 2466 praescriptione
1035 2391 1096 2446 etc.
1122 2403 1137 2440 r>
1159 2382 1270 2446 eadem

161 2491 319 2559 statuens,
342 2501 427 2564 qnae
452 2488 603 2564 superius
625 2485 664 2545 de
688 2487 748 2546 hoc
769 2483 927 2569 Mysterio
950 2485 1071 2548 docuit.

244 2584 350 2649 Porro
371 2585 563 2650 Tertulliani
586 2586 789 2649 orthodoxae
811 2587 976 2649 doctrinae
1007 2584 1164 2647 adversus
1196 2582 1273 2645 Pra-

164 2705 262 2749 xeam
272 2687 408 2767 ejusque
421 2698 528 2751 sectae
541 2691 627 2751 viros
642 2689 765 2752 accedit
780 2707 911 2768 quoque
925 2687 1093 2766 Origenes,
1107 2688 1162 2766 qui
1177 2704 1272 2765 saepe

162 2787 228 2850 sive
249 2797 324 2850 ante
345 2790 412 2851 sire
435 2799 505 2869 post
526 2789 650 2853 Callisti
672 2797 810 2853 aetatem
834 2791 915 2853 hane
937 2791 1112 2862 haeresim,
1134 2808 1231 2868 quam
1254 2806 1271 2849 a

165 2889 385 2952 valentinianis
406 2901 511 2952 ortam
534 2892 626 2967 dixit,
651 2892 820 2967 refutavit,
844 2893 968 2954 initium
992 2909 1122 2954 sumens
1143 2888 1275 2952 atradi·

164 2991 248 3052 tione
268 2993 458 3069 apostoliea,
482 3011 540 3069 per
560 3011 658 3071 quam
682 3004 839 3072 perpetuo
863 2995 979 3065 tenuit,
994 2993 1117 3067 docuit,
1136 2994 1273 3054 honora·

166 3093 206 3153 vit
228 3109 330 3153 unum
355 3090 457 3156 usum
481 3095 511 3154 in
533 3092 702 3170 Trinitate,
725 3103 756 3155 et
779 3093 968 3156 Trinitatem
992 3094 1022 3154 in
1046 3094 1191 3166 unitate,
1218 3111 1277 3154 nec

163 3192 361 3255 contundens
383 3212 533 3272 personas
557 3195 672 3269 Patris,
696 3203 728 3258 et
751 3195 823 3258 Filii
846 3204 877 3257 et
898 3194 1038 3273 Spiritus
1060 3192 1191 3264 Sancti,
1218 3211 1276 3254 nec

162 3293 372 3354 substantiam
393 3312 556 3371 separans.
580 3292 622 3356 Et
644 3296 834 3374 praesertim
851 3294 921 3374 ejus
936 3293 1108 3355 conferunt
1125 3293 1222 3353 rerba
1244 3294 1275 3353 in

162 3391 363 3456 llatthaeum
379 3392 480 3456 Temo
495 3393 599 3458 xvtt.
616 3414 646 3457 n.
661 3389 722 3462 tl:
738 3394 890 3475 qnoniam
905 3392 988 3456 sient
999 3393 1189 3473 prophetem
1203 3409 1271 3455 eum

161 3491 333 3556 mimam:
356 3516 371 3552 s
395 3492 466 3556 Hoc
487 3504 595 3557 sutem
618 3497 689 3558 dico
712 3496 751 3558 de
773 3498 833 3571 his,
850 3494 913 3576 'qui
938 3514 1013 3557 vere
1035 3512 1093 3574 pro
1112 3513 1150 3557 eo
1172 3493 1275 3572 (Jesu)

161 3603 246 3658 snut.
269 3595 334 3670 Qui
356 3607 464 3658 autern
489 3597 684 3660 mendaciter
704 3599 844 3677 sapiunt,
867 3616 930 3661 uon
952 3604 1027 3660 sunt
1050 3616 1109 3677 pro
1132 3615 1196 3670 eo',
1220 3597 1276 3675 qui

161 3697 389 3775 glorificarese
405 3706 519 3776 putant
539 3718 631 3762 eum:
653 3700 765 3779 quales
786 3706 862 3761 suut
877 3699 1044 3773 haeretici,
1061 3699 1117 3776 qui
1142 3697 1277 3758 conlun-

161 3797 240 3863 dnnt
264 3799 367 3860 Patris
389 3809 422 3862 et
445 3798 516 3862 Filii
537 3802 747 3885 hypostasim,
763 3819 863 3862 unum
880 3799 1024 3862 dicentes
1050 3817 1119 3861 esse
1144 3797 1273 3860 Patrem

163 3907 192 3962 et
214 3898 348 3975 Filium,
366 3903 559 3980 cogitatione
580 3901 648 3965 sola
671 3911 703 3965 ct
724 3902 905 3964 nominibus
919 3901 997 3963 solis
1013 3900 1189 3961 dividentes
1204 3918 1272 3974 eos,

166 4019 245 4081 quos
266 4003 452 4065 existimant
475 4022 575 4067 unum
597 4014 657 4067 etc.
682 4004 764 4067 ltem
787 4003 818 4064 in
833 4002 989 4066 loannem
1006 3999 1107 4062 Tomo
1123 3997 1162 4061 X.
1179 4018 1209 4062 n.
1224 3999 1276 4066 21.

167 4121 203 4168 ex
223 4102 304 4166 lesu
326 4104 442 4167 dictis:
465 4103 613 4168 destruite
635 4107 785 4191 templum
799 4107 870 4177 hoc,
884 4114 911 4166 et
926 4103 963 4165 in
978 4101 1081 4165 tribus
1095 4101 1203 4169 diehns
1217 4101 1278 4164 eri·

167 4221 233 4279 pem
253 4202 350 4266 illud.-
363 4226 380 4266 r<
392 4203 455 4282 Qui
470 4207 653 4274 existimant
674 4226 715 4272 ex
732 4209 779 4272 his
799 4207 922 4272 ostendi
940 4222 1076 4269 numero
1092 4221 1155 4266 non
1171 4203 1278 4267 diiler·
