2886 4784
59 471 146 534 rium
169 472 197 534 ei
220 470 380 535 creditum
404 477 487 534 esset
507 468 548 531 alt
568 467 724 548 episcopis
745 465 946 541 *Palaestinae
968 476 1000 530 et
1015 450 1177 550 A'chnjae.

56 573 138 650 Quis
161 595 201 637 ex
223 591 285 636 sno
307 568 377 636 zelo
399 590 459 653 pro
479 568 599 635 Christi
622 571 749 632 nominc
769 567 984 648 preterisset?
999 569 1173 650 Perperam

56 690 154 740 suum
177 676 208 737 in
230 675 348 738 Clrristi
371 672 548 736 Ecclesiam
571 672 714 734 infideles
730 677 762 733 et
777 672 956 732 haereticos
979 687 1177 750 congregan-

58 777 102 848 di,
121 795 159 838 ac
182 774 522 839 reducendistudium
545 765 745 849 insumptum
768 771 892 844 inisset,
909 789 989 834 'cum
1013 773 1079 850 ipsa
1098 774 1177 852 jure

58 881 99 939 alt
125 877 268 940 Ecclesia
290 883 419 940 amotus
445 892 513 938 esea
534 874 743 937 crederetur.
772 871 819 936 De
846 877 961 936 ceteris
987 874 1179 938 conteratur

56 976 182 1041 'lomus
206 975 264 1039 ΙΙΙ.
288 995 316 1039 o.
340 975 381 1038 ll.

22 1078 28 1092 ’
137 1075 168 1142 5.
193 1077 227 1139 ln
248 1095 277 1140 c.
303 1075 360 1138 lli.
383 1075 474 1140 Tomi
497 1075 556 1138 lll.
580 1076 647 1139 dixi
672 1076 764 1138 ratde
789 1075 1001 1139 dubitandum
1035 1094 1103 1138 esse
1134 1079 1174 1139 de

57 1182 213 1244 lectionis
226 1181 410 1242 sinceritate
437 1181 479 1239 iu·
503 1177 644 1258 Epistola
666 1175 717 1242 33.
741 1176 930 1256 Hieronymi
952 1177 991 1238 ad
1022 1176 1171 1250 Paulam,

58 1285 145 1344 circa
168 1281 317 1358 Origenls
349 1280 584 1342 damnationem
618 1280 649 1339 in
680 1277 809 1360 Synodo
842 1277 985 1340 Romana
1018 1281 1173 1339 sancitam

60 1390 133 1460 poet
153 1381 292 1441 alteram
314 1379 416 1441 eidem
439 1396 455 1440 a
479 1376 643 1440 Demetrio
666 1377 839 1440 inllictam:
863 1399 880 1438 a
905 1375 986 1452 (lais
1010 1374 1105 1451 enim,
1128 1381 1175 1441 io·

57 1483 130 1562 quit
152 1479 383 1562 Hieronymus,
405 1496 549 1556 anquam
576 1488 669 1541 tanta
695 1480 793 1559 tepere
812 1477 928 1558 potnit,
953 1489 1079 1558 quanta
1107 1480 1174 1558 ipse

58 1575 281 1660 conscripsit?
304 1580 409 1644 Porro
430 1579 487 1641 ltac
508 1581 636 1657 andare,
650 1579 729 1660 qaid
748 1578 867 1660 accepit
880 1575 1012 1659 pretii?
1038 1579 1176 1643 Damna·

58 1695 114 1746 tut·
136 1702 157 1744 a
182 1679 334 1745 Demetrio
357 1676 514 1761 episcopo,
536 1680 672 1758 acceptis
688 1678 894 1743 Palaestinae
908 1679 1074 1760 episcopis,
1092 1680 1175 1744 Ara·

55 1784 137 1860 diae,
162 1795 192 1846 et
211 1780 375 1846 Pitoent'ais
397 1793 488 1862 atque
508 1781 645 1863 achajae
665 1779 888 1844 sacerdotibus.
912 1781 951 1844 ln
969 1782 1174 1845 damnatione
1293 1844 1295 1849 ,
1321 1830 1324 1835 .

60 1886 129 1968 ejus
149 1882 304 1947 consentit
326 1881 404 1946 Urbs
428 1880 613 1961 (Romana).
637 1881 712 1962 Ipsa
733 1893 846 1946 contra
867 1884 952 1946 nunc
979 1883 1063 1962 capit
1087 1904 1176 1947 sena·

58 1999 139 2064 tum,
166 2004 233 2049 aaa
254 1994 386 2066 propter
410 1986 591 2063 dopmatam
617 1984 810 2062 novitatem,
833 2002 899 2047 aaa
917 1995 1048 2064 propter
1071 1986 1176 2047 nane·

57 2089 143 2164 nm,
172 2091 232 2167 (at
258 2105 346 2150 nunc
369 2084 476 2149 radidi
501 2105 594 2148 canes
629 2087 781 2148 aduersus
811 2104 887 2148 eam·
908 2084 1088 2160 simulant)
1122 2087 1175 2147 sed

57 2192 137 2274 qaia
160 2189 298 2271 planiam
321 2187 517 2269 eloquentiae
541 2189 610 2271 ejas
631 2198 659 2250 et
680 2188 828 2252 scientiae
841 2193 924 2271 farre
938 2174 1003 2252 non
1014 2197 1174 2267 poterant:

60 2305 89 2356 et
111 2293 171 2355 itta
194 2291 324 2367 dicente
348 2311 458 2355 omnes·
473 2291 552 2355 muti
568 2293 775 2372 putabantur.
799 2312 815 2348 »
839 2291 889 2355 Ex
913 2293 973 2354 hoc
996 2293 1178 2354 testimonio

62 2395 130 2458 dixi
153 2394 349 2457 vocabulum
374 2390 519 2455 Romana
553 2399 705 2471 tanquam
739 2394 903 2455 intrusum
933 2391 1175 2455 excludendum

59 2515 142 2571 esse,
164 2495 347 2557 successiva
373 2497 561 2573 pracsertim
587 2493 706 2558 Ruffini
728 2493 924 2557 discussione
945 2513 1033 2556 nsns.
1054 2491 1179 2557 Nihilo·

62 2599 168 2658 minus
191 2614 232 2665 ex
254 2596 391 2657 adverso
413 2598 520 2673 potius
540 2595 612 2655 inde
634 2595 715 2657 hauc
736 2595 907 2657 lectionem
927 2594 1062 2668 tiemari,
1079 2613 1178 2673 qaam

64 2698 103 2759 da
127 2714 164 2758 ca
187 2697 329 2759 dubitari
352 2714 443 2773 posse
465 2696 693 2757 existimarunt
714 2697 873 2758 nonnulli.
897 2693 1106 2774 Quapropter
1125 2695 1177 2756 de·

63 2816 130 2862 nno
151 2799 191 2859 ad
216 2799 292 2859 tanti
313 2799 465 2859 momenti
486 2796 595 2874 (quod
613 2814 706 2858 nemo
721 2797 869 2876 ignorat)
892 2796 1112 2875 quaestionem
1129 2816 1180 2859 re·

64 2918 202 2975 versus,
225 2900 296 2962 dico
318 2918 359 2961 ex
381 2899 542 2961 historicis
564 2899 691 2961 nnllnm
714 2899 798 2960 istud
821 2915 1016 2961 memorasse
1041 2897 1176 2970 lactum,

61 3018 120 3064 scu
142 3020 184 3064 ex
205 3000 386 3072 catholicis,
409 3002 462 3062 sed
486 3019 524 3062 ne
546 3019 586 3063 ex
611 3001 849 3062 haereticorum
872 2999 1002 3078 quidem
1025 3006 1057 3060 et
1077 2999 1176 3064 schis-

63 3105 258 3166 maticorum
274 3109 381 3182 parte:
406 3118 547 3180 qnorum
570 3101 744 3164 admodum
763 3102 917 3164 intererat
934 3100 1031 3181 hujus
1048 3099 1178 3181 iniquae

63 3205 277 3267 damnationis
310 3210 555 3267 monumentum
588 3205 618 3264 in
652 3201 816 3265 Ecclesiae
851 3201 1016 3266 Romanae
1049 3204 1178 3282 vitupe-

63 3308 162 3371 rium.
185 3304 324 3370 anlum
345 3305 483 3385 legimns
507 3312 594 3379 tnnc,
618 3322 677 3366 nec
698 3312 830 3384 postea,
853 3322 911 3367 nec
933 3305 1037 3384 ipsum
1064 3301 1179 3365 Hiero-

63 3424 211 3490 aymam,
236 3414 420 3486 postquam,
447 3413 570 3469 mutata
593 3407 761 3480 sententia,
786 3407 817 3467 in
841 3404 1015 3485 Origenam
1044 3406 1176 3483 irrupit,

63 3508 164 3588 hujus
193 3508 294 3586 egisse
322 3506 444 3569 decreti
475 3507 687 3572 mentionem:
719 3507 805 3585 qnod
836 3506 965 3587 quidem
994 3525 1020 3568 s.
1050 3505 1184 3570 Doclori,

64 3625 274 3686 summopere
300 3607 500 3686 profuisset,
523 3625 596 3670 cnm
626 3607 713 3687 ipse,
736 3608 872 3670 instante
897 3605 1099 3688 Tamphilo,
1122 3626 1183 3686 per

61 3728 140 3772 snas
172 3709 324 3789 epistolas
355 3718 458 3771 totum
486 3709 598 3771 orbem
629 3709 838 3771 christianum
871 3709 1040 3772 concitarit
1066 3708 1180 3772 adter-

62 3829 121 3875 sns
143 3829 230 3874 enm.

144 3909 191 3973 De
212 3910 343 3992 reliquo
368 3920 503 3975 cunctae
534 3911 795 3975 circumstantiae
816 3913 847 3973 in
871 3930 907 3974 ea
932 3912 1066 3992 epistola
1091 3918 1180 3973 nota·

64 4023 118 4076 tae
138 4012 179 4075 ad
205 4011 272 4076 duo
295 4014 460 4094 appellant
482 4013 613 4076 decreta
635 4032 652 4075 a
676 4013 841 4077 Demetrio
871 4013 1082 4078 alexandrino
1106 4014 1182 4077 snb·

61 4112 196 4193 scripta.
224 4111 258 4176 lo
287 4132 430 4195 quornm
461 4114 565 4194 primo
596 4118 755 4178 statuitur
782 4115 930 4196 Origenis
959 4115 1119 4194 exilinm3
1148 4122 1180 4178 et
1268 4159 1273 4164 -

63 4233 123 4293 per
144 4214 286 4280 aiterum
315 4234 332 4278 a
364 4215 559 4298 presbyteris
583 4224 615 4281 et
637 4216 830 4297 quibasdam
861 4218 1018 4299 episcopis
1043 4218 1183 4282 subscri·
