2886 4784
159 443 243 513 nius,
268 437 461 510 Consentius,
488 434 652 512 Novatus,
665 432 849 521 sabbatius,
866 432 1034 510 Callistus,
1053 431 1203 499 bonatus
1216 441 1273 520 ete.

163 542 211 604 En
233 543 334 619 igitur
354 537 518 618 quomodo
541 539 602 600 hoe
624 539 855 599 documentum
869 539 1082 601 concinnetur
1096 538 1270 601 narrationi

161 642 356 706 theodoreti
372 642 411 702 de
427 622 584 718 Callistb3
600 657 697 717 quem
714 639 802 716 prius
819 639 892 700 dicit
911 636 1006 701 Nocti
1022 639 1182 700 haeresim
1199 656 1269 719 pro·

161 745 269 815 litari,
293 760 330 802 ac
353 741 466 801 deinde
487 741 595 802 subdit
625 739 686 799 alia
718 740 880 799 haeretica
911 740 1059 817 dogmata
1090 740 1271 818 addidisse,

159 845 239 906 tuest
258 841 473 919 Sabellii,qni
495 841 620 920 aliquot
642 847 712 917 post
734 843 838 913 annis,
852 837 947 901 Nocti
971 839 1168 916 irnpietatem
1185 842 1271 928 innon·

164 946 251 1006 sarit
277 943 571 1023 propugnavitque,
596 950 632 1004 ut
654 941 787 1002 inferius
809 941 946 1001 dicetur.
971 938 1147 1016 inquibus
1170 941 1274 1006 verbis

160 1045 449 1124 comprehenditur
470 1044 659 1105 commixtio
681 1060 831 1103 errorum
854 1038 948 1103 Noeti
964 1040 1154 1115 etSabellii‚
1173 1043 1271 1106 veluti

160 1164 234 1208 eum
258 1144 465 1207 Theodoreto
487 1152 597 1204 narrat
620 1144 659 1204 de
679 1161 720 1204 eo
741 1143 875 1206 Callisto
899 1142 1087 1223 Anonpmus
1108 1139 1163 1219 (ἢ.

243 1243 368 1307 Revera
391 1263 417 1305 s.
442 1242 641 1320 Epiphanius
663 1241 797 1305 Haeresi
818 1240 869 1306 62.
892 1261 922 1303 n.
948 1241 971 1302 l.
994 1244 1034 1304 de
1054 1241 1199 1306 Sabellio
1231 1244 1276 1308 ia·

161 1347 243 1426 quit:
262 1366 277 1403 e
294 1343 358 1419 Qui
374 1342 546 1417 sabellius,
564 1345 674 1423 paucis
689 1343 881 1423 quibusdam
898 1345 1053 1421 exceptis,
1071 1344 1186 1407 eadem
1200 1363 1272 1410 eum

165 1447 321 1508 noetianis
344 1446 492 1506 asseruit.
515 1445 624 1522 Atque
646 1444 744 1524 hujus
765 1455 871 1506 sectae
893 1446 1025 1524 plurimi
1047 1448 1175 1508 vesania
1197 1465 1273 1526 qua·

163 1548 236 1610 dam
261 1548 373 1626 perciti
396 1550 427 1608 in
450 1544 682 1626 Mesopotamia
706 1555 738 1608 et
760 1546 883 1608 Romae
907 1556 1126 1609 versantur.»
1151 1547 1186 1610 ln
1206 1548 1275 1628 qui·

164 1652 236 1722 bus,
260 1649 333 1711 dico
355 1667 428 1727 ego,
450 1646 603 1710 Callistus
625 1667 642 1710 a
665 1647 873 1710 Theodoreto
895 1659 1117 1728 memoratus3
1132 1659 1166 1712 et
1180 1667 1275 1730 quera

163 1751 353 1830 anonymus
375 1749 405 1809 in
426 1747 525 1810 Libro
547 1750 646 1810 citato
669 1749 814 1811 contudit
830 1767 903 1811 cum
920 1749 1054 1812 Callisto
1072 1749 1170 1829 Papa.
1188 1748 1274 1827 Qua·

161 1860 295 1929 propter
315 1851 353 1910 ad
378 1851 481 1923 hanc,
511 1851 592 1911 idest
622 1858 692 1929 post
716 1849 847 1912 Sabellii
873 1857 1012 1913 aetatem
1039 1869 1175 1930 persona
1202 1851 1274 1915 Cal·

161 1954 226 2014 listi
251 1953 418 2026 translata,
442 1952 480 2013 de
502 1971 569 2030 quo
591 1952 740 2030 loquitur
762 1949 1008 2027 Theodoretus,
1030 1954 1137 2012 omnia
1160 1953 1223 2015 rite
1243 1953 1274 2014 ia

162 2052 305 2114 veritatis
327 2053 441 2114 ordine
463 2054 681 2125 continentur,
707 2052 929 2113 tantummodo
951 2051 1058 2128 palam
1081 2051 1165 2113 laeta
1190 2051 1274 2114 Anu·

162 2155 247 2239 nymi
270 2154 433 2230 illusione,
459 2155 510 2216 vel
533 2157 639 2231 potius
662 2153 807 2232 perfidia,
831 2153 965 2216 Callisto
990 2152 1094 2230 Papae
1114 2154 1275 2215 sanctissi-

164 2274 216 2316 mo
240 2257 308 2317 viro
331 2257 532 2327 inscribenlis
554 2257 649 2334 impia
672 2256 807 2316 alterius
830 2253 954 2317 Callisti
987 2255 1161 2334 dogmata,
1192 2272 1275 2336 quae

163 2360 424 2420 circumstantiae
449 2368 511 2419 tam
534 2360 724 2437 perspicuae
745 2360 859 2435 quavis
882 2360 1007 2419 rationo
1031 2365 1150 2418 vetant.

243 2459 378 2536 insuper
399 2462 517 2520 mirum
540 2469 599 2531 est,
622 2459 710 2537 quod
732 2459 919 2537 Anonpmus
942 2460 972 2518 in
995 2460 1056 2519 bac
1078 2459 1274 2521 discussions

163 2562 202 2621 tle
225 2560 359 2623 Callisto
381 2560 511 2622 loeutus
533 2569 565 2621 at
586 2560 624 2620 de
645 2578 703 2620 sua
719 2557 842 2631 schola,
860 2578 956 2637 quam
974 2559 1172 2622 haereticam
1187 2561 1274 2633 dicit,

160 2661 238 2721 huie
262 2658 406 2720 Pontifici
428 2670 543 2722 cuncta
566 2661 728 2720 adscribat
749 2669 817 2720 tum
840 2660 945 2731 dicta,
969 2678 1042 2721 cum
1065 2668 1166 2737 gesta,
1190 2676 1273 2737 quae

166 2777 190 2820 s.
215 2758 412 2837 Epiphanius
436 2768 573 2821 testatur
594 2769 665 2838 post
680 2757 849 2847 Callistum
866 2758 1001 2839 Papam,
1016 2759 1097 2822 idest
1110 2777 1195 2822 anno
1208 2753 1275 2827 att.

162 2877 179 2919 a
203 2858 308 2923 Noeto
330 2871 362 2921 et
381 2861 470 2922 illius
491 2854 597 2923 sectae
622 2862 697 2923 viris
720 2863 803 2923 dieta
827 2871 858 2922 et
880 2871 1005 2940 patrata
1039 2861 1138 2924 luisse
1167 2864 1199 2922 in
1222 2862 1276 2922 ho·

165 2980 237 3022 rum
265 2962 438 3025 collatione
470 2981 544 3024 cum
577 2963 755 3024 catholicis.
787 2963 1062 3046 huonymusait:
1085 2961 1276 3026 «Callistus

164 3062 214 3122 vir
236 3062 373 3124 inomni
397 3063 519 3124 scelere
541 3065 739 3123 exercitatus
761 3071 792 3122 et
816 3066 1054 3125 versutissimus
1076 3063 1115 3122 ad
1151 3065 1275 3125 menda·

164 3162 263 3235 cium,
281 3159 499 3242 zephyrinum
516 3162 689 3224 inducebat
705 3170 740 3224 ut
754 3181 863 3223 coram
878 3165 1027 3225 omnibus
1043 3164 1191 3225 diceret:
1211 3163 1278 3244 Epo

161 3260 238 3322 naui
261 3261 358 3324 Deum
380 3281 481 3324 unum
499 3255 618 3324 lesum
633 3261 805 3336 Christum,
822 3273 849 3324 et
859 3275 989 3342 praeter
1010 3264 1104 3325 iilum
1126 3265 1278 3328 neminen

51 3407 53 3411 «
161 3360 263 3425 actem
283 3361 423 3439 penitam
438 3373 472 3424 ‘et
489 3362 685 3441 passibilem.
711 3361 821 3437 Quum
843 3372 953 3426 autem
969 3366 1146 3443 aliquando
1162 3366 1278 3448 adjice·

164 3472 235 3526 retr
260 3461 330 3526 Nou
354 3464 451 3527 Pater
471 3466 526 3526 sed
549 3463 652 3527 Filius
683 3476 832 3528 mortuus
862 3475 935 3538 est,
959 3467 1079 3529 infinita
1102 3467 1277 3547 inpopulo

163 3565 288 3625 dissidia
312 3566 531 3627 continuabat.
556 3564 645 3639 Quas
667 3567 722 3628 ubi
743 3571 914 3629 sententias
937 3569 1169 3647 cognovimus,
1192 3568 1278 3630 reiu-

163 3668 301 3726 tavimus
324 3675 354 3726 et
375 3667 537 3729 adversati
559 3685 698 3740 sumus,
722 3686 781 3746 pro
805 3687 882 3731 nero
912 3669 1138 3745 decertantes,
1162 3673 1276 3734 nedum

162 3771 401 3831 assentiremus.
427 3765 492 3844 Qui
515 3768 629 3832 lurore
652 3771 821 3846 insaniens,
845 3771 920 3850 quia
943 3772 1115 3833 simulatae
1130 3773 1203 3853 ejus
1218 3773 1278 3835 rir-

241 3996 273 4067 (*)
296 3996 429 4062 Quamvis
448 4015 510 4053 vero
537 3999 724 4070 suppositium
744 3999 878 4055 habeatur
895 3997 1052 4057 Concilium
1080 4000 1187 4058 Romae
1210 4001 1278 4058 adu-

157 4093 253 4142 natum
272 4090 325 4144 sub
344 4090 486 4164 Sylvestro
500 4093 583 4163 Papa,
596 4085 690 4148 umen
709 4111 765 4148 uon
777 4093 888 4150 videtur
907 4095 1102 4160 dubitandum,
1122 4094 1166 4169 de,
1181 4095 1273 4152 haers-

157 4177 285 4249 tinorum,
305 4177 353 4254 uui
371 4184 401 4238 in
420 4202 453 4240 eo
472 4190 663 4241 memorantur
682 4185 817 4255 damasii,
839 4205 966 4260 persona,
986 4189 1077 4244 titulis
1095 4193 1124 4245 et
1141 4193 1242 4244 aetate
