2886 4784
80 474 83 478 .
164 369 204 439 bi

245 474 369 553 Porro,
384 475 410 538 si
433 474 463 537 iu
486 473 639 555 praelatis
660 474 912 541 discussionibus
931 473 1152 556 Origenes-de
1175 475 1279 541 libero

162 572 370 639 rationalium
391 572 527 637 arbitrio
549 575 707 637 disserens
729 574 835 654 deque
856 572 914 637 Dei
933 575 1162 653 praescientia,
1179 592 1274 656 quam

163 674 343 741 nullimode
364 675 493 739 obstare
515 674 651 747 docebat
670 675 805 740 illorum
827 676 971 740 libertati
986 675 1087 758 (quod
1101 683 1177 739 erat
1192 693 1277 741 sume

162 794 252 839 mum
267 793 346 839 suae
361 776 660 857 argumentationis)
675 775 855 839 doctrinam
877 777 1023 839 omiserit
1038 775 1078 838 de
1093 775 1223 857 gratiae
1237 775 1280 840 di·

165 877 257 941 sinae
279 879 481 953 necessitate,
498 896 561 941 nou
584 884 632 941 est
646 877 916 958 praesumendum
933 877 1015 940 banc
1030 895 1165 959 negasse
1172 897 1185 956 3
1207 894 1278 941 cum

162 978 238 1043 aiibi
261 978 381 1043 senties
403 986 648 1058 propugnasset.
671 977 771 1044 Secus
793 988 903 1045 autem
924 988 957 1042 et
972 978 1202 1059 apostatasset
1215 980 1279 1058 ipse

162 1077 258 1147 Jesus
280 1081 310 1142 iu
332 1080 446 1145 eodem
479 1087 689 1145 versarentur
722 1079 843 1160 Pelagii
874 1099 1000 1145 errore.
1025 1079 1090 1146 Ex.
1113 1099 1146 1162 g.
1169 1079 1277 1145 scribit

163 1180 376 1253 Adamantius
398 1182 428 1243 iu
457 1200 484 1244 c.
510 1179 566 1244 tx.
590 1200 620 1244 u.
642 1179 673 1245 2.
696 1179 785 1245 Libri
808 1181 849 1246 11.
874 1179 1133 1247 Periorcbenc'a
1156 1178 1277 1245 Volun-

78 1362 79 1366 ,
160 1284 263 1366 *turios
284 1284 368 1346 enim
390 1291 422 1345 et
443 1282 561 1346 liberos
583 1293 691 1346 motus
713 1301 731 1345 a
752 1302 786 1345 se
808 1282 943 1347 conditis
962 1283 1122 1347 mentibus
1139 1281 1275 1351 Creator

164 1383 309 1460 indulsit,
331 1403 397 1463 quo
418 1384 541 1449 scilicet
562 1386 684 1447 bonum
704 1387 736 1448 iu
757 1383 802 1448 eis
825 1384 996 1464 proprium
1018 1381 1124 1460 fleret,
1149 1402 1226 1451 cum
1246 1384 1279 1449 id

164 1485 333 1549 voluntate
355 1486 486 1567 propria
507 1492 698 1551 servaretur
710 1507 722 1565 ;
743 1485 797 1549 sed
821 1485 941 1549 desidia
963 1492 1025 1551 eto.
1042 1505 1059 1545 n
1076 1483 1159 1551 ltem
1183 1486 1215 1560 iu
1228 1484 1275 1549 Li·

164 1585 224 1652 bro
249 1583 304 1649 ΙΙΙ.
327 1606 355 1650 c.
379 1587 404 1651 1.
428 1606 458 1651 u.
482 1584 512 1652 6.
537 1607 553 1646 a
577 1584 732 1650 Nostrum
757 1604 857 1666 porro
878 1604 960 1668 opus
982 1592 1175 1653 asserente
1197 1585 1278 1649 vire·

165 1706 223 1766 re;
246 1687 343 1767 idque
364 1707 380 1749 a
405 1689 495 1750 nobis
516 1707 579 1750 non
600 1688 691 1770 quasi
713 1707 809 1752 suum
831 1687 976 1770 postulat
998 1684 1099 1763 Deus,
1115 1687 1275 1768 nequeab

165 1789 229 1853 alio
252 1788 398 1868 quolibet
419 1789 544 1865 datum,
567 1795 685 1868 noque,
709 1798 744 1853 ut
766 1789 880 1869 putant
902 1787 1047 1867 quidam,
1070 1804 1088 1849 a
1112 1787 1205 1867 lato,
1225 1787 1275 1851 sed

168 1897 204 1955 ut
226 1909 309 1972 opus
329 1897 489 1964 nostrum,
507 1889 677 1953 testabitur
692 1887 855 1952 Michaeas
872 1888 1028 1968 propbeta
1052 1887 1163 1951 diceus
1184 1894 1275 1950 etc.»

165 1989 259 2068 Quae
281 1992 379 2054 verba
403 1993 446 2054 itu
469 1991 616 2054 absolute
638 1991 721 2052 dicta
746 1992 859 2070 utique
880 1988 1063 2054 excludunt
1084 1988 1212 2067 gratiae
1235 1987 1277 2053 di·

142 2095 256 2190 ‘uiuae
278 2093 514 2155 mediationem.
543 2089 649 2167 Quam
680 2091 809 2170 quidem
842 2099 874 2155 et
905 2091 973 2169 ipse
1005 2089 1190 2168 Apostolus
1210 2088 1275 2170 (di-

163 2194 302 2260 ceudum
318 2193 418 2268 esset)
432 2194 584 2266 exclusit,
602 2192 763 2272 inquiens:
782 2190 967 2256 decedentes
980 2192 1023 2255 ud
1039 2189 1142 2255 Deum
1158 2192 1276 2254 credere

162 2303 294 2376 oportet,
315 2293 392 2376 quic
411 2301 468 2366 est,
490 2303 520 2356 et
549 2291 778 2374 inquirentibus
808 2313 838 2355 se
868 2299 1105 2356 remuneretur.
1123 2283 1279 2357 ¹Attamen

164 2397 251 2476 quod
285 2397 392 2459 omisit
413 2395 613 2475 apostotus,
643 2396 810 2459 substituit
830 2394 987 2474 Origenes
1010 2400 1124 2457 contre
1148 2391 1275 2458 Celsum

162 2498 195 2560 iu
216 2496 315 2561 Libro
337 2493 408 2559 vn.
431 2516 460 2558 u.
482 2495 533 2568 42.
558 2517 574 2556 u
599 2495 691 2560 Plato
712 2498 812 2577 igitur
833 2496 919 2560 dicat
949 2493 1142 2560 Creatorem
1164 2501 1197 2558 at
1220 2492 1273 2556 Pa·

132 2604 136 2609 ⁴
165 2607 246 2662 trem
270 2597 367 2678 buius
390 2599 532 2660 universi
553 2599 686 2661 inventu
717 2616 786 2661 esse
818 2596 1003 2673 difficilem,
1037 2596 1176 2660 innuens
1211 2592 1276 2657 lieri

162 2718 268 2782 posse,
289 2707 327 2763 ut
348 2700 488 2763 bumana
510 2707 628 2762 natura
650 2697 754 2762 ileum
779 2718 838 2778 pre
860 2698 931 2779 cius
946 2698 1101 2777 dignitate
1118 2697 1273 2773 inveniat5

162 2803 211 2865 siu
239 2803 367 2877 minus,
390 2801 504 2863 saltem
527 2810 563 2864 nt
585 2801 725 2865 multum
747 2801 901 2877 accedat,
926 2811 958 2865 et
981 2800 1082 2879 vulgo
1104 2798 1279 2878 perlectius

161 2909 334 2982 cognoscat
356 2946 364 2964 .
388 2946 396 2963 .
419 2947 426 2963 .
451 2947 457 2963 .
481 2901 548 2966 Nos
569 2910 678 2964 autem
700 2902 911 2977 affirmamus,
931 2900 1034 2965 Deum
1051 2918 1069 2963 a
1084 2908 1206 2965 ustura
1222 2899 1277 2962 bu·

65 2986 74 3005 ⁵
164 3022 257 3067 mana
280 2998 491 3068 nullomodo
512 3004 639 3084 quaeri,
663 3012 722 3067 aut
739 3022 825 3085 pure
847 3005 984 3066 inveniri
1007 3021 1122 3083 posse,
1147 2988 1206 3066 nisi
1227 2998 1277 3064 ad·

160 3105 298 3186 juretur
318 3107 359 3169 ab
380 3125 432 3180 eo,
455 3125 552 3185 quem
575 3109 717 3183 quaerit,
741 3110 865 3186 quique
886 3107 1053 3168 invenitur
1075 3104 1117 3166 ab
1140 3105 1191 3178 iis,
1208 3101 1273 3183 qui,

163 3216 338 3288 postquam
356 3205 516 3286 quidquid
537 3208 570 3269 iu
590 3225 624 3268 se
646 3217 704 3279 est,
730 3207 893 3281 lecerunt,
915 3226 950 3269 ee
971 3206 1029 3268 illo
1051 3222 1137 3283 opus
1160 3204 1275 3266 babere

162 3306 359 3371 confitentur
380 3314 441 3369 etc.
465 3325 480 3364 a
511 3304 632 3370 Merito
654 3306 726 3367 hinc
749 3306 886 3369 tortasse
908 3306 1086 3379 diceretur,
1112 3315 1205 3367 recta
1227 3303 1277 3363 do·

161 3410 267 3471 ouisse
287 3407 475 3484 origenem,
498 3415 530 3469 et
551 3424 677 3469 errasse
700 3409 919 3486 Apostolum,
941 3424 1017 3471 oum
1053 3408 1140 3468 benc
1172 3415 1276 3469 notam

160 3509 201 3572 de
225 3505 282 3569 Dei
303 3505 428 3569 auxilio
450 3508 509 3568 iste
532 3510 797 3585 praetermiserit,
821 3526 859 3571 ac
879 3510 965 3572 alter
987 3505 1172 3571 iudicarit?

242 3609 323 3671 item
344 3607 374 3668 iu
396 3604 521 3670 Libello
539 3607 581 3670 De
602 3607 743 3671 erutione
757 3628 788 3671 n.
806 3609 835 3674 2.
852 3629 893 3673 ex
910 3608 1090 3687 Apostolos
1109 3607 1208 3671 orabo
1220 3604 1278 3689 spi·

156 3708 238 3781 ritu,
254 3707 346 3770 orabo
367 3717 395 3768 et
414 3717 511 3769 mente
515 3727 531 3780 ;
545 3708 686 3786 psallum
706 3710 835 3789 spiritu,
847 3711 988 3789 pectione
1009 3719 1038 3770 et
1059 3719 1176 3784 mente,
1192 3726 1279 3788 prac-

160 3808 316 3872 vcuientis
344 3810 468 3887 gratiae
496 3810 715 3895 necessitatem
747 3811 787 3871 ad
812 3811 972 3873 orandum
1001 3809 1150 3872 dissertis
1178 3809 1277 3887 serbis
1327 3861 1331 3871 .

158 3910 257 3974 tradit
271 3906 438 3987 Origenes.
455 3929 472 3968 a
490 3906 717 3988 nequeenim,
735 3911 792 3985 ait,
809 3929 906 3973 orare
928 3927 1016 3972 mens
1033 3919 1147 3973 nostra
1165 3920 1278 3990 potest,

53 3994 63 4023 '
157 4010 217 4072 uisi
239 4015 313 4070 aute
336 4010 450 4088 ipsam,
473 4027 578 4087 eaque
599 4012 691 4090 quasi
714 4010 879 4087 audiente,
895 4019 968 4074 oret
983 4009 1147 4090 Spirituse
1166 4013 1213 4074 uti
1229 4029 1278 4072 ne·

158 4127 225 4191 que
246 4110 385 4187 psallere
406 4119 439 4173 et
461 4110 629 4175 modulato
650 4131 688 4174 ac
710 4131 884 4176 numeroso
907 4113 1075 4186 carmine,
1101 4130 1277 4177 consonen-

159 4210 250 4290 tiquo
273 4227 352 4276 voce
372 4210 510 4276 laudare
534 4209 661 4277 Patrem
683 4213 715 4277 iu
732 4211 878 4291 Christo,
894 4213 954 4279 nisi
970 4210 1128 4297 Spiritus,
1146 4215 1205 4296 gui
1218 4231 1277 4277 em·
