<?xml version="1.0" encoding="UTF-8"?>
<!DOCTYPE html PUBLIC "-//W3C//DTD XHTML 1.0 Transitional//EN"
    "http://www.w3.org/TR/xhtml1/DTD/xhtml1-transitional.dtd">
<html xmlns="http://www.w3.org/1999/xhtml" xml:lang="en" lang="en">
 <head>
  <title>
</title>
<meta http-equiv="Content-Type" content="text/html;charset=utf-8" />
  <meta name='ocr-system' content='tesseract 3.04.00' />
  <meta name='ocr-capabilities' content='ocr_page ocr_carea ocr_par ocr_line ocrx_word'/>
</head>
<body>
  <div class='ocr_page' id='page_1' title='image "./insgregoriinyss00vincgoog_0410.png"; bbox 0 0 2886 4784; ppageno 0'>
   <div class='ocr_carea' id='block_1_1' title="bbox 138 431 1269 2646">
    <p class='ocr_par' dir='ltr' id='par_1_1' title="bbox 144 431 1269 1021">
     <span class='ocr_line' id='line_1_1' title="bbox 144 431 1264 514; baseline 0.002 -17"><span class='ocrx_word' id='word_1_1' title='bbox 144 454 262 497; x_wconf 78' lang='lat' dir='ltr'><strong><em>xorem</em></strong></span> <span class='ocrx_word' id='word_1_2' title='bbox 284 453 389 508; x_wconf 85' lang='lat' dir='ltr'><strong><em>snam,</em></strong></span> <span class='ocrx_word' id='word_1_3' title='bbox 410 441 536 513; x_wconf 80' lang='lat' dir='ltr'><strong><em>eccepto</em></strong></span> <span class='ocrx_word' id='word_1_4' title='bbox 556 432 780 513; x_wconf 74' lang='lat' dir='ltr'><strong><em>fornicationis</em></strong></span> <span class='ocrx_word' id='word_1_5' title='bbox 797 449 906 504; x_wconf 85' lang='lat' dir='ltr'><strong><em>conso,</em></strong></span> <span class='ocrx_word' id='word_1_6' title='bbox 920 431 1001 514; x_wconf 77' lang='lat' dir='ltr'><strong><em>facit</em></strong></span> <span class='ocrx_word' id='word_1_7' title='bbox 1015 451 1082 495; x_wconf 85' lang='lat' dir='ltr'><strong><em>rom</em></strong></span> <span class='ocrx_word' id='word_1_8' title='bbox 1098 435 1264 499; x_wconf 87' lang='lat' dir='ltr'><strong><em>mocebari.</em></strong></span> 
     </span>
     <span class='ocr_line' id='line_1_2' title="bbox 149 535 1264 627; baseline 0.002 -29"><span class='ocrx_word' id='word_1_9' title='bbox 149 535 194 598; x_wconf 82' lang='lat' dir='ltr'><strong><em>Et</em></strong></span> <span class='ocrx_word' id='word_1_10' title='bbox 220 555 283 598; x_wconf 87' lang='lat' dir='ltr'><strong><em>nou</em></strong></span> <span class='ocrx_word' id='word_1_11' title='bbox 307 536 467 598; x_wconf 85' lang='lat' dir='ltr'><strong><em>salumin</em></strong></span> <span class='ocrx_word' id='word_1_12' title='bbox 491 536 551 627; x_wconf 76' lang='lat' dir='ltr'><strong><em>boe</em></strong></span> <span class='ocrx_word' id='word_1_13' title='bbox 577 543 610 598; x_wconf 94' lang='lat' dir='ltr'><strong><em>et</em></strong></span> <span class='ocrx_word' id='word_1_14' title='bbox 637 535 742 599; x_wconf 87' lang='lat' dir='ltr'><strong><em>altero</em></strong></span> <span class='ocrx_word' id='word_1_15' title='bbox 774 535 848 597; x_wconf 91' lang='lat' dir='ltr'><strong><em>loco</em></strong></span> <span class='ocrx_word' id='word_1_16' title='bbox 879 536 1106 614; x_wconf 70' lang='lat' dir='ltr'><strong><em>praetermittit</em></strong></span> <span class='ocrx_word' id='word_1_17' title='bbox 1139 538 1264 600; x_wconf 82' lang='lat' dir='ltr'><strong><em>testum</em></strong></span> 
     </span>
     <span class='ocr_line' id='line_1_3' title="bbox 151 632 1267 715; baseline 0.004 -19"><span class='ocrx_word' id='word_1_18' title='bbox 151 637 341 714; x_wconf 86' lang='lat' dir='ltr'><strong><em>vulgatum,</em></strong></span> <span class='ocrx_word' id='word_1_19' title='bbox 363 635 417 698; x_wconf 91' lang='lat' dir='ltr'><strong><em>sed</em></strong></span> <span class='ocrx_word' id='word_1_20' title='bbox 441 632 555 699; x_wconf 86' lang='lat' dir='ltr'><strong><em>nullibi</em></strong></span> <span class='ocrx_word' id='word_1_21' title='bbox 575 635 737 699; x_wconf 87' lang='lat' dir='ltr'><strong><em>librorum</em></strong></span> <span class='ocrx_word' id='word_1_22' title='bbox 759 653 909 711; x_wconf 87' lang='lat' dir='ltr'><strong><em>suerum,</em></strong></span> <span class='ocrx_word' id='word_1_23' title='bbox 924 635 981 698; x_wconf 92' lang='lat' dir='ltr'><strong><em>ubi</em></strong></span> <span class='ocrx_word' id='word_1_24' title='bbox 1003 635 1097 715; x_wconf 87' lang='lat' dir='ltr'><strong><em>plura</em></strong></span> <span class='ocrx_word' id='word_1_25' title='bbox 1120 640 1197 700; x_wconf 87' lang='lat' dir='ltr'><strong><em>citat</em></strong></span> <span class='ocrx_word' id='word_1_26' title='bbox 1222 648 1267 701; x_wconf 92' lang='lat' dir='ltr'><strong><em>te·</em></strong></span> 
     </span>
     <span class='ocr_line' id='line_1_4' title="bbox 144 736 1265 816; baseline 0.004 -16"><span class='ocrx_word' id='word_1_27' title='bbox 144 739 305 800; x_wconf 83' lang='lat' dir='ltr'><strong><em>stimonie</em></strong></span> <span class='ocrx_word' id='word_1_28' title='bbox 322 746 391 801; x_wconf 91' lang='lat' dir='ltr'><strong><em>tum</em></strong></span> <span class='ocrx_word' id='word_1_29' title='bbox 406 736 644 816; x_wconf 81' lang='lat' dir='ltr'><strong><em>abErangeliis</em></strong></span> <span class='ocrx_word' id='word_1_30' title='bbox 667 756 740 800; x_wconf 90' lang='lat' dir='ltr'><strong><em>cum</em></strong></span> <span class='ocrx_word' id='word_1_31' title='bbox 763 738 803 798; x_wconf 88' lang='lat' dir='ltr'><strong><em>ab</em></strong></span> <span class='ocrx_word' id='word_1_32' title='bbox 824 737 1008 815; x_wconf 86' lang='lat' dir='ltr'><strong><em>apostolicis</em></strong></span> <span class='ocrx_word' id='word_1_33' title='bbox 1023 739 1167 816; x_wconf 86' lang='lat' dir='ltr'><strong><em>epistolis</em></strong></span> <span class='ocrx_word' id='word_1_34' title='bbox 1188 740 1265 804; x_wconf 90' lang='lat' dir='ltr'><strong><em>buic</em></strong></span> 
     </span>
     <span class='ocr_line' id='line_1_5' title="bbox 147 838 1269 919; baseline 0.003 -19"><span class='ocrx_word' id='word_1_35' title='bbox 147 845 351 918; x_wconf 83' lang='lat' dir='ltr'><strong><em>argumento</em></strong></span> <span class='ocrx_word' id='word_1_36' title='bbox 372 849 460 919; x_wconf 85' lang='lat' dir='ltr'><strong><em>apta,</em></strong></span> <span class='ocrx_word' id='word_1_37' title='bbox 483 840 612 915; x_wconf 81' lang='lat' dir='ltr'><strong><em>nullibi,</em></strong></span> <span class='ocrx_word' id='word_1_38' title='bbox 635 840 730 913; x_wconf 85' lang='lat' dir='ltr'><strong><em>dico,</em></strong></span> <span class='ocrx_word' id='word_1_39' title='bbox 756 839 911 902; x_wconf 79' lang='lat' dir='ltr'><strong><em>Matthaei</em></strong></span> <span class='ocrx_word' id='word_1_40' title='bbox 933 838 1053 902; x_wconf 91' lang='lat' dir='ltr'><strong><em>dictum</em></strong></span> <span class='ocrx_word' id='word_1_41' title='bbox 1077 840 1140 904; x_wconf 87' lang='lat' dir='ltr'><strong><em>illis</em></strong></span> <span class='ocrx_word' id='word_1_42' title='bbox 1161 842 1269 906; x_wconf 88' lang='lat' dir='ltr'><strong><em>cendi·</em></strong></span> 
     </span>
     <span class='ocr_line' id='line_1_6' title="bbox 147 941 744 1021; baseline -0.003 -18"><span class='ocrx_word' id='word_1_43' title='bbox 147 941 297 1003; x_wconf 84' lang='lat' dir='ltr'><strong><em>tionibus</em></strong></span> <span class='ocrx_word' id='word_1_44' title='bbox 319 958 509 1018; x_wconf 85' lang='lat' dir='ltr'><strong><em>expressum</em></strong></span> <span class='ocrx_word' id='word_1_45' title='bbox 533 943 744 1021; x_wconf 79' lang='lat' dir='ltr'><strong><em>transcripsit.</em></strong></span> 
     </span>
    </p>

    <p class='ocr_par' dir='ltr' id='par_1_2' title="bbox 138 1041 1269 1728">
     <span class='ocr_line' id='line_1_7' title="bbox 234 1041 1269 1122; baseline 0.001 -16"><span class='ocrx_word' id='word_1_46' title='bbox 234 1041 396 1114; x_wconf 89' lang='lat' dir='ltr'><strong><em>Secundo,</em></strong></span> <span class='ocrx_word' id='word_1_47' title='bbox 418 1041 523 1122; x_wconf 89' lang='lat' dir='ltr'><strong><em>liquet</em></strong></span> <span class='ocrx_word' id='word_1_48' title='bbox 543 1044 692 1105; x_wconf 90' lang='lat' dir='ltr'><strong><em>eumdem</em></strong></span> <span class='ocrx_word' id='word_1_49' title='bbox 714 1041 925 1117; x_wconf 80' lang='lat' dir='ltr'><strong><em>Clementem,</em></strong></span> <span class='ocrx_word' id='word_1_50' title='bbox 939 1060 1013 1106; x_wconf 89' lang='lat' dir='ltr'><strong><em>cum</em></strong></span> <span class='ocrx_word' id='word_1_51' title='bbox 1035 1042 1082 1104; x_wconf 88' lang='lat' dir='ltr'><strong><em>bis</em></strong></span> <span class='ocrx_word' id='word_1_52' title='bbox 1113 1043 1201 1108; x_wconf 87' lang='lat' dir='ltr'><strong><em>illam</em></strong></span> <span class='ocrx_word' id='word_1_53' title='bbox 1224 1045 1269 1108; x_wconf 89' lang='lat' dir='ltr'><strong><em>ci·</em></strong></span> 
     </span>
     <span class='ocr_line' id='line_1_8' title="bbox 142 1139 1262 1245; baseline 0.008 -44"><span class='ocrx_word' id='word_1_54' title='bbox 142 1139 230 1201; x_wconf 79' lang='lat' dir='ltr'><strong><em>tevit</em></strong></span> <span class='ocrx_word' id='word_1_55' title='bbox 262 1140 486 1216; x_wconf 78' lang='lat' dir='ltr'><strong><em>scripturam:</em></strong></span> <span class='ocrx_word' id='word_1_56' title='bbox 520 1143 576 1223; x_wconf 86' lang='lat' dir='ltr'><strong><em>qni</em></strong></span> <span class='ocrx_word' id='word_1_57' title='bbox 604 1141 761 1205; x_wconf 75' lang='lat' dir='ltr'><strong><em>dimiserit</em></strong></span> <span class='ocrx_word' id='word_1_58' title='bbox 780 1161 910 1204; x_wconf 80' lang='lat' dir='ltr'><strong><em>oaorem</em></strong></span> <span class='ocrx_word' id='word_1_59' title='bbox 930 1161 1020 1207; x_wconf 85' lang='lat' dir='ltr'><strong><em>sunm</em></strong></span> <span class='ocrx_word' id='word_1_60' title='bbox 1040 1141 1144 1245; x_wconf 68' lang='grc' dir='ltr'><em>χωρὶς</em></span> <span class='ocrx_word' id='word_1_61' title='bbox 1166 1140 1262 1235; x_wconf 76' lang='grc' dir='ltr'>λόγου</span> 
     </span>
     <span class='ocr_line' id='line_1_9' title="bbox 138 1239 1262 1340; baseline 0.003 -30"><span class='ocrx_word' id='word_1_62' title='bbox 138 1239 434 1340; x_wconf 72' lang='lat' dir='ltr'><strong><em>nopneingccccpta</em></strong></span> <span class='ocrx_word' id='word_1_63' title='bbox 455 1245 683 1326; x_wconf 73' lang='lat' dir='ltr'><strong><em>fornicationis</em></strong></span> <span class='ocrx_word' id='word_1_64' title='bbox 704 1266 814 1319; x_wconf 85' lang='lat' dir='ltr'><strong><em>conso,</em></strong></span> <span class='ocrx_word' id='word_1_65' title='bbox 836 1243 917 1327; x_wconf 76' lang='lat' dir='ltr'><strong><em>(ecit</em></strong></span> <span class='ocrx_word' id='word_1_66' title='bbox 936 1265 1003 1310; x_wconf 86' lang='lat' dir='ltr'><strong><em>com</em></strong></span> <span class='ocrx_word' id='word_1_67' title='bbox 1027 1247 1200 1324; x_wconf 73' lang='lat' dir='ltr'><strong><em>moechari,</em></strong></span> <span class='ocrx_word' id='word_1_68' title='bbox 1214 1270 1262 1313; x_wconf 90' lang='lat' dir='ltr'><strong><em>se·</em></strong></span> 
     </span>
     <span class='ocr_line' id='line_1_10' title="bbox 141 1346 1262 1429; baseline 0.003 -18"><span class='ocrx_word' id='word_1_69' title='bbox 141 1350 281 1429; x_wconf 83' lang='lat' dir='ltr'><strong><em>quentin</em></strong></span> <span class='ocrx_word' id='word_1_70' title='bbox 307 1349 416 1422; x_wconf 80' lang='lat' dir='ltr'><strong><em>serbe,</em></strong></span> <span class='ocrx_word' id='word_1_71' title='bbox 438 1358 466 1409; x_wconf 86' lang='lat' dir='ltr'><strong><em>ct</em></strong></span> <span class='ocrx_word' id='word_1_72' title='bbox 485 1346 544 1429; x_wconf 82' lang='lat' dir='ltr'><strong><em>qni</em></strong></span> <span class='ocrx_word' id='word_1_73' title='bbox 561 1348 725 1410; x_wconf 87' lang='lat' dir='ltr'><strong><em>dimissam</em></strong></span> <span class='ocrx_word' id='word_1_74' title='bbox 745 1347 885 1423; x_wconf 74' lang='lat' dir='ltr'><strong><em>tinxerit,</em></strong></span> <span class='ocrx_word' id='word_1_75' title='bbox 908 1348 1102 1423; x_wconf 82' lang='lat' dir='ltr'><strong><em>moccbutnr,</em></strong></span> <span class='ocrx_word' id='word_1_76' title='bbox 1125 1369 1164 1412; x_wconf 84' lang='lat' dir='ltr'><strong><em>ne</em></strong></span> <span class='ocrx_word' id='word_1_77' title='bbox 1185 1352 1262 1414; x_wconf 89' lang='lat' dir='ltr'><strong><em>sub·</em></strong></span> 
     </span>
     <span class='ocr_line' id='line_1_11' title="bbox 146 1447 1261 1526; baseline 0.004 -17"><span class='ocrx_word' id='word_1_78' title='bbox 146 1447 271 1510; x_wconf 82' lang='lat' dir='ltr'><strong><em>didisse</em></strong></span> <span class='ocrx_word' id='word_1_79' title='bbox 292 1448 445 1526; x_wconf 88' lang='lat' dir='ltr'><strong><em>quidem,</em></strong></span> <span class='ocrx_word' id='word_1_80' title='bbox 469 1457 506 1511; x_wconf 94' lang='lat' dir='ltr'><strong><em>ut</em></strong></span> <span class='ocrx_word' id='word_1_81' title='bbox 527 1449 708 1510; x_wconf 87' lang='lat' dir='ltr'><strong><em>ostenderet</em></strong></span> <span class='ocrx_word' id='word_1_82' title='bbox 733 1449 812 1510; x_wconf 74' lang='lat' dir='ltr'><strong><em>llaec</em></strong></span> <span class='ocrx_word' id='word_1_83' title='bbox 840 1466 903 1509; x_wconf 89' lang='lat' dir='ltr'><strong><em>nou</em></strong></span> <span class='ocrx_word' id='word_1_84' title='bbox 932 1449 1093 1526; x_wconf 87' lang='lat' dir='ltr'><strong><em>pertinere</em></strong></span> <span class='ocrx_word' id='word_1_85' title='bbox 1114 1450 1154 1510; x_wconf 82' lang='lat' dir='ltr'><strong><em>ed</em></strong></span> <span class='ocrx_word' id='word_1_86' title='bbox 1176 1449 1261 1513; x_wconf 87' lang='lat' dir='ltr'><strong><em>blat-</em></strong></span> 
     </span>
     <span class='ocr_line' id='line_1_12' title="bbox 145 1545 1262 1628; baseline -0.001 -15"><span class='ocrx_word' id='word_1_87' title='bbox 145 1550 238 1613; x_wconf 82' lang='lat' dir='ltr'><strong><em>tbnei</em></strong></span> <span class='ocrx_word' id='word_1_88' title='bbox 266 1546 491 1627; x_wconf 79' lang='lat' dir='ltr'><strong><em>Evangelium,</em></strong></span> <span class='ocrx_word' id='word_1_89' title='bbox 513 1550 567 1612; x_wconf 91' lang='lat' dir='ltr'><strong><em>sed</em></strong></span> <span class='ocrx_word' id='word_1_90' title='bbox 590 1552 628 1610; x_wconf 84' lang='lat' dir='ltr'><strong><em>ml</em></strong></span> <span class='ocrx_word' id='word_1_91' title='bbox 651 1559 748 1628; x_wconf 88' lang='lat' dir='ltr'><strong><em>eaput</em></strong></span> <span class='ocrx_word' id='word_1_92' title='bbox 768 1545 856 1610; x_wconf 88' lang='lat' dir='ltr'><strong><em>XVl.</em></strong></span> <span class='ocrx_word' id='word_1_93' title='bbox 878 1545 927 1612; x_wconf 84' lang='lat'><strong><em>18.</em></strong></span> <span class='ocrx_word' id='word_1_94' title='bbox 951 1546 1058 1611; x_wconf 86' lang='lat' dir='ltr'><strong><em>Lucae</em></strong></span> <span class='ocrx_word' id='word_1_95' title='bbox 1080 1551 1262 1628; x_wconf 85' lang='lat' dir='ltr'><strong><em>praemissis</em></strong></span> 
     </span>
     <span class='ocr_line' id='line_1_13' title="bbox 145 1650 528 1728; baseline -0.005 -16"><span class='ocrx_word' id='word_1_96' title='bbox 145 1650 253 1728; x_wconf 78' lang='lat' dir='ltr'><strong><em>magis</em></strong></span> <span class='ocrx_word' id='word_1_97' title='bbox 274 1650 528 1712; x_wconf 83' lang='lat' dir='ltr'><strong><em>accommodate.</em></strong></span> 
     </span>
    </p>

    <p class='ocr_par' dir='ltr' id='par_1_3' title="bbox 140 1742 1269 2646">
     <span class='ocr_line' id='line_1_14' title="bbox 236 1742 1269 1850; baseline 0.003 -39"><span class='ocrx_word' id='word_1_98' title='bbox 236 1748 349 1813; x_wconf 83' lang='lat' dir='ltr'><strong><em>Tertio</em></strong></span> <span class='ocrx_word' id='word_1_99' title='bbox 370 1751 568 1825; x_wconf 82' lang='lat' dir='ltr'><strong><em>deducitur,</em></strong></span> <span class='ocrx_word' id='word_1_100' title='bbox 590 1751 746 1814; x_wconf 80' lang='lat' dir='ltr'><strong><em>vocabula</em></strong></span> <span class='ocrx_word' id='word_1_101' title='bbox 769 1742 819 1842; x_wconf 68' lang='grc' dir='ltr'><strong><em>μή</em></strong></span> <span class='ocrx_word' id='word_1_102' title='bbox 841 1742 892 1818; x_wconf 76' lang='grc' dir='ltr'><strong><em>ἐπὶ</em></strong></span> <span class='ocrx_word' id='word_1_103' title='bbox 912 1750 1042 1850; x_wconf 69' lang='grc' dir='ltr'>πορνείᾳ</span> <span class='ocrx_word' id='word_1_104' title='bbox 1064 1770 1127 1815; x_wconf 89' lang='lat' dir='ltr'><strong><em>non</em></strong></span> <span class='ocrx_word' id='word_1_105' title='bbox 1148 1752 1183 1813; x_wconf 89' lang='lat' dir='ltr'><strong><em>ob</em></strong></span> <span class='ocrx_word' id='word_1_106' title='bbox 1201 1753 1269 1832; x_wconf 74' lang='lat' dir='ltr'><strong><em>lor·</em></strong></span> 
     </span>
     <span class='ocr_line' id='line_1_15' title="bbox 142 1851 1268 1933; baseline 0 -17"><span class='ocrx_word' id='word_1_107' title='bbox 142 1851 363 1928; x_wconf 82' lang='lat' dir='ltr'><strong><em>nicationem,</em></strong></span> <span class='ocrx_word' id='word_1_108' title='bbox 386 1852 522 1933; x_wconf 87' lang='lat' dir='ltr'><strong><em>quaein</em></strong></span> <span class='ocrx_word' id='word_1_109' title='bbox 544 1854 606 1916; x_wconf 88' lang='lat' dir='ltr'><strong><em>boc</em></strong></span> <span class='ocrx_word' id='word_1_110' title='bbox 627 1862 781 1917; x_wconf 86' lang='lat' dir='ltr'><strong><em>notantur</em></strong></span> <span class='ocrx_word' id='word_1_111' title='bbox 813 1857 975 1918; x_wconf 85' lang='lat' dir='ltr'><strong><em>versiculo</em></strong></span> <span class='ocrx_word' id='word_1_112' title='bbox 1003 1853 1180 1919; x_wconf 90' lang='lat' dir='ltr'><strong><em>secuudum</em></strong></span> <span class='ocrx_word' id='word_1_113' title='bbox 1211 1854 1268 1916; x_wconf 89' lang='lat' dir='ltr'><strong><em>bo·</em></strong></span> 
     </span>
     <span class='ocr_line' id='line_1_16' title="bbox 140 1954 1266 2037; baseline -0.002 -20"><span class='ocrx_word' id='word_1_114' title='bbox 140 1956 291 2018; x_wconf 88' lang='lat' dir='ltr'><strong><em>diernam</em></strong></span> <span class='ocrx_word' id='word_1_115' title='bbox 313 1955 498 2031; x_wconf 88' lang='lat' dir='ltr'><strong><em>lectionem,</em></strong></span> <span class='ocrx_word' id='word_1_116' title='bbox 520 1973 593 2018; x_wconf 91' lang='lat' dir='ltr'><strong><em>cum</em></strong></span> <span class='ocrx_word' id='word_1_117' title='bbox 616 1965 709 2017; x_wconf 84' lang='lat' dir='ltr'><strong><em>extra</em></strong></span> <span class='ocrx_word' id='word_1_118' title='bbox 733 1954 956 2034; x_wconf 79' lang='lat' dir='ltr'><strong><em>Evangelistae</em></strong></span> <span class='ocrx_word' id='word_1_119' title='bbox 980 1964 1139 2034; x_wconf 81' lang='lat' dir='ltr'><strong><em>vagantur</em></strong></span> <span class='ocrx_word' id='word_1_120' title='bbox 1158 1960 1266 2037; x_wconf 75' lang='lat' dir='ltr'><strong><em>synta-</em></strong></span> 
     </span>
     <span class='ocr_line' id='line_1_17' title="bbox 142 2053 1268 2134; baseline -0.002 -16"><span class='ocrx_word' id='word_1_121' title='bbox 142 2055 230 2129; x_wconf 79' lang='lat' dir='ltr'><strong><em>xim,</em></strong></span> <span class='ocrx_word' id='word_1_122' title='bbox 254 2072 388 2133; x_wconf 89' lang='lat' dir='ltr'><strong><em>prorsus</em></strong></span> <span class='ocrx_word' id='word_1_123' title='bbox 409 2055 572 2134; x_wconf 74' lang='lat' dir='ltr'><strong><em>ignorasse</em></strong></span> <span class='ocrx_word' id='word_1_124' title='bbox 593 2053 801 2120; x_wconf 87' lang='lat' dir='ltr'><strong><em>Clementem.</em></strong></span> <span class='ocrx_word' id='word_1_125' title='bbox 823 2055 883 2119; x_wconf 88' lang='lat' dir='ltr'><strong><em>Sed</em></strong></span> <span class='ocrx_word' id='word_1_126' title='bbox 906 2056 1111 2120; x_wconf 85' lang='lat' dir='ltr'><strong><em>haecomnia</em></strong></span> <span class='ocrx_word' id='word_1_127' title='bbox 1135 2053 1268 2116; x_wconf 83' lang='lat' dir='ltr'><strong><em>manile·</em></strong></span> 
     </span>
     <span class='ocr_line' id='line_1_18' title="bbox 140 2151 1268 2235; baseline 0.004 -16"><span class='ocrx_word' id='word_1_128' title='bbox 140 2158 248 2219; x_wconf 79' lang='lat' dir='ltr'><strong><em>stiorr</em></strong></span> <span class='ocrx_word' id='word_1_129' title='bbox 269 2157 301 2219; x_wconf 86' lang='lat' dir='ltr'><strong><em>iu</em></strong></span> <span class='ocrx_word' id='word_1_130' title='bbox 321 2157 540 2235; x_wconf 79' lang='lat' dir='ltr'><strong><em>sequentibus.</em></strong></span> <span class='ocrx_word' id='word_1_131' title='bbox 557 2156 684 2232; x_wconf 84' lang='lat' dir='ltr'><strong><em>Quarto</em></strong></span> <span class='ocrx_word' id='word_1_132' title='bbox 705 2157 836 2221; x_wconf 88' lang='lat' dir='ltr'><strong><em>demum</em></strong></span> <span class='ocrx_word' id='word_1_133' title='bbox 856 2157 988 2222; x_wconf 87' lang='lat' dir='ltr'><strong><em>eruitur</em></strong></span> <span class='ocrx_word' id='word_1_134' title='bbox 1008 2158 1169 2221; x_wconf 78' lang='lat' dir='ltr'><strong><em>vocabule</em></strong></span> <span class='ocrx_word' id='word_1_135' title='bbox 1190 2151 1268 2223; x_wconf 77' lang='lat' dir='ltr'><strong><em>tino-</em></strong></span> 
     </span>
     <span class='ocr_line' id='line_1_19' title="bbox 140 2254 1266 2339; baseline -0.002 -13"><span class='ocrx_word' id='word_1_136' title='bbox 140 2254 237 2338; x_wconf 66' lang='lat' dir='ltr'><strong><em>triete</em></strong></span> <span class='ocrx_word' id='word_1_137' title='bbox 258 2258 401 2323; x_wconf 85' lang='lat' dir='ltr'><strong><em>dimissio</em></strong></span> <span class='ocrx_word' id='word_1_138' title='bbox 422 2277 517 2322; x_wconf 88' lang='lat' dir='ltr'><strong><em>usum</em></strong></span> <span class='ocrx_word' id='word_1_139' title='bbox 540 2259 637 2322; x_wconf 85' lang='lat' dir='ltr'><strong><em>tutsse</em></strong></span> <span class='ocrx_word' id='word_1_140' title='bbox 658 2254 856 2321; x_wconf 86' lang='lat' dir='ltr'><strong><em>Clementem</em></strong></span> <span class='ocrx_word' id='word_1_141' title='bbox 877 2259 1025 2323; x_wconf 90' lang='lat' dir='ltr'><strong><em>insensu</em></strong></span> <span class='ocrx_word' id='word_1_142' title='bbox 1057 2260 1190 2339; x_wconf 89' lang='lat' dir='ltr'><strong><em>proprio</em></strong></span> <span class='ocrx_word' id='word_1_143' title='bbox 1216 2278 1266 2324; x_wconf 89' lang='lat' dir='ltr'><strong><em>se·</em></strong></span> 
     </span>
     <span class='ocr_line' id='line_1_20' title="bbox 140 2359 1266 2444; baseline -0.007 -13"><span class='ocrx_word' id='word_1_144' title='bbox 140 2365 289 2431; x_wconf 86' lang='lat' dir='ltr'><strong><em>cundum</em></strong></span> <span class='ocrx_word' id='word_1_145' title='bbox 311 2363 529 2444; x_wconf 79' lang='lat' dir='ltr'><strong><em>evangelicam</em></strong></span> <span class='ocrx_word' id='word_1_146' title='bbox 550 2359 811 2439; x_wconf 81' lang='lat' dir='ltr'><strong><em>significationem</em></strong></span> <span class='ocrx_word' id='word_1_147' title='bbox 833 2369 867 2424; x_wconf 86' lang='lat' dir='ltr'><strong><em>et</em></strong></span> <span class='ocrx_word' id='word_1_148' title='bbox 887 2368 979 2425; x_wconf 81' lang='lat' dir='ltr'><strong><em>extra</em></strong></span> <span class='ocrx_word' id='word_1_149' title='bbox 1001 2378 1181 2444; x_wconf 74' lang='lat' dir='ltr'><strong><em>synagogae</em></strong></span> <span class='ocrx_word' id='word_1_150' title='bbox 1194 2378 1266 2424; x_wconf 90' lang='lat' dir='ltr'><strong><em>seu·</em></strong></span> 
     </span>
     <span class='ocr_line' id='line_1_21' title="bbox 140 2461 1263 2540; baseline -0.005 -11"><span class='ocrx_word' id='word_1_151' title='bbox 140 2463 354 2540; x_wconf 72' lang='lat' dir='ltr'><strong><em>sumopere</em></strong></span> <span class='ocrx_word' id='word_1_152' title='bbox 381 2464 439 2527; x_wconf 86' lang='lat' dir='ltr'><strong><em>etsi</em></strong></span> <span class='ocrx_word' id='word_1_153' title='bbox 468 2462 683 2523; x_wconf 88' lang='lat' dir='ltr'><strong><em>dimissionem</em></strong></span> <span class='ocrx_word' id='word_1_154' title='bbox 711 2461 825 2522; x_wconf 83' lang='lat' dir='ltr'><strong><em>uxoris</em></strong></span> <span class='ocrx_word' id='word_1_155' title='bbox 853 2463 1055 2540; x_wconf 88' lang='lat' dir='ltr'><strong><em>permitteret</em></strong></span> <span class='ocrx_word' id='word_1_156' title='bbox 1080 2461 1263 2534; x_wconf 78' lang='lat' dir='ltr'><strong><em>Dominus,</em></strong></span> 
     </span>
     <span class='ocr_line' id='line_1_22' title="bbox 140 2563 1070 2646; baseline -0.008 -16"><span class='ocrx_word' id='word_1_157' title='bbox 140 2586 201 2635; x_wconf 84' lang='lat' dir='ltr'><strong><em>nen</em></strong></span> <span class='ocrx_word' id='word_1_158' title='bbox 224 2567 297 2632; x_wconf 90' lang='lat' dir='ltr'><strong><em>ideo</em></strong></span> <span class='ocrx_word' id='word_1_159' title='bbox 317 2565 443 2632; x_wconf 87' lang='lat' dir='ltr'><strong><em>licitum</em></strong></span> <span class='ocrx_word' id='word_1_160' title='bbox 464 2564 688 2642; x_wconf 81' lang='lat' dir='ltr'><strong><em>comprobarit</em></strong></span> <span class='ocrx_word' id='word_1_161' title='bbox 708 2563 849 2626; x_wconf 86' lang='lat' dir='ltr'><strong><em>alterum</em></strong></span> <span class='ocrx_word' id='word_1_162' title='bbox 870 2565 1070 2646; x_wconf 79' lang='lat' dir='ltr'><strong><em>conjugium.</em></strong></span> 
     </span>
    </p>
   </div>
   <div class='ocr_carea' id='block_1_2' title="bbox 0 0 1448 4784">
    <p class='ocr_par' dir='ltr' id='par_1_4' title="bbox 0 0 1448 4784">
     <span class='ocr_line' id='line_1_23' title="bbox 0 0 1448 4784; baseline 0 5"><span class='ocrx_word' id='word_1_163' title='bbox 0 0 1448 4784; x_wconf 95' lang='lat' dir='ltr'><strong><em> </em></strong></span> 
     </span>
    </p>
   </div>
  </div>
 </body>
</html>
