2886 4784
159 421 269 486 venire
291 429 417 501 potero,
443 418 618 485 Ecclesiam
642 422 826 486 universam
847 421 998 504 Origeois
1019 422 1123 487 libros
1143 423 1257 504 legisse,

160 527 224 601 (nt
245 525 302 605 ipsi
327 524 474 588 letentur
495 520 696 605 Theophilus
717 534 749 588 et
771 523 1012 609 Hieronymus)
1034 526 1115 604 quin
1128 542 1259 601 errores,

158 627 345 705 etquidem
368 627 470 701 tales,
493 629 548 706 qui
574 634 678 690 totum
708 628 902 690 christianae
924 627 997 689 fidei
1017 627 1200 690 aediticium
1223 626 1262 689 di·

161 729 323 803 ruebant,
346 730 625 807 comprehenderit
646 747 684 790 ac
707 729 868 792 refutarit.
895 728 1037 807 ideoque
1061 730 1087 791 si
1115 729 1175 792 hos
1197 729 1265 807 legit

160 827 320 907 Ecclesia,
337 850 395 894 nec
418 831 617 911 reprobavit,
635 830 822 893 luculenter
842 830 992 908 sequitur
1012 829 1145 890 eosdem
1165 847 1267 892 sanam

52 937 56 943 '
161 943 194 997 et
214 933 255 995 ab
278 934 402 996 haeresi
425 935 600 996 immunem
623 932 790 1012 praeferre
811 932 1003 994 doctrinam.

237 1033 442 1108 Novissime,
464 1045 658 1098 cunctorum
682 1034 815 1097 Petrum
838 1043 910 1095 ante
933 1031 1154 1112 Theophilum
1176 1052 1268 1112 expo·

158 1138 226 1201 sitis
249 1137 436 1200 testimoniis
459 1155 518 1217 pro
539 1135 689 1216 Origenis
711 1135 921 1212 orthodoxia,
936 1131 1100 1214 'perpetuo
1123 1136 1214 1198 uobis
1232 1135 1268 1198 ob

160 1238 275 1303 oculos
297 1239 478 1302 habendum
501 1248 564 1312 est,
580 1239 653 1301 illos
675 1256 737 1300 non
758 1247 882 1301 tantum
898 1238 1166 1300 animadvertisse
1180 1238 1269 1318 ipsius

162 1342 260 1417 dicta,
284 1359 346 1402 non
370 1349 495 1402 tantum
516 1340 652 1404 subtiles
675 1337 762 1401 illins
788 1339 1026 1417 disquisitiones
1048 1340 1080 1402 iu
1104 1337 1269 1418 Religionis

129 1517 133 1525 ,
161 1443 365 1508 Christianae
386 1444 547 1523 mysteriis
565 1441 752 1517 tractandis,
768 1460 826 1505 seu
843 1440 1069 1504 similitudines
1081 1441 1123 1503 ad
1145 1441 1207 1503 hoc
1219 1440 1267 1503 sibi

161 1553 367 1623 comparatas
389 1562 448 1621 pro
471 1544 611 1606 humana
635 1542 781 1618 illorum,
804 1541 912 1622 quoad
935 1541 1005 1604 lieri
1026 1542 1147 1622 potnit,
1163 1541 1267 1606 iutelli-

161 1645 290 1723 gantiae
314 1651 363 1705 ast
384 1645 415 1704 in
437 1643 548 1723 primis
568 1651 601 1705 et
624 1643 825 1723 potissimum
846 1645 991 1706 animum
1013 1644 1221 1707 intenderunt
1234 1641 1264 1705 ad

160 1745 306 1826 ejusdem
328 1745 520 1823 simplicem,
537 1747 695 1807 sinceram
719 1763 757 1809 ao
778 1764 873 1823 saepe
888 1746 1074 1808 innovatam
1091 1745 1265 1809 obtestatio·

161 1865 247 1920 nem,
272 1848 362 1912 vario
384 1847 442 1909 etsi
468 1847 706 1910 vocabulorum
729 1867 803 1921 usn,
825 1847 879 1910 sed
905 1865 968 1909 uno
990 1853 1022 1910 et
1042 1847 1159 1911 eodem
1182 1863 1264 1911 sense

162 1947 362 2011 manifestam
370 1966 382 2027 3
399 1965 541 2026 quacum
563 1948 687 2021 docuit,
703 1945 795 2008 iilam
808 1947 908 2011 solam
924 1947 1112 2009 credendam
1127 1964 1189 2013 esse
1200 1942 1265 2008 ecri-

162 2057 268 2124 tateen,
284 2067 365 2128 qaae
380 2049 472 2110 neila
492 2048 530 2111 ab
552 2046 763 2110 ecclesiastica
784 2057 812 2110 et
832 2047 1005 2128 apostolica
1023 2047 1191 2111 discordat
1204 2044 1266 2109 Tra·

163 2146 291 2212 ditione.
316 2147 466 2225 Quacum
490 2150 633 2223 latetur,
655 2167 686 2210 se
707 2151 744 2212 de
766 2149 909 2233 Ecclesia
929 2169 1003 2213 esse.
1029 2149 1098 2230 Ean
1118 2168 1216 2224 aere,
1233 2148 1265 2211 sit

163 2248 305 2314 ldomilie
328 2247 415 2312 xvi.
439 2247 475 2311 in
497 2247 727 2329 losannensis
741 2261 812 2331 epta
833 2270 895 2313 esse
916 2250 1265 2325 ecetesiaaieamrnn

102 2397 106 2402 -
165 2348 203 2414 ab
224 2349 446 2414 haeresiarcha
476 2347 587 2429 aliqua
608 2352 662 2413 sed
682 2371 702 2413 a
727 2349 846 2415 Christi
864 2351 1017 2415 coccinio
1038 2348 1225 2432 nuncupari
1244 2354 1265 2411 tl

162 2452 271 2515 babere
292 2470 430 2527 nornen,
450 2452 535 2531 qnod
555 2451 749 2516 benedicitur
770 2461 1024 2532 superterram:
1046 2464 1075 2516 et
1096 2453 1191 2534 capio
1215 2463 1266 2516 tant

165 2572 256 2635 apere
276 2574 373 2635 qnam
394 2564 536 2618 senescet
556 2575 619 2619 esse
640 2565 668 2617 et
688 2552 755 2618 diei
775 2554 986 2630 christianas,
999 2565 1060 2620 etc.
1078 2557 1176 2620 lllam
1197 2573 1267 2618 nem·

165 2676 205 2736 pe
227 2657 304 2719 dicit
326 2655 516 2734 Ecclesiam,
539 2667 632 2720 cetra
653 2675 750 2736 enam
770 2662 831 2735 (ut
852 2657 992 2723 Humilia
1016 2657 1077 2720 lll.
1093 2659 1126 2721 iu
1147 2656 1267 2722 Libruu

166 2757 246 2822 Jesu
270 2756 380 2835 Nare)
402 2776 492 2822 nemo
511 2760 666 2821 salvatur.
688 2757 770 2826 Nam
791 2758 893 2840 siquis
915 2762 1003 2841 (oras
1025 2757 1155 2836 exierit,
1176 2755 1269 2824 martit

166 2879 242 2924 snae
262 2860 329 2941 ipse
349 2864 386 2944 fit
405 2879 485 2925 rens.
510 2859 615 2936 Quam
639 2861 817 2924 Ecclesiam
839 2881 937 2925 nnarn
968 2873 1062 2925 vocet
1074 2907 1089 2938 ,
1119 2871 1267 2933 sonatan,

163 2960 428 3039 immacalatam,
452 2963 584 3025 Domana
608 2960 684 3039 Dei,
712 2959 874 3026 Civitatem
905 2961 1001 3026 Verbi.
1031 2963 1172 3040 ldcirco,
1196 2977 1269 3042 opst·

166 3073 219 3140 tet,
242 3067 300 3138 ait,
321 3067 491 3129 secandam
512 3063 682 3128 sententiae
704 3063 895 3146 apostolicae
915 3065 1138 3129 anctoritatem
1156 3062 1270 3139 nos,si·

76 3174 79 3178 ’
165 3163 235 3228 enti
254 3167 380 3246 reliqna
401 3167 501 3243 rnala,
522 3184 603 3247 qnae
623 3166 800 3228 numeravit
819 3165 963 3240 Paulas,
984 3167 1148 3230 haereseos
1169 3180 1272 3247 quaen

165 3287 278 3332 nomen
299 3268 459 3342 devitare:
481 3288 580 3351 neqne
600 3287 671 3332 earn
685 3269 803 3333 talibus
818 3267 977 3334 orationis
991 3269 1137 3334 societate
1151 3262 1270 3332 misceri.

168 3367 260 3445 Quos
282 3371 353 3434 ideo
375 3372 458 3434 dixit
476 3368 678 3450 blasphemas,
697 3370 878 3452 pestiferos,
898 3369 1091 3448 immundos,
1109 3367 1225 3434 diaboii
1235 3385 1271 3430 ee·

168 3468 245 3546 cios,
269 3470 428 3536 Ecclesiae
448 3471 627 3536 dominicae
650 3476 897 3554 profanatores,
920 3483 1079 3536 monetans
1110 3474 1271 3536 stetten

167 3581 259 3636 entra
281 3572 457 3637 Ecclesiam
477 3594 586 3637 cusam
608 3573 661 3654 (ἢ.
685 3573 727 3638 Et
749 3576 822 3639 hinc
843 3595 884 3638 ex
907 3593 965 3638 ore
990 3563 1093 3654 ipsius
1120 3570 1269 3640 concludit

236 3795 271 3868 (*)
292 3798 329 3852 Et
352 3799 416 3870 quis
439 3817 565 3872 unquam
590 3800 773 3869 credidisset,
796 3805 946 3873 postquam
969 3798 1043 3854 hane
1062 3798 1131 3855 fidei
1152 3797 1267 3854 adruunt

172 3886 301 3944 haereses
323 3891 416 3946 emisit
439 3892 662 3961 confessionem,
686 3891 835 3963 aliquando
855 3890 932 3958 fore,
956 3891 1005 3963 qui
1027 3891 1148 3965 Origeni
1171 3887 1265 3947 medem

176 3980 360 4038 inscriberent
377 3983 486 4054 titulos,
500 3985 604 4058 quibus
615 3986 769 4042 haereticos
787 3991 922 4058 perpetuo
939 3985 1114 4041 cumularit?
1130 3984 1156 4042 0
1173 3982 1265 4042 misere,

173 4072 330 4129 miserenda
346 4076 469 4135 conditio
491 4077 613 4135 hominis
633 4078 723 4135 fidelis
743 4084 772 4134 et
788 4078 879 4151 probi,
902 4077 948 4134 cui
969 4094 1036 4133 cum
1055 4076 1176 4146 insidia,
1194 4071 1264 4131 malt·

174 4163 295 4223 volentia
315 4175 345 4225 et
362 4169 477 4243 perfidia
496 4171 723 4231 conmudandum
742 4177 807 4230 esti
827 4170 884 4233 Sed
904 4169 1026 4244 amplius
1044 4167 1201 4230 meranda
1215 4177 1264 4223 ceu
