<?xml version="1.0" encoding="UTF-8"?>
<!DOCTYPE html PUBLIC "-//W3C//DTD XHTML 1.0 Transitional//EN"
    "http://www.w3.org/TR/xhtml1/DTD/xhtml1-transitional.dtd">
<html xmlns="http://www.w3.org/1999/xhtml" xml:lang="en" lang="en">
 <head>
  <title>
</title>
<meta http-equiv="Content-Type" content="text/html;charset=utf-8" />
  <meta name='ocr-system' content='tesseract 3.04.00' />
  <meta name='ocr-capabilities' content='ocr_page ocr_carea ocr_par ocr_line ocrx_word'/>
</head>
<body>
  <div class='ocr_page' id='page_1' title='image "./insgregoriinyss00vincgoog_0390.png"; bbox 0 0 2886 4784; ppageno 0'>
   <div class='ocr_carea' id='block_1_1' title="bbox 147 443 1270 1237">
    <p class='ocr_par' dir='ltr' id='par_1_1' title="bbox 147 443 1270 1237">
     <span class='ocr_line' id='line_1_1' title="bbox 150 443 1264 525; baseline -0.001 -16"><span class='ocrx_word' id='word_1_1' title='bbox 150 462 205 510; x_wconf 89' lang='lat' dir='ltr'>me</span> <span class='ocrx_word' id='word_1_2' title='bbox 226 445 414 510; x_wconf 84' lang='lat' dir='ltr'>detunctum</span> <span class='ocrx_word' id='word_1_3' title='bbox 437 444 521 524; x_wconf 92' lang='lat' dir='ltr'>apud</span> <span class='ocrx_word' id='word_1_4' title='bbox 546 444 667 509; x_wconf 80' lang='lat' dir='ltr'>inferos</span> <span class='ocrx_word' id='word_1_5' title='bbox 693 443 838 525; x_wconf 77' lang='lat' dir='ltr'>torqueri</span> <span class='ocrx_word' id='word_1_6' title='bbox 851 464 861 524; x_wconf 89' lang='lat'>;</span> <span class='ocrx_word' id='word_1_7' title='bbox 885 461 959 508; x_wconf 92' lang='lat' dir='ltr'>cum</span> <span class='ocrx_word' id='word_1_8' title='bbox 983 448 1087 509; x_wconf 91' lang='lat' dir='ltr'>tamen</span> <span class='ocrx_word' id='word_1_9' title='bbox 1123 445 1264 520; x_wconf 84' lang='lat' dir='ltr'>faterer,</span> 
     </span>
     <span class='ocr_line' id='line_1_2' title="bbox 150 544 1267 622; baseline 0.002 -13"><span class='ocrx_word' id='word_1_10' title='bbox 150 565 206 609; x_wconf 87' lang='lat' dir='ltr'>me</span> <span class='ocrx_word' id='word_1_11' title='bbox 227 547 364 609; x_wconf 83' lang='lat' dir='ltr'>inritum</span> <span class='ocrx_word' id='word_1_12' title='bbox 385 565 523 622; x_wconf 88' lang='lat' dir='ltr'>errasse,</span> <span class='ocrx_word' id='word_1_13' title='bbox 547 564 585 609; x_wconf 89' lang='lat' dir='ltr'>ao</span> <span class='ocrx_word' id='word_1_14' title='bbox 606 544 770 608; x_wconf 89' lang='lat' dir='ltr'>diabolum</span> <span class='ocrx_word' id='word_1_15' title='bbox 794 545 892 609; x_wconf 86' lang='lat' dir='ltr'>inisse</span> <span class='ocrx_word' id='word_1_16' title='bbox 913 547 1154 612; x_wconf 90' lang='lat' dir='ltr'>aberrationum</span> <span class='ocrx_word' id='word_1_17' title='bbox 1182 567 1267 611; x_wconf 85' lang='lat' dir='ltr'>moa-</span> 
     </span>
     <span class='ocr_line' id='line_1_3' title="bbox 148 646 1267 728; baseline 0.002 -19"><span class='ocrx_word' id='word_1_18' title='bbox 148 663 228 710; x_wconf 90' lang='lat' dir='ltr'>rum</span> <span class='ocrx_word' id='word_1_19' title='bbox 249 665 391 710; x_wconf 85' lang='lat' dir='ltr'>causam.</span> <span class='ocrx_word' id='word_1_20' title='bbox 417 646 454 709; x_wconf 90' lang='lat' dir='ltr'>Et</span> <span class='ocrx_word' id='word_1_21' title='bbox 478 665 553 710; x_wconf 89' lang='lat' dir='ltr'>cum</span> <span class='ocrx_word' id='word_1_22' title='bbox 575 648 658 710; x_wconf 92' lang='lat' dir='ltr'>inter</span> <span class='ocrx_word' id='word_1_23' title='bbox 679 647 842 708; x_wconf 91' lang='lat' dir='ltr'>cruciatus</span> <span class='ocrx_word' id='word_1_24' title='bbox 864 647 930 728; x_wconf 86' lang='lat' dir='ltr'>jam</span> <span class='ocrx_word' id='word_1_25' title='bbox 955 654 1149 727; x_wconf 81' lang='lat' dir='ltr'>torquerer,</span> <span class='ocrx_word' id='word_1_26' title='bbox 1172 667 1267 728; x_wconf 89' lang='lat' dir='ltr'>ange·</span> 
     </span>
     <span class='ocr_line' id='line_1_4' title="bbox 147 747 1268 830; baseline 0.001 -20"><span class='ocrx_word' id='word_1_27' title='bbox 147 747 202 811; x_wconf 93' lang='lat' dir='ltr'>los</span> <span class='ocrx_word' id='word_1_28' title='bbox 226 767 276 812; x_wconf 87' lang='lat' dir='ltr'>me</span> <span class='ocrx_word' id='word_1_29' title='bbox 299 767 419 829; x_wconf 84' lang='lat' dir='ltr'>patere</span> <span class='ocrx_word' id='word_1_30' title='bbox 441 750 559 829; x_wconf 86' lang='lat' dir='ltr'>ajebat,</span> <span class='ocrx_word' id='word_1_31' title='bbox 577 750 632 828; x_wconf 89' lang='lat' dir='ltr'>qui</span> <span class='ocrx_word' id='word_1_32' title='bbox 656 750 765 828; x_wconf 86' lang='lat' dir='ltr'>poenis</span> <span class='ocrx_word' id='word_1_33' title='bbox 788 751 903 810; x_wconf 90' lang='lat' dir='ltr'>instant</span> <span class='ocrx_word' id='word_1_34' title='bbox 927 751 1187 830; x_wconf 88' lang='lat' dir='ltr'>reproborum.»</span> <span class='ocrx_word' id='word_1_35' title='bbox 1213 751 1268 813; x_wconf 88' lang='lat' dir='ltr'>Ni·</span> 
     </span>
     <span class='ocr_line' id='line_1_5' title="bbox 147 849 1267 931; baseline 0.002 -19"><span class='ocrx_word' id='word_1_36' title='bbox 147 849 330 914; x_wconf 89' lang='lat' dir='ltr'>hilomiuus</span> <span class='ocrx_word' id='word_1_37' title='bbox 351 851 500 929; x_wconf 90' lang='lat' dir='ltr'>discipuli</span> <span class='ocrx_word' id='word_1_38' title='bbox 529 853 615 923; x_wconf 88' lang='lat' dir='ltr'>mei,</span> <span class='ocrx_word' id='word_1_39' title='bbox 646 851 711 912; x_wconf 91' lang='lat' dir='ltr'>noti</span> <span class='ocrx_word' id='word_1_40' title='bbox 736 854 796 913; x_wconf 87' lang='lat' dir='ltr'>mei</span> <span class='ocrx_word' id='word_1_41' title='bbox 819 851 949 925; x_wconf 90' lang='lat' dir='ltr'>cuncti,</span> <span class='ocrx_word' id='word_1_42' title='bbox 973 852 1029 931; x_wconf 92' lang='lat' dir='ltr'>qui</span> <span class='ocrx_word' id='word_1_43' title='bbox 1058 854 1267 915; x_wconf 89' lang='lat' dir='ltr'>novissimum</span> 
     </span>
     <span class='ocr_line' id='line_1_6' title="bbox 147 952 1266 1032; baseline 0.003 -19"><span class='ocrx_word' id='word_1_44' title='bbox 147 968 261 1014; x_wconf 87' lang='lat' dir='ltr'>meum</span> <span class='ocrx_word' id='word_1_45' title='bbox 286 952 435 1016; x_wconf 83' lang='lat' dir='ltr'>viderunt</span> <span class='ocrx_word' id='word_1_46' title='bbox 461 953 540 1030; x_wconf 85' lang='lat' dir='ltr'>,rel</span> <span class='ocrx_word' id='word_1_47' title='bbox 562 970 578 1014; x_wconf 92' lang='lat' dir='ltr'>a</span> <span class='ocrx_word' id='word_1_48' title='bbox 602 953 789 1032; x_wconf 80' lang='lat' dir='ltr'>propinquis</span> <span class='ocrx_word' id='word_1_49' title='bbox 812 953 885 1015; x_wconf 93' lang='lat' dir='ltr'>loco</span> <span class='ocrx_word' id='word_1_50' title='bbox 915 962 946 1015; x_wconf 93' lang='lat' dir='ltr'>et</span> <span class='ocrx_word' id='word_1_51' title='bbox 977 961 1083 1016; x_wconf 91' lang='lat' dir='ltr'>aetate</span> <span class='ocrx_word' id='word_1_52' title='bbox 1104 954 1266 1030; x_wconf 76' lang='lat' dir='ltr'>didicere,</span> 
     </span>
     <span class='ocr_line' id='line_1_7' title="bbox 149 1053 1270 1135; baseline 0.004 -20"><span class='ocrx_word' id='word_1_53' title='bbox 149 1061 314 1135; x_wconf 81' lang='lat' dir='ltr'>martyros</span> <span class='ocrx_word' id='word_1_54' title='bbox 336 1061 367 1118; x_wconf 93' lang='lat' dir='ltr'>et</span> <span class='ocrx_word' id='word_1_55' title='bbox 389 1055 609 1130; x_wconf 75' lang='lat' dir='ltr'>confessores,</span> <span class='ocrx_word' id='word_1_56' title='bbox 632 1074 683 1118; x_wconf 91' lang='lat' dir='ltr'>mc</span> <span class='ocrx_word' id='word_1_57' title='bbox 705 1056 736 1117; x_wconf 91' lang='lat' dir='ltr'>in</span> <span class='ocrx_word' id='word_1_58' title='bbox 759 1054 902 1118; x_wconf 77' lang='lat' dir='ltr'>Ecclesia</span> <span class='ocrx_word' id='word_1_59' title='bbox 926 1053 1043 1120; x_wconf 75' lang='lat' dir='ltr'>Christi</span> <span class='ocrx_word' id='word_1_60' title='bbox 1075 1057 1126 1134; x_wconf 92' lang='lat' dir='ltr'>pio</span> <span class='ocrx_word' id='word_1_61' title='bbox 1156 1056 1270 1119; x_wconf 90' lang='lat' dir='ltr'>delun·</span> 
     </span>
     <span class='ocr_line' id='line_1_8' title="bbox 149 1155 1269 1237; baseline 0 -18"><span class='ocrx_word' id='word_1_62' title='bbox 149 1165 243 1219; x_wconf 90' lang='lat' dir='ltr'>otum</span> <span class='ocrx_word' id='word_1_63' title='bbox 267 1157 461 1220; x_wconf 85' lang='lat' dir='ltr'>comitentur</span> <span class='ocrx_word' id='word_1_64' title='bbox 485 1158 660 1220; x_wconf 86' lang='lat' dir='ltr'>unanimes.</span> <span class='ocrx_word' id='word_1_65' title='bbox 678 1155 720 1220; x_wconf 92' lang='lat' dir='ltr'>Et</span> <span class='ocrx_word' id='word_1_66' title='bbox 740 1158 801 1219; x_wconf 91' lang='lat' dir='ltr'>hoc</span> <span class='ocrx_word' id='word_1_67' title='bbox 821 1158 1032 1237; x_wconf 85' lang='lat' dir='ltr'>sepulchrum</span> <span class='ocrx_word' id='word_1_68' title='bbox 1055 1158 1210 1220; x_wconf 88' lang='lat' dir='ltr'>adversus</span> <span class='ocrx_word' id='word_1_69' title='bbox 1231 1161 1269 1220; x_wconf 96' lang='lat' dir='ltr'>il-</span> 
     </span>
    </p>
   </div>
   <div class='ocr_carea' id='block_1_2' title="bbox 150 1256 1364 1338">
    <p class='ocr_par' dir='ltr' id='par_1_2' title="bbox 150 1256 1364 1338">
     <span class='ocr_line' id='line_1_9' title="bbox 150 1256 1364 1338; baseline 0.003 -20"><span class='ocrx_word' id='word_1_70' title='bbox 150 1256 204 1319; x_wconf 86' lang='lat' dir='ltr'>los</span> <span class='ocrx_word' id='word_1_71' title='bbox 229 1260 445 1320; x_wconf 89' lang='lat' dir='ltr'>testimonium</span> <span class='ocrx_word' id='word_1_72' title='bbox 469 1258 628 1338; x_wconf 88' lang='lat' dir='ltr'>perhibet.</span> <span class='ocrx_word' id='word_1_73' title='bbox 656 1257 695 1321; x_wconf 92' lang='lat' dir='ltr'>Et</span> <span class='ocrx_word' id='word_1_74' title='bbox 726 1277 788 1320; x_wconf 91' lang='lat' dir='ltr'>non</span> <span class='ocrx_word' id='word_1_75' title='bbox 820 1259 926 1322; x_wconf 90' lang='lat' dir='ltr'>solum</span> <span class='ocrx_word' id='word_1_76' title='bbox 949 1261 980 1321; x_wconf 93' lang='lat' dir='ltr'>in</span> <span class='ocrx_word' id='word_1_77' title='bbox 1003 1277 1057 1320; x_wconf 90' lang='lat' dir='ltr'>eos</span> <span class='ocrx_word' id='word_1_78' title='bbox 1081 1259 1132 1319; x_wconf 85' lang='lat' dir='ltr'>vel</span> <span class='ocrx_word' id='word_1_79' title='bbox 1156 1259 1270 1321; x_wconf 87' lang='lat' dir='ltr'>illusos</span> <span class='ocrx_word' id='word_1_80' title='bbox 1360 1267 1364 1273; x_wconf 84' lang='lat'>&#39;</span> 
     </span>
    </p>
   </div>
   <div class='ocr_carea' id='block_1_3' title="bbox 140 1358 1348 4271">
    <p class='ocr_par' dir='ltr' id='par_1_3' title="bbox 149 1358 1270 1745">
     <span class='ocr_line' id='line_1_10' title="bbox 149 1358 1268 1439; baseline 0.003 -20"><span class='ocrx_word' id='word_1_81' title='bbox 149 1364 212 1421; x_wconf 86' lang='lat' dir='ltr'>aut</span> <span class='ocrx_word' id='word_1_82' title='bbox 233 1358 373 1438; x_wconf 79' lang='lat' dir='ltr'>perfidos</span> <span class='ocrx_word' id='word_1_83' title='bbox 394 1359 576 1423; x_wconf 90' lang='lat' dir='ltr'>obtestatur</span> <span class='ocrx_word' id='word_1_84' title='bbox 587 1379 599 1438; x_wconf 78' lang='lat'><em>3</em></span> <span class='ocrx_word' id='word_1_85' title='bbox 621 1358 674 1421; x_wconf 92' lang='lat' dir='ltr'>sed</span> <span class='ocrx_word' id='word_1_86' title='bbox 705 1368 736 1422; x_wconf 90' lang='lat' dir='ltr'>et</span> <span class='ocrx_word' id='word_1_87' title='bbox 767 1359 924 1423; x_wconf 89' lang='lat' dir='ltr'>adversus</span> <span class='ocrx_word' id='word_1_88' title='bbox 958 1360 1177 1421; x_wconf 87' lang='lat' dir='ltr'>recentiores:</span> <span class='ocrx_word' id='word_1_89' title='bbox 1211 1359 1268 1439; x_wconf 84' lang='lat' dir='ltr'>qui</span> 
     </span>
     <span class='ocr_line' id='line_1_11' title="bbox 150 1457 1268 1542; baseline 0.002 -21"><span class='ocrx_word' id='word_1_90' title='bbox 150 1457 263 1522; x_wconf 88' lang='lat' dir='ltr'>adhue</span> <span class='ocrx_word' id='word_1_91' title='bbox 285 1459 402 1539; x_wconf 87' lang='lat' dir='ltr'>gestire</span> <span class='ocrx_word' id='word_1_92' title='bbox 424 1461 481 1523; x_wconf 87' lang='lat' dir='ltr'>visi</span> <span class='ocrx_word' id='word_1_93' title='bbox 502 1461 542 1524; x_wconf 89' lang='lat' dir='ltr'>de</span> <span class='ocrx_word' id='word_1_94' title='bbox 563 1478 633 1523; x_wconf 90' lang='lat' dir='ltr'>mea</span> <span class='ocrx_word' id='word_1_95' title='bbox 666 1461 869 1542; x_wconf 89' lang='lat' dir='ltr'>perditione,</span> <span class='ocrx_word' id='word_1_96' title='bbox 901 1459 1140 1523; x_wconf 85' lang='lat' dir='ltr'>contradicendi</span> <span class='ocrx_word' id='word_1_97' title='bbox 1171 1479 1268 1523; x_wconf 87' lang='lat' dir='ltr'>causa</span> 
     </span>
     <span class='ocr_line' id='line_1_12' title="bbox 149 1563 1270 1645; baseline 0.001 -22"><span class='ocrx_word' id='word_1_98' title='bbox 149 1563 448 1640; x_wconf 71' lang='lat' dir='ltr'>patrocinatoribus</span> <span class='ocrx_word' id='word_1_99' title='bbox 465 1564 555 1639; x_wconf 89' lang='lat' dir='ltr'>meis,</span> <span class='ocrx_word' id='word_1_100' title='bbox 574 1564 789 1645; x_wconf 87' lang='lat' dir='ltr'>undequaque</span> <span class='ocrx_word' id='word_1_101' title='bbox 810 1565 868 1627; x_wconf 89' lang='lat' dir='ltr'>etsi</span> <span class='ocrx_word' id='word_1_102' title='bbox 885 1579 1066 1644; x_wconf 82' lang='lat' dir='ltr'>perperam,</span> <span class='ocrx_word' id='word_1_103' title='bbox 1083 1578 1270 1626; x_wconf 88' lang='lat' dir='ltr'>monumen·</span> 
     </span>
     <span class='ocr_line' id='line_1_13' title="bbox 151 1663 872 1745; baseline 0.001 -21"><span class='ocrx_word' id='word_1_104' title='bbox 151 1668 184 1725; x_wconf 89' lang='lat' dir='ltr'>ta</span> <span class='ocrx_word' id='word_1_105' title='bbox 210 1663 382 1739; x_wconf 87' lang='lat' dir='ltr'>rimantur,</span> <span class='ocrx_word' id='word_1_106' title='bbox 405 1665 672 1745; x_wconf 82' lang='lat' dir='ltr'>interpretantur,</span> <span class='ocrx_word' id='word_1_107' title='bbox 696 1666 872 1729; x_wconf 90' lang='lat' dir='ltr'>enuntiant.</span> 
     </span>
    </p>

    <p class='ocr_par' dir='ltr' id='par_1_4' title="bbox 147 1762 1270 2757">
     <span class='ocr_line' id='line_1_14' title="bbox 235 1762 1270 1845; baseline 0.005 -21"><span class='ocrx_word' id='word_1_108' title='bbox 235 1762 339 1826; x_wconf 86' lang='lat' dir='ltr'>Porro</span> <span class='ocrx_word' id='word_1_109' title='bbox 360 1782 434 1827; x_wconf 93' lang='lat' dir='ltr'>cum</span> <span class='ocrx_word' id='word_1_110' title='bbox 457 1766 518 1828; x_wconf 92' lang='lat' dir='ltr'>rito</span> <span class='ocrx_word' id='word_1_111' title='bbox 539 1783 656 1829; x_wconf 89' lang='lat' dir='ltr'>causae</span> <span class='ocrx_word' id='word_1_112' title='bbox 679 1785 769 1829; x_wconf 90' lang='lat' dir='ltr'>meae</span> <span class='ocrx_word' id='word_1_113' title='bbox 791 1766 1042 1845; x_wconf 83' lang='lat' dir='ltr'>recognitionem</span> <span class='ocrx_word' id='word_1_114' title='bbox 1067 1771 1157 1845; x_wconf 89' lang='lat' dir='ltr'>peto,</span> <span class='ocrx_word' id='word_1_115' title='bbox 1182 1784 1270 1829; x_wconf 87' lang='lat' dir='ltr'>eam·</span> 
     </span>
     <span class='ocr_line' id='line_1_15' title="bbox 150 1864 1266 1940; baseline 0.005 -16"><span class='ocrx_word' id='word_1_116' title='bbox 150 1864 225 1926; x_wconf 88' lang='lat' dir='ltr'>dem</span> <span class='ocrx_word' id='word_1_117' title='bbox 249 1867 428 1928; x_wconf 89' lang='lat' dir='ltr'>necessario</span> <span class='ocrx_word' id='word_1_118' title='bbox 451 1869 698 1940; x_wconf 88' lang='lat' dir='ltr'>monachorum,</span> <span class='ocrx_word' id='word_1_119' title='bbox 715 1877 746 1930; x_wconf 94' lang='lat' dir='ltr'>et</span> <span class='ocrx_word' id='word_1_120' title='bbox 761 1869 902 1932; x_wconf 88' lang='lat' dir='ltr'>aliorum</span> <span class='ocrx_word' id='word_1_121' title='bbox 919 1876 1108 1930; x_wconf 90' lang='lat' dir='ltr'>sanctorum</span> <span class='ocrx_word' id='word_1_122' title='bbox 1133 1867 1266 1932; x_wconf 83' lang='lat' dir='ltr'>Patruus</span> 
     </span>
     <span class='ocr_line' id='line_1_16' title="bbox 148 1967 1266 2050; baseline 0.004 -23"><span class='ocrx_word' id='word_1_123' title='bbox 148 1967 298 2045; x_wconf 73' lang='lat' dir='ltr'>eiusdem</span> <span class='ocrx_word' id='word_1_124' title='bbox 331 1967 576 2031; x_wconf 81' lang='lat' dir='ltr'>insimulationis</span> <span class='ocrx_word' id='word_1_125' title='bbox 598 1970 814 2050; x_wconf 85' lang='lat' dir='ltr'>participum,</span> <span class='ocrx_word' id='word_1_126' title='bbox 837 1987 955 2033; x_wconf 89' lang='lat' dir='ltr'>causae</span> <span class='ocrx_word' id='word_1_127' title='bbox 988 1969 1178 2031; x_wconf 90' lang='lat' dir='ltr'>revisionom</span> <span class='ocrx_word' id='word_1_128' title='bbox 1210 1988 1266 2049; x_wconf 90' lang='lat' dir='ltr'>po-</span> 
     </span>
     <span class='ocr_line' id='line_1_17' title="bbox 148 2065 1268 2147; baseline 0.004 -19"><span class='ocrx_word' id='word_1_129' title='bbox 148 2069 253 2129; x_wconf 86' lang='lat' dir='ltr'>stulo.</span> <span class='ocrx_word' id='word_1_130' title='bbox 278 2065 345 2131; x_wconf 92' lang='lat' dir='ltr'>Una</span> <span class='ocrx_word' id='word_1_131' title='bbox 376 2071 459 2130; x_wconf 88' lang='lat' dir='ltr'>enim</span> <span class='ocrx_word' id='word_1_132' title='bbox 483 2071 513 2130; x_wconf 91' lang='lat' dir='ltr'>in</span> <span class='ocrx_word' id='word_1_133' title='bbox 536 2088 585 2132; x_wconf 90' lang='lat' dir='ltr'>mo</span> <span class='ocrx_word' id='word_1_134' title='bbox 608 2082 640 2134; x_wconf 90' lang='lat' dir='ltr'>et</span> <span class='ocrx_word' id='word_1_135' title='bbox 661 2072 691 2132; x_wconf 93' lang='lat' dir='ltr'>in</span> <span class='ocrx_word' id='word_1_136' title='bbox 713 2090 768 2134; x_wconf 92' lang='lat' dir='ltr'>eos</span> <span class='ocrx_word' id='word_1_137' title='bbox 801 2077 849 2134; x_wconf 85' lang='lat' dir='ltr'>est</span> <span class='ocrx_word' id='word_1_138' title='bbox 878 2067 1081 2147; x_wconf 80' lang='lat' dir='ltr'>criminati03</span> <span class='ocrx_word' id='word_1_139' title='bbox 1104 2078 1136 2132; x_wconf 90' lang='lat' dir='ltr'>et</span> <span class='ocrx_word' id='word_1_140' title='bbox 1166 2087 1268 2132; x_wconf 92' lang='lat' dir='ltr'>unum</span> 
     </span>
     <span class='ocr_line' id='line_1_18' title="bbox 149 2169 1265 2253; baseline 0.004 -25"><span class='ocrx_word' id='word_1_141' title='bbox 149 2171 254 2248; x_wconf 90' lang='lat' dir='ltr'>igitur</span> <span class='ocrx_word' id='word_1_142' title='bbox 280 2169 430 2248; x_wconf 88' lang='lat' dir='ltr'>idemque</span> <span class='ocrx_word' id='word_1_143' title='bbox 452 2170 641 2235; x_wconf 82' lang='lat' dir='ltr'>ostensionis</span> <span class='ocrx_word' id='word_1_144' title='bbox 660 2173 714 2253; x_wconf 81' lang='lat' dir='ltr'>jhs</span> <span class='ocrx_word' id='word_1_145' title='bbox 736 2182 804 2248; x_wconf 89' lang='lat' dir='ltr'>est,</span> <span class='ocrx_word' id='word_1_146' title='bbox 828 2172 915 2253; x_wconf 92' lang='lat' dir='ltr'>quod</span> <span class='ocrx_word' id='word_1_147' title='bbox 938 2190 956 2233; x_wconf 88' lang='lat' dir='ltr'>a</span> <span class='ocrx_word' id='word_1_148' title='bbox 980 2190 1030 2233; x_wconf 90' lang='lat' dir='ltr'>mo</span> <span class='ocrx_word' id='word_1_149' title='bbox 1052 2172 1241 2250; x_wconf 89' lang='lat' dir='ltr'>postulatur</span> <span class='ocrx_word' id='word_1_150' title='bbox 1254 2191 1265 2249; x_wconf 85' lang='lat'>3</span> 
     </span>
     <span class='ocr_line' id='line_1_19' title="bbox 149 2271 1268 2353; baseline -0.001 -18"><span class='ocrx_word' id='word_1_151' title='bbox 149 2273 206 2335; x_wconf 82' lang='lat' dir='ltr'>sui</span> <span class='ocrx_word' id='word_1_152' title='bbox 229 2272 437 2350; x_wconf 87' lang='lat' dir='ltr'>postulationi</span> <span class='ocrx_word' id='word_1_153' title='bbox 459 2291 568 2335; x_wconf 90' lang='lat' dir='ltr'>omncs</span> <span class='ocrx_word' id='word_1_154' title='bbox 590 2275 706 2353; x_wconf 84' lang='lat' dir='ltr'>prisci,</span> <span class='ocrx_word' id='word_1_155' title='bbox 731 2274 872 2353; x_wconf 83' lang='lat' dir='ltr'>exceptis</span> <span class='ocrx_word' id='word_1_156' title='bbox 894 2272 1075 2353; x_wconf 82' lang='lat' dir='ltr'>Theophila</span> <span class='ocrx_word' id='word_1_157' title='bbox 1098 2282 1129 2334; x_wconf 90' lang='lat' dir='ltr'>et</span> <span class='ocrx_word' id='word_1_158' title='bbox 1150 2271 1268 2334; x_wconf 88' lang='lat' dir='ltr'>Hiero·</span> 
     </span>
     <span class='ocr_line' id='line_1_20' title="bbox 149 2373 1266 2456; baseline 0.001 -21"><span class='ocrx_word' id='word_1_159' title='bbox 149 2390 252 2456; x_wconf 84' lang='lat' dir='ltr'>uymo</span> <span class='ocrx_word' id='word_1_160' title='bbox 272 2374 503 2453; x_wconf 77' lang='lat' dir='ltr'>suffragantur.</span> <span class='ocrx_word' id='word_1_161' title='bbox 530 2373 632 2438; x_wconf 85' lang='lat' dir='ltr'>Sicuti</span> <span class='ocrx_word' id='word_1_162' title='bbox 656 2376 852 2438; x_wconf 88' lang='lat' dir='ltr'>tantumdem</span> <span class='ocrx_word' id='word_1_163' title='bbox 881 2376 999 2456; x_wconf 84' lang='lat' dir='ltr'>prolis</span> <span class='ocrx_word' id='word_1_164' title='bbox 1022 2377 1137 2437; x_wconf 88' lang='lat' dir='ltr'>merito</span> <span class='ocrx_word' id='word_1_165' title='bbox 1167 2383 1266 2454; x_wconf 87' lang='lat' dir='ltr'>peto,</span> 
     </span>
     <span class='ocr_line' id='line_1_21' title="bbox 147 2474 1269 2557; baseline 0 -21"><span class='ocrx_word' id='word_1_166' title='bbox 147 2474 207 2554; x_wconf 92' lang='lat' dir='ltr'>qui</span> <span class='ocrx_word' id='word_1_167' title='bbox 229 2475 314 2536; x_wconf 87' lang='lat' dir='ltr'>cirea</span> <span class='ocrx_word' id='word_1_168' title='bbox 337 2475 455 2554; x_wconf 82' lang='lat' dir='ltr'>Synodi</span> <span class='ocrx_word' id='word_1_169' title='bbox 479 2474 516 2539; x_wconf 87' lang='lat' dir='ltr'>V.</span> <span class='ocrx_word' id='word_1_170' title='bbox 539 2484 699 2552; x_wconf 86' lang='lat' dir='ltr'>aetatem,</span> <span class='ocrx_word' id='word_1_171' title='bbox 725 2477 869 2540; x_wconf 87' lang='lat' dir='ltr'>camdem</span> <span class='ocrx_word' id='word_1_172' title='bbox 893 2477 975 2557; x_wconf 90' lang='lat' dir='ltr'>passi</span> <span class='ocrx_word' id='word_1_173' title='bbox 996 2483 1072 2538; x_wconf 92' lang='lat' dir='ltr'>sunt</span> <span class='ocrx_word' id='word_1_174' title='bbox 1102 2475 1269 2537; x_wconf 88' lang='lat' dir='ltr'>insimula-</span> 
     </span>
     <span class='ocr_line' id='line_1_22' title="bbox 148 2577 1268 2658; baseline 0.004 -23"><span class='ocrx_word' id='word_1_175' title='bbox 148 2577 285 2648; x_wconf 88' lang='lat' dir='ltr'>tionem,</span> <span class='ocrx_word' id='word_1_176' title='bbox 302 2577 450 2639; x_wconf 85' lang='lat' dir='ltr'>mbnachi</span> <span class='ocrx_word' id='word_1_177' title='bbox 466 2578 630 2656; x_wconf 83' lang='lat' dir='ltr'>palaestini</span> <span class='ocrx_word' id='word_1_178' title='bbox 652 2596 690 2639; x_wconf 88' lang='lat' dir='ltr'>ao</span> <span class='ocrx_word' id='word_1_179' title='bbox 712 2579 842 2658; x_wconf 89' lang='lat' dir='ltr'>quidam</span> <span class='ocrx_word' id='word_1_180' title='bbox 865 2579 1006 2658; x_wconf 85' lang='lat' dir='ltr'>episcopi</span> <span class='ocrx_word' id='word_1_181' title='bbox 1027 2577 1218 2652; x_wconf 78' lang='lat' dir='ltr'>orthodoxi,</span> <span class='ocrx_word' id='word_1_182' title='bbox 1235 2586 1268 2639; x_wconf 93' lang='lat' dir='ltr'>et</span> 
     </span>
     <span class='ocr_line' id='line_1_23' title="bbox 147 2677 891 2757; baseline 0.005 -20"><span class='ocrx_word' id='word_1_183' title='bbox 147 2677 191 2737; x_wconf 92' lang='lat' dir='ltr'>ab</span> <span class='ocrx_word' id='word_1_184' title='bbox 214 2677 300 2737; x_wconf 89' lang='lat' dir='ltr'>omni</span> <span class='ocrx_word' id='word_1_185' title='bbox 324 2678 496 2740; x_wconf 90' lang='lat' dir='ltr'>haereseos</span> <span class='ocrx_word' id='word_1_186' title='bbox 517 2679 699 2757; x_wconf 87' lang='lat' dir='ltr'>suspicione</span> <span class='ocrx_word' id='word_1_187' title='bbox 722 2681 891 2743; x_wconf 88' lang='lat' dir='ltr'>immunes.</span> 
     </span>
    </p>

    <p class='ocr_par' dir='ltr' id='par_1_5' title="bbox 140 2776 1348 4271">
     <span class='ocr_line' id='line_1_24' title="bbox 226 2776 1266 2859; baseline 0.001 -20"><span class='ocrx_word' id='word_1_188' title='bbox 226 2776 303 2840; x_wconf 88' lang='lat' dir='ltr'>Post</span> <span class='ocrx_word' id='word_1_189' title='bbox 318 2779 409 2854; x_wconf 88' lang='lat' dir='ltr'>hace,</span> <span class='ocrx_word' id='word_1_190' title='bbox 424 2781 450 2842; x_wconf 93' lang='lat' dir='ltr'>si</span> <span class='ocrx_word' id='word_1_191' title='bbox 461 2778 629 2858; x_wconf 82' lang='lat' dir='ltr'>Origenes,</span> <span class='ocrx_word' id='word_1_192' title='bbox 644 2782 790 2842; x_wconf 86' lang='lat' dir='ltr'>monachi</span> <span class='ocrx_word' id='word_1_193' title='bbox 806 2782 984 2854; x_wconf 87' lang='lat' dir='ltr'>nitrienses,</span> <span class='ocrx_word' id='word_1_194' title='bbox 1000 2779 1179 2859; x_wconf 90' lang='lat' dir='ltr'>palaestini,</span> <span class='ocrx_word' id='word_1_195' title='bbox 1196 2779 1266 2840; x_wconf 64' lang='lat' dir='ltr'>alii-¹</span> 
     </span>
     <span class='ocr_line' id='line_1_25' title="bbox 147 2877 1262 2962; baseline 0.002 -21"><span class='ocrx_word' id='word_1_196' title='bbox 147 2896 219 2959; x_wconf 90' lang='lat' dir='ltr'>que</span> <span class='ocrx_word' id='word_1_197' title='bbox 239 2877 404 2942; x_wconf 88' lang='lat' dir='ltr'>Ecclesiae</span> <span class='ocrx_word' id='word_1_198' title='bbox 427 2877 582 2944; x_wconf 86' lang='lat' dir='ltr'>Doctores</span> <span class='ocrx_word' id='word_1_199' title='bbox 604 2891 636 2943; x_wconf 91' lang='lat' dir='ltr'>et</span> <span class='ocrx_word' id='word_1_200' title='bbox 657 2890 819 2962; x_wconf 91' lang='lat' dir='ltr'>quotquot</span> <span class='ocrx_word' id='word_1_201' title='bbox 848 2883 947 2960; x_wconf 92' lang='lat' dir='ltr'>ipsius</span> <span class='ocrx_word' id='word_1_202' title='bbox 976 2880 1124 2959; x_wconf 82' lang='lat' dir='ltr'>Origenis</span> <span class='ocrx_word' id='word_1_203' title='bbox 1156 2889 1262 2960; x_wconf 87' lang='lat' dir='ltr'>partes</span> 
     </span>
     <span class='ocr_line' id='line_1_26' title="bbox 145 2981 1267 3060; baseline -0.001 -17"><span class='ocrx_word' id='word_1_204' title='bbox 145 2988 387 3058; x_wconf 85' lang='lat' dir='ltr'>susceperunt,</span> <span class='ocrx_word' id='word_1_205' title='bbox 409 2998 488 3044; x_wconf 87' lang='lat' dir='ltr'>suae</span> <span class='ocrx_word' id='word_1_206' title='bbox 510 2999 626 3044; x_wconf 91' lang='lat' dir='ltr'>eausne</span> <span class='ocrx_word' id='word_1_207' title='bbox 649 2985 839 3045; x_wconf 76' lang='lat' dir='ltr'>recisionem</span> <span class='ocrx_word' id='word_1_208' title='bbox 864 2991 1033 3060; x_wconf 88' lang='lat' dir='ltr'>repetant,</span> <span class='ocrx_word' id='word_1_209' title='bbox 1057 2981 1142 3045; x_wconf 80' lang='lat' dir='ltr'>haud</span> <span class='ocrx_word' id='word_1_210' title='bbox 1170 2983 1267 3044; x_wconf 89' lang='lat' dir='ltr'>alitor</span> 
     </span>
     <span class='ocr_line' id='line_1_27' title="bbox 145 3075 1264 3163; baseline 0.002 -23"><span class='ocrx_word' id='word_1_211' title='bbox 145 3077 290 3158; x_wconf 78' lang='lat' dir='ltr'>vigilius</span> <span class='ocrx_word' id='word_1_212' title='bbox 312 3075 397 3159; x_wconf 83' lang='lat' dir='ltr'>Papa</span> <span class='ocrx_word' id='word_1_213' title='bbox 420 3090 453 3144; x_wconf 88' lang='lat' dir='ltr'>et</span> <span class='ocrx_word' id='word_1_214' title='bbox 472 3080 672 3146; x_wconf 88' lang='lat' dir='ltr'>Justinianus</span> <span class='ocrx_word' id='word_1_215' title='bbox 691 3086 869 3162; x_wconf 84' lang='lat' dir='ltr'>imperetur</span> <span class='ocrx_word' id='word_1_216' title='bbox 880 3083 956 3163; x_wconf 86' lang='lat' dir='ltr'>jure</span> <span class='ocrx_word' id='word_1_217' title='bbox 974 3085 1091 3145; x_wconf 87' lang='lat' dir='ltr'>instant</span> <span class='ocrx_word' id='word_1_218' title='bbox 1106 3085 1164 3162; x_wconf 91' lang='lat' dir='ltr'>ipsi</span> <span class='ocrx_word' id='word_1_219' title='bbox 1183 3103 1264 3161; x_wconf 90' lang='lat' dir='ltr'>qun·</span> 
     </span>
     <span class='ocr_line' id='line_1_28' title="bbox 146 3181 1265 3264; baseline 0 -19"><span class='ocrx_word' id='word_1_220' title='bbox 146 3199 217 3263; x_wconf 87' lang='lat' dir='ltr'>quc</span> <span class='ocrx_word' id='word_1_221' title='bbox 238 3199 299 3260; x_wconf 94' lang='lat' dir='ltr'>pro</span> <span class='ocrx_word' id='word_1_222' title='bbox 320 3200 437 3246; x_wconf 87' lang='lat' dir='ltr'>causae</span> <span class='ocrx_word' id='word_1_223' title='bbox 458 3202 536 3247; x_wconf 89' lang='lat' dir='ltr'>suae</span> <span class='ocrx_word' id='word_1_224' title='bbox 559 3185 786 3264; x_wconf 82' lang='lat' dir='ltr'>recognitione.</span> <span class='ocrx_word' id='word_1_225' title='bbox 803 3183 872 3249; x_wconf 89' lang='lat' dir='ltr'>Neo</span> <span class='ocrx_word' id='word_1_226' title='bbox 893 3185 976 3245; x_wconf 89' lang='lat' dir='ltr'>cuim</span> <span class='ocrx_word' id='word_1_227' title='bbox 1000 3202 1095 3257; x_wconf 90' lang='lat' dir='ltr'>unus,</span> <span class='ocrx_word' id='word_1_228' title='bbox 1113 3183 1193 3245; x_wconf 91' lang='lat' dir='ltr'>idest</span> <span class='ocrx_word' id='word_1_229' title='bbox 1211 3181 1265 3245; x_wconf 91' lang='lat' dir='ltr'>Vi·</span> 
     </span>
     <span class='ocr_line' id='line_1_29' title="bbox 147 3281 1348 3362; baseline 0.002 -21"><span class='ocrx_word' id='word_1_230' title='bbox 147 3281 250 3360; x_wconf 91' lang='lat' dir='ltr'>gilius</span> <span class='ocrx_word' id='word_1_231' title='bbox 273 3300 414 3360; x_wconf 88' lang='lat' dir='ltr'>unquam</span> <span class='ocrx_word' id='word_1_232' title='bbox 444 3285 675 3362; x_wconf 88' lang='lat' dir='ltr'>acephalorum</span> <span class='ocrx_word' id='word_1_233' title='bbox 707 3285 830 3345; x_wconf 87' lang='lat' dir='ltr'>ltacrusi</span> <span class='ocrx_word' id='word_1_234' title='bbox 862 3284 1081 3362; x_wconf 88' lang='lat' dir='ltr'>patrocinatus</span> <span class='ocrx_word' id='word_1_235' title='bbox 1112 3288 1183 3360; x_wconf 86' lang='lat' dir='ltr'>est;</span> <span class='ocrx_word' id='word_1_236' title='bbox 1207 3301 1264 3344; x_wconf 85' lang='lat' dir='ltr'>neo</span> <span class='ocrx_word' id='word_1_237' title='bbox 1346 3332 1348 3336; x_wconf 92' lang='lat'>.</span> 
     </span>
     <span class='ocr_line' id='line_1_30' title="bbox 146 3383 1261 3463; baseline 0 -19"><span class='ocrx_word' id='word_1_238' title='bbox 146 3385 310 3458; x_wconf 89' lang='lat' dir='ltr'>intrusus,</span> <span class='ocrx_word' id='word_1_239' title='bbox 327 3397 432 3463; x_wconf 84' lang='lat' dir='ltr'>neque</span> <span class='ocrx_word' id='word_1_240' title='bbox 452 3385 647 3448; x_wconf 87' lang='lat' dir='ltr'>simoniacus</span> <span class='ocrx_word' id='word_1_241' title='bbox 672 3383 757 3449; x_wconf 86' lang='lat' dir='ltr'>Petri</span> <span class='ocrx_word' id='word_1_242' title='bbox 780 3385 974 3448; x_wconf 81' lang='lat' dir='ltr'>Catbedrans</span> <span class='ocrx_word' id='word_1_243' title='bbox 997 3384 1227 3463; x_wconf 78' lang='lat' dir='ltr'>ascendi13snd</span> <span class='ocrx_word' id='word_1_244' title='bbox 1245 3401 1261 3444; x_wconf 94' lang='lat' dir='ltr'>a</span> 
     </span>
     <span class='ocr_line' id='line_1_31' title="bbox 146 3480 1265 3566; baseline 0.003 -22"><span class='ocrx_word' id='word_1_245' title='bbox 146 3480 220 3546; x_wconf 82' lang='lat' dir='ltr'>Deo</span> <span class='ocrx_word' id='word_1_246' title='bbox 245 3495 388 3558; x_wconf 68' lang='lat' dir='ltr'>narratus,</span> <span class='ocrx_word' id='word_1_247' title='bbox 413 3488 565 3548; x_wconf 89' lang='lat' dir='ltr'>canonice</span> <span class='ocrx_word' id='word_1_248' title='bbox 586 3487 709 3548; x_wconf 88' lang='lat' dir='ltr'>clectus</span> <span class='ocrx_word' id='word_1_249' title='bbox 732 3495 779 3548; x_wconf 90' lang='lat' dir='ltr'>ost</span> <span class='ocrx_word' id='word_1_250' title='bbox 802 3492 838 3549; x_wconf 92' lang='lat' dir='ltr'>ut</span> <span class='ocrx_word' id='word_1_251' title='bbox 861 3485 1039 3550; x_wconf 82' lang='lat' dir='ltr'>Ecclesiam</span> <span class='ocrx_word' id='word_1_252' title='bbox 1061 3505 1151 3549; x_wconf 89' lang='lat' dir='ltr'>suam</span> <span class='ocrx_word' id='word_1_253' title='bbox 1175 3505 1265 3566; x_wconf 88' lang='lat' dir='ltr'>rege·</span> 
     </span>
     <span class='ocr_line' id='line_1_32' title="bbox 142 3583 1264 3667; baseline 0 -19"><span class='ocrx_word' id='word_1_254' title='bbox 142 3593 210 3648; x_wconf 86' lang='lat' dir='ltr'>ret.</span> <span class='ocrx_word' id='word_1_255' title='bbox 235 3583 271 3645; x_wconf 96' lang='lat' dir='ltr'>ln</span> <span class='ocrx_word' id='word_1_256' title='bbox 292 3586 386 3666; x_wconf 88' lang='lat' dir='ltr'>cujus</span> <span class='ocrx_word' id='word_1_257' title='bbox 408 3589 562 3665; x_wconf 87' lang='lat' dir='ltr'>regimine</span> <span class='ocrx_word' id='word_1_258' title='bbox 584 3591 745 3664; x_wconf 88' lang='lat' dir='ltr'>sapienter</span> <span class='ocrx_word' id='word_1_259' title='bbox 770 3589 1015 3667; x_wconf 89' lang='lat' dir='ltr'>prudenterque</span> <span class='ocrx_word' id='word_1_260' title='bbox 1047 3607 1165 3667; x_wconf 88' lang='lat' dir='ltr'>agens,</span> <span class='ocrx_word' id='word_1_261' title='bbox 1190 3607 1264 3651; x_wconf 91' lang='lat' dir='ltr'>con·</span> 
     </span>
     <span class='ocr_line' id='line_1_33' title="bbox 145 3686 1267 3766; baseline 0.002 -18"><span class='ocrx_word' id='word_1_262' title='bbox 145 3686 307 3748; x_wconf 88' lang='lat' dir='ltr'>demnatis</span> <span class='ocrx_word' id='word_1_263' title='bbox 331 3687 677 3766; x_wconf 84' lang='lat' dir='ltr'>trium&#39;Capitulornm</span> <span class='ocrx_word' id='word_1_264' title='bbox 701 3686 935 3761; x_wconf 76' lang='lat' dir='ltr'>defensoribus,</span> <span class='ocrx_word' id='word_1_265' title='bbox 961 3689 1206 3752; x_wconf 87' lang='lat' dir='ltr'>immaculatum</span> <span class='ocrx_word' id='word_1_266' title='bbox 1233 3707 1267 3750; x_wconf 90' lang='lat' dir='ltr'>se</span> 
     </span>
     <span class='ocr_line' id='line_1_34' title="bbox 141 3786 1265 3867; baseline 0 -17"><span class='ocrx_word' id='word_1_267' title='bbox 141 3786 298 3850; x_wconf 76' lang='lat' dir='ltr'>exhihuit</span> <span class='ocrx_word' id='word_1_268' title='bbox 319 3787 358 3846; x_wconf 83' lang='lat' dir='ltr'>nb</span> <span class='ocrx_word' id='word_1_269' title='bbox 381 3789 466 3849; x_wconf 89' lang='lat' dir='ltr'>omni</span> <span class='ocrx_word' id='word_1_270' title='bbox 488 3789 595 3865; x_wconf 89' lang='lat' dir='ltr'>culpa.</span> <span class='ocrx_word' id='word_1_271' title='bbox 614 3787 682 3851; x_wconf 90' lang='lat' dir='ltr'>Nee</span> <span class='ocrx_word' id='word_1_272' title='bbox 704 3791 779 3850; x_wconf 86' lang='lat' dir='ltr'>item</span> <span class='ocrx_word' id='word_1_273' title='bbox 802 3790 897 3864; x_wconf 90' lang='lat' dir='ltr'>alter,</span> <span class='ocrx_word' id='word_1_274' title='bbox 916 3788 1118 3852; x_wconf 82' lang='lat' dir='ltr'>lastinianus</span> <span class='ocrx_word' id='word_1_275' title='bbox 1140 3808 1265 3867; x_wconf 80' lang='lat' dir='ltr'>nempe,</span> 
     </span>
     <span class='ocr_line' id='line_1_35' title="bbox 140 3883 1267 3968; baseline 0.004 -21"><span class='ocrx_word' id='word_1_276' title='bbox 140 3883 301 3963; x_wconf 87' lang='lat' dir='ltr'>praelatis</span> <span class='ocrx_word' id='word_1_277' title='bbox 323 3887 485 3966; x_wconf 83' lang='lat' dir='ltr'>acephalis</span> <span class='ocrx_word' id='word_1_278' title='bbox 508 3888 666 3949; x_wconf 90' lang='lat' dir='ltr'>consensit</span> <span class='ocrx_word' id='word_1_279' title='bbox 690 3906 856 3966; x_wconf 91' lang='lat' dir='ltr'>unquam,</span> <span class='ocrx_word' id='word_1_280' title='bbox 884 3908 942 3951; x_wconf 92' lang='lat' dir='ltr'>nco</span> <span class='ocrx_word' id='word_1_281' title='bbox 974 3887 1267 3968; x_wconf 77' lang='lat' dir='ltr'>incorruptibilium</span> 
     </span>
     <span class='ocr_line' id='line_1_36' title="bbox 140 3988 1265 4068; baseline 0 -16"><span class='ocrx_word' id='word_1_282' title='bbox 140 3989 253 4052; x_wconf 86' lang='lat' dir='ltr'>errori</span> <span class='ocrx_word' id='word_1_283' title='bbox 275 3989 449 4052; x_wconf 86' lang='lat' dir='ltr'>obsecutus</span> <span class='ocrx_word' id='word_1_284' title='bbox 471 4000 540 4068; x_wconf 88' lang='lat' dir='ltr'>est;</span> <span class='ocrx_word' id='word_1_285' title='bbox 564 4008 671 4068; x_wconf 90' lang='lat' dir='ltr'>neque</span> <span class='ocrx_word' id='word_1_286' title='bbox 695 3991 798 4051; x_wconf 91' lang='lat' dir='ltr'>multo</span> <span class='ocrx_word' id='word_1_287' title='bbox 822 3993 925 4052; x_wconf 87' lang='lat' dir='ltr'>minus</span> <span class='ocrx_word' id='word_1_288' title='bbox 957 3988 1123 4053; x_wconf 88' lang='lat' dir='ltr'>Ecclesiae</span> <span class='ocrx_word' id='word_1_289' title='bbox 1148 3992 1265 4054; x_wconf 87' lang='lat' dir='ltr'>Catho-</span> 
     </span>
     <span class='ocr_line' id='line_1_37' title="bbox 140 4087 1268 4169; baseline 0.003 -19"><span class='ocrx_word' id='word_1_290' title='bbox 140 4087 228 4152; x_wconf 83' lang='lat' dir='ltr'>licae</span> <span class='ocrx_word' id='word_1_291' title='bbox 260 4090 369 4151; x_wconf 80' lang='lat' dir='ltr'>extitit</span> <span class='ocrx_word' id='word_1_292' title='bbox 401 4089 543 4153; x_wconf 90' lang='lat' dir='ltr'>inlensus</span> <span class='ocrx_word' id='word_1_293' title='bbox 578 4092 628 4152; x_wconf 87' lang='lat' dir='ltr'>tel</span> <span class='ocrx_word' id='word_1_294' title='bbox 663 4101 861 4169; x_wconf 85' lang='lat' dir='ltr'>persecutor.</span> <span class='ocrx_word' id='word_1_295' title='bbox 898 4091 1002 4153; x_wconf 75' lang='lat' dir='ltr'>Ambo</span> <span class='ocrx_word' id='word_1_296' title='bbox 1033 4109 1142 4153; x_wconf 90' lang='lat' dir='ltr'>coram</span> <span class='ocrx_word' id='word_1_297' title='bbox 1179 4092 1268 4153; x_wconf 84' lang='lat' dir='ltr'>vobis</span> 
     </span>
     <span class='ocr_line' id='line_1_38' title="bbox 140 4186 1268 4271; baseline 0 -17"><span class='ocrx_word' id='word_1_298' title='bbox 140 4197 244 4264; x_wconf 80' lang='lat' dir='ltr'>stant,</span> <span class='ocrx_word' id='word_1_299' title='bbox 264 4186 399 4268; x_wconf 85' lang='lat' dir='ltr'>Vigilius</span> <span class='ocrx_word' id='word_1_300' title='bbox 414 4198 446 4254; x_wconf 86' lang='lat' dir='ltr'>el</span> <span class='ocrx_word' id='word_1_301' title='bbox 461 4189 663 4255; x_wconf 80' lang='lat' dir='ltr'>lastinianus</span> <span class='ocrx_word' id='word_1_302' title='bbox 686 4209 795 4271; x_wconf 86' lang='lat' dir='ltr'>parem</span> <span class='ocrx_word' id='word_1_303' title='bbox 820 4189 969 4270; x_wconf 84' lang='lat' dir='ltr'>injuriam</span> <span class='ocrx_word' id='word_1_304' title='bbox 988 4193 1081 4269; x_wconf 88' lang='lat' dir='ltr'>passi,</span> <span class='ocrx_word' id='word_1_305' title='bbox 1099 4210 1197 4271; x_wconf 88' lang='lat' dir='ltr'>quam</span> <span class='ocrx_word' id='word_1_306' title='bbox 1214 4211 1268 4255; x_wconf 91' lang='lat' dir='ltr'>att·</span> 
     </span>
    </p>
   </div>
   <div class='ocr_carea' id='block_1_4' title="bbox 1061 4290 1182 4363">
    <p class='ocr_par' dir='ltr' id='par_1_6' title="bbox 1061 4290 1182 4363">
     <span class='ocr_line' id='line_1_39' title="bbox 1061 4290 1182 4363; baseline -0.074 0"><span class='ocrx_word' id='word_1_307' title='bbox 1061 4290 1102 4363; x_wconf 72' lang='lat'>24</span> <span class='ocrx_word' id='word_1_308' title='bbox 1175 4340 1182 4354; x_wconf 94' lang='lat'><strong>.</strong></span> 
     </span>
    </p>
   </div>
   <div class='ocr_carea' id='block_1_5' title="bbox 0 0 1448 4784">
    <p class='ocr_par' dir='ltr' id='par_1_7' title="bbox 0 0 1448 4784">
     <span class='ocr_line' id='line_1_40' title="bbox 0 0 1448 4784; baseline 0 1"><span class='ocrx_word' id='word_1_309' title='bbox 0 0 1448 4784; x_wconf 95' lang='lat' dir='ltr'> </span> 
     </span>
    </p>
   </div>
  </div>
 </body>
</html>
