2886 4784
219 524 230 542 .
280 515 547 540 ......
561 491 562 496 ’
593 514 600 531 .
646 516 652 532 .
697 513 706 531 .
749 461 934 556 μείναντας·
948 460 965 532 ὁ
981 459 1293 554 τοιδυτοςάνάθεμα

157 630 166 645 .
220 626 229 642 .
280 618 710 641 .........
753 565 840 641 teto.

255 677 363 760 Siquis
384 697 447 741 nou
467 677 716 741 anathematizet
838 678 944 758 Siquis
966 696 1027 739 non
1043 678 1292 739 anathematizet

149 784 307 857 -Ariutn,
332 779 539 854 Eunomium,
561 777 712 843 Macedo·
754 780 883 855 Arium,
908 778 1118 852 Ennomium,
1143 777 1294 840 Macedo·

164 887 288 958 nium,
316 877 567 962 Apollinarium,
600 879 715 945 Nesto·
755 884 871 955 oium,
896 880 1147 960 Apollinarem,
1183 877 1296 941 Nesto·

166 987 277 1059 rium,
303 983 491 1064 Eutychen,
554 1027 562 1043 .
606 1029 664 1054 .„
708 1027 717 1045 .
761 985 868 1056 rium,
904 980 1105 1065 Eutychum,
1132 977 1298 1060 Oripenern

167 1103 180 1150 ·.
232 1128 716 1149 ..........
760 1083 961 1164 cumimpiis
983 1103 1088 1146 eornm
1110 1082 1299 1163 conscriptis

171 1229 181 1250 .
227 1234 235 1249 .
285 1231 293 1248 .
337 1233 343 1246 .
388 1232 394 1246 .
439 1174 498 1274 ζ.
546 1234 563 1262 .,
600 1234 613 1252 ..
652 1233 661 1253 .
707 1234 713 1250 .
759 1200 785 1248 et
800 1185 881 1250 alios
903 1172 1006 1266 omnes
1021 1184 1191 1247 haereticos
1207 1187 1297 1246 dom-

174 1333 449 1351 ......
480 1333 503 1349 ,.
546 1336 552 1352 .
598 1336 605 1351 .
650 1335 658 1351 .
702 1336 727 1356 .,
753 1288 1297 1351 natosetenatltemntizntosasen·
1351 1326 1358 1337 ι

175 1433 712 1454 ...........
757 1404 820 1456 ata
824 1388 985 1453 Catholicis
1000 1401 1027 1452 et
1044 1390 1225 1470 Apostolica
1240 1387 1296 1450 Ec-

176 1539 185 1554 .
231 1539 240 1557 .
267 1539 309 1577 .,
339 1538 347 1554 .
392 1539 399 1553 .
444 1537 450 1558 .,
497 1538 715 1558 .....
759 1494 853 1556 etesia
874 1503 902 1555 et
931 1514 952 1556 a
979 1489 1156 1579 praedietis
1183 1490 1302 1554 sanctis

179 1606 214 1660 ei
236 1587 438 1676 quicumque
452 1615 526 1663 cum
545 1596 593 1659 his
608 1595 720 1661 eadem
762 1607 914 1678 quatuor
922 1595 1075 1676 synodis,
1098 1605 1131 1658 et
1151 1615 1223 1669 eos,
1246 1594 1302 1673 uni

179 1699 339 1772 sentiunt,
364 1697 414 1757 vel
436 1714 610 1759 sensere.
655 1741 663 1759 .
710 1697 875 1759 .similia
888 1694 1061 1776 praedictis
1077 1692 1306 1758 haereticissa·

184 1839 721 1860 ...........
765 1808 906 1876 puerunt
922 1799 974 1861 vel
995 1800 1137 1877 sapiunt,
1160 1808 1187 1857 ct
1209 1815 1306 1876 osque

186 1942 409 1961 .....
413 1947 415 1950 .
453 1943 460 1957 .
505 1943 512 1957 .
558 1945 565 1960 .
715 1945 722 1960 .
765 1899 809 1961 ad
833 1909 960 1961 inertem
992 1898 1028 1961 in
1059 1919 1121 1961 sna
1150 1897 1305 1976 impietate

187 2045 720 2063 ...........
760 2012 1018 2079 permanserant,
1039 1999 1086 2061 oei
1104 2008 1305 2079 permanent,

185 2103 358 2167 anathema
378 2103 428 2165 srt
446 2122 463 2160 o
608 2106 629 2116 ’“
768 2104 1010 2165 anathemasti
1034 2122 1050 2159 n

271 2204 305 2265 ln
328 2206 438 2283 primis
459 2206 566 2268 nescio
587 2223 691 2283 quare
714 2206 743 2265 in
767 2206 884 2267 horum
907 2208 1047 2284 capitum
1065 2214 1123 2267 aut
1137 2221 1304 2265 canonum·

189 2309 416 2391 expositione,
439 2325 542 2387 eaque
565 2309 766 2372 corrsiderata
790 2308 1001 2386 discrepantia
1024 2310 1107 2370 inter
1135 2305 1305 2370 iustiniani

192 2406 404 2488 Programma
427 2418 457 2470 et
480 2403 694 2472 Collationom
718 2407 806 2493 Vlll.
830 2416 862 2471 et
884 2411 967 2481 hinc,
985 2427 1069 2488 quae
1088 2416 1186 2488 patet,
1203 2407 1306 2484 glossa

193 2511 285 2584 istius
308 2529 407 2601 snper
422 2510 630 2591 Programma
646 2510 795 2586 conllata,
813 2531 850 2574 oe
866 2512 1086 2574 animadversa
1103 2512 1142 2573 sit
1162 2510 1307 2589 quidem,

193 2612 236 2673 oh
257 2609 407 2690 Origenis
431 2613 654 2692 intrusionem,
671 2613 773 2674 altera
796 2612 1059 2693 difficultas-qua
1075 2613 1246 2676 dicendum
1265 2611 1311 2670 io-

193 2722 245 2776 ret
268 2733 331 2776 noo
353 2715 383 2777 in
399 2713 529 2797 Synodo
545 2713 582 2776 V.
600 2715 654 2778 sed
676 2717 708 2777 in
730 2703 1102 2794 quatuoroecumeoicis
1117 2714 1310 2796 praeceden·
1380 2711 1383 2719 ’

194 2815 282 2877 tihus
304 2817 447 2879 conciliis
474 2817 623 2901 eumdem
653 2818 839 2879 damnatum
864 2817 985 2880 inisse:
1010 2819 1093 2880 unde
1124 2818 1222 2894 nangis
1254 2834 1312 2877 ou·

193 2925 330 2993 geretur
349 2917 518 2981 solutionis
540 2917 644 2980 labor.
670 2915 718 2979 lix
742 2921 820 2980 actis
842 2922 925 2982 enim
949 2919 1079 2980 illarum
1109 2919 1309 3000 synodorum

194 3016 265 3078 sire
286 3021 408 3094 graecis
430 3039 487 3081 seu
510 3020 617 3080 latinis
639 3018 753 3080 nullibi
775 3020 896 3100 legitur
929 3024 1024 3083 istum
1050 3021 1090 3081 nh
1118 3018 1182 3082 illis
1213 3017 1311 3079 luisse

195 3116 726 3197 aliquandoanathematizatum:
752 3131 881 3183 etcum
915 3124 1045 3200 insuper
1081 3130 1186 3183 tantus
1219 3119 1312 3178 lahor

197 3220 260 3280 tria
281 3219 521 3286 defendentium
544 3220 708 3300 Capitula,
726 3233 761 3286 ui
779 3235 853 3286 tune
869 3223 925 3286 ille
940 3205 1229 3294 condemnaretur,
1246 3219 1315 3280 irn-

195 3329 264 3382 stra
287 3323 469 3404 insumptus
492 3323 589 3399 ioret,
614 3326 743 3407 quando
767 3319 912 3390 Ecclesia
942 3326 1133 3388 universalis
1151 3323 1217 3403 jam
1240 3339 1314 3382 ana-

199 3421 446 3485 thematizatum
469 3425 602 3500 sciehat,
630 3425 787 3506 nullaque
810 3437 914 3489 aetate
936 3427 1093 3507 nullaque
1116 3429 1238 3487 ratione
1266 3441 1313 3484 re·

199 3531 390 3596 tractatum,
413 3527 480 3587 sire
502 3525 707 3589 emendatum
733 3527 831 3589 inisse
853 3530 1034 3590 anathema.

281 3621 342 3685 Sed
367 3634 497 3687 nonest
520 3627 550 3688 in
574 3626 635 3686 hoc
658 3636 794 3700 tautum,
809 3646 875 3706 quo
892 3630 1053 3708 detegitur
1069 3645 1179 3689 manus
1202 3624 1317 3684 infidae

197 3726 340 3788 intrusio
363 3726 393 3787 in
417 3726 567 3791 falsandis
592 3729 760 3807 gonuinnis
782 3734 894 3815 synodi
913 3729 947 3791 tt.
964 3734 1062 3792 actis:
1079 3729 1133 3791 sed
1150 3727 1236 3789 aliud
1255 3744 1320 3786 nra·

201 3828 328 3889 xirnum
351 3839 499 3908 superesi
521 3833 688 3904 indicium,
705 3833 763 3892 etsi
784 3851 812 3894 c.
832 3832 953 3896 Censor
975 3834 1164 3894 imminuere
1187 3837 1321 3890 conatus

197 3930 240 3990 sit
264 3942 474 3993 momentum.
501 3933 587 3995 lstnd
612 3935 708 4007 enim,
725 3936 820 3996 sicuti
844 3936 882 3997 de
905 3934 1111 3998 antecedente
1126 3931 1248 3994 dictum
1263 3943 1323 4006 cst,

199 4031 336 4092 cruitur
358 4051 399 4094 ex
421 4031 603 4098 Collatione
627 4032 662 4095 V.
687 4046 719 4097 et
743 4057 783 4096 cx
806 4038 921 4100 eodem
948 4035 1118 4100 iustiniani
1155 4031 1323 4112 Program·

200 4139 315 4209 mate,
340 4132 393 4193 ubi
417 4134 751 4216 idemhargumentum
776 4141 921 4200 occurrit
937 4147 1121 4209 tractatum,
1138 4135 1192 4197 sed
1209 4136 1239 4195 in
1255 4134 1324 4212 qui·

200 4231 340 4296 busdam
365 4235 468 4300 uariat
497 4237 538 4301 oh
571 4238 780 4303 intrusionem
811 4243 1024 4305 damnationis
1046 4240 1216 4319 origenis,
1240 4255 1324 4315 quae
