2886 4784
239 495 409 557 Praeterea
443 495 474 556 in
505 493 639 555 historia
663 493 834 555 haeresum
858 491 999 557 traditur
1032 493 1256 558 haeresiarchas

158 599 258 659 libros
280 615 369 668 suos,
386 599 513 658 nomine
535 597 580 656 eis
602 583 768 672 inscripto,
785 596 815 655 in
834 596 951 673 vulgus
973 596 1110 659 edidisse
1117 617 1129 675 3
1147 615 1184 659 ac
1198 615 1259 660 suos

161 700 336 779 discipulos
360 700 591 776 magistrorum
616 697 711 758 titulo
733 707 763 759 et
785 699 983 759 auctoritate
1013 717 1110 774 usos,
1144 698 1260 760 illorum

163 801 279 878 placita
302 800 514 877 exposuisse,
540 796 738 872 vindicasse,
762 801 908 877 actisque
930 798 1088 861 firmasse.
1112 795 1262 879 Eiusque

156 903 227 1064 gne
243 901 434 963 documenta
453 906 639 972 servantur,
656 919 712 962 seu
736 900 777 961 ah
798 900 968 962 haereseos
984 901 1177 963 auctoribus
1193 901 1261 964 vela

186 1003 328 1083 iscipulis
343 1002 536 1078 subscripta.
554 999 604 1063 Ex
620 1001 757 1067 adverso
772 1004 802 1063 iu
820 1003 945 1065 haeresi
963 1005 1166 1081 origeniana,
1181 1020 1264 1082 quam

164 1114 268 1167 tsntos
289 1105 388 1166 duces
411 1111 443 1164 et
471 1109 518 1165 tot
549 1103 726 1182 discipulos
759 1105 916 1183 reperisse
938 1105 1015 1166 dicit
1037 1103 1263 1187 Hieronymus,

162 1207 277 1269 saltem
301 1215 338 1269 ut
361 1223 443 1267 unus
466 1215 712 1284 nuncuparetur
733 1206 842 1278 velim,
859 1206 914 1283 qui
938 1205 1027 1266 illam
1052 1208 1264 1285 propugnarit,

164 1311 325 1383 docuerit,
340 1310 529 1386 scriptoque
551 1307 721 1368 mandarit.
738 1305 858 1369 Saltem
876 1307 964 1367 nohis
978 1306 1182 1386 objiceretur
1197 1327 1264 1372 unns

163 1409 369 1487 discipulus,
399 1408 454 1486 qui
479 1408 526 1469 his
548 1408 766 1486 impietatibus
789 1407 932 1470 imbutus
953 1409 994 1469 sit
1018 1408 1217 1489 aliquaud03
1236 1427 1264 1472 ac

164 1509 298 1590 proinde
321 1516 477 1589 rogatus,
501 1509 643 1587 magistri
670 1509 885 1570 testimouium
910 1498 1108 1590 appellarit,
1130 1509 1265 1573 deiende·

167 1614 286 1691 ritque.

243 1712 304 1777 Sed
327 1711 472 1791 apertius
494 1713 648 1793 iuquam:
672 1711 799 1775 studeat
826 1711 921 1775 modo
944 1730 1126 1791 nonnemo,
1151 1732 1216 1778 sese
1234 1712 1264 1774 ad

165 1822 275 1876 vetera
300 1812 462 1877 Ecclesiae
487 1822 692 1876 monumenta
717 1813 890 1892 recipiens,
914 1814 989 1876 mihi
1012 1814 1159 1895 objicere
1180 1831 1267 1878 unum

164 1914 387 1976 tantummodo
408 1915 512 1976 virum
536 1915 706 1976 haereseos
720 1915 928 1991 origenianae
942 1913 1154 1992 discipulum,
1170 1906 1267 1992 strper-

163 2017 269 2077 addita
293 2015 492 2078 consessione
514 2024 721 2090 cunctorum,
738 2033 820 2093 quos
840 2014 906 2095 jam
926 2017 1036 2090 citavi,
1053 2034 1222 2095 errorum3
1240 2020 1267 2078 et

167 2126 243 2179 tunc
266 2119 364 2180 victos
386 2119 626 2191 daho-manus,
656 2125 688 2178 et
719 2117 832 2178 silebo.
854 2114 1076 2180 Nihilominus
1098 2117 1199 2179 donec
1219 2117 1269 2179 hos

164 2234 226 2278 non
248 2234 403 2297 assequar
424 2213 465 2279 ex
488 2217 681 2279 authenticis
704 2219 939 2290 monumentis,
963 2226 1123 2296 perpetuo
1156 2215 1264 2279 iustaho

166 2328 234 2380 tum
253 2320 470 2382 orthodoxiae
495 2318 667 2399 Origenis,
697 2338 771 2381 cum
803 2319 1035 2383 monachorum
1065 2327 1099 2382 et
1119 2326 1269 2399 quotquot
1311 2391 1317 2413 .

166 2438 226 2499 pro
248 2441 286 2483 eo
308 2433 494 2502 pugnarunt
510 2421 640 2496 vindex,
657 2421 801 2484 fictitiam
824 2431 855 2484 et
877 2422 1099 2501 imaginariam
1116 2425 1200 2486 haue
1217 2429 1270 2485 stt·

166 2530 257 2582 tuens
281 2522 460 2597 haeresim,
484 2541 621 2601 eamque
643 2522 817 2584 decernens
844 2524 1062 2601 quorumdam
1096 2523 1265 2599 illusionis,

164 2625 305 2686 aliorum
329 2626 540 2703 ignorantiae,
563 2635 595 2686 et
616 2631 800 2687 ceterorum
825 2624 977 2703 perfidiae
1000 2643 1083 2704 opus
1111 2625 1143 2686 iu
1166 2625 1268 2705 proho-

166 2742 238 2785 rum
264 2726 435 2800 perniciem
459 2725 635 2785 inventum.
661 2723 803 2803 ideoque
825 2725 850 2784 si
873 2740 933 2801 ego
955 2741 1040 2785 nunc
1062 2724 1103 2785 ah
1126 2723 1268 2786 historias

166 2827 308 2887 sincerae
330 2827 552 2899 amatoribus,
575 2845 591 2887 a
614 2844 709 2887 sanae
740 2827 871 2888 criticae
895 2826 1073 2903 magistris,
1098 2845 1115 2887 a
1140 2826 1268 2888 filiorum

169 2929 349 2989 reverentia
372 2946 448 3009 erga
472 2947 548 2991 suos
570 2929 600 2991 io
621 2925 750 2995 Christo
779 2927 910 3003 Patres,
935 2944 1052 2990 causae
1075 2929 1269 3008 origenianae

168 3224 372 3280 transtulerunt
393 3228 572 3296 praesumpta
600 3241 729 3296 perversa
753 3225 903 3297 dogmata,
932 3223 1040 3296 hosque
1065 3223 1130 3278 idco
1153 3225 1270 3278 vocantes

169 3318 298 3376 secretales
319 3317 474 3392 foedissimos
494 3316 616 3375 vocitetis
638 3318 811 3393 origenianae,
829 3334 990 3392 pepoaormn
1008 3326 1030 3373 et
1047 3315 1221 3391 fabulosorum
1238 3312 1271 3370 de·

170 3409 358 3468 liromenmrom
372 3411 517 3484 magistros,
536 3411 699 3485 graecanicae
723 3418 754 3468 et
768 3422 939 3467 momtroosos
959 3408 1068 3482 ineptior
1083 3409 1218 3484 professos·

243 3504 349 3559 Verum
368 3522 443 3559 unus
462 3504 560 3559 saltem
579 3523 650 3576 apex
668 3504 698 3559 in
718 3504 834 3578 Evagrii
851 3513 879 3559 et
896 3503 1012 3576 Didymi
1031 3503 1112 3558 libris
1132 3502 1272 3574 apparerem

170 3597 245 3653 unde
265 3598 324 3652 erni
348 3597 391 3651 vel
412 3597 549 3668 suspicari
568 3603 664 3670 posset
682 3598 749 3653 talia
768 3597 907 3652 docuisse.
927 3595 989 3651 Hos
1011 3595 1074 3651 dico
1091 3594 1271 3651 sanctissimos

170 3693 330 3758 monachos,
350 3690 415 3746 fidei
434 3692 557 3746 sincerae
580 3691 720 3759 cultores,
742 3690 860 3746 eximiae
879 3690 991 3762 pietalis
1012 3689 1200 3761 exemplaria,
1218 3686 1273 3741 slie-

170 3802 233 3840 rum
253 3783 339 3839 duces
359 3785 389 3838 iu
406 3783 573 3839 christianae
594 3784 771 3856 perfectiouis
792 3785 944 3851 exercicio,
969 3781 1108 3857 angelicis
1135 3779 1272 3837 virtutibus

171 3877 329 3948 praeditos:
350 3883 378 3931 eh
397 3893 468 3948 quos
487 3894 584 3932 omnes
602 3878 711 3950 antiqui
729 3878 826 3933 Patres
844 3893 955 3932 summa
971 3881 1036 3930 ante
1055 3881 1084 3930 et
1099 3880 1167 3947 post
1179 3872 1273 3929 obitum

169 3971 408 4042 prosequebantur
429 3971 614 4026 veneratione.
635 3973 745 4028 Rursus
763 3972 888 4045 inquam,
903 3989 990 4026 uuum
1011 3969 1111 4025 saltem
1132 3965 1273 4039 vestigium

171 4064 202 4117 in
220 4062 330 4118 illorum
352 4064 465 4136 scriptis
486 4070 644 4121 occurreret
666 4065 751 4140 hujus
775 4082 902 4139 paganae
924 4064 1078 4120 doctrinae.
1102 4061 1161 4117 Sed
1185 4059 1275 4115 frustra

173 4156 203 4209 in
226 4156 289 4210 istis
312 4156 469 4227 quaeritur:
494 4157 578 4214 sicuti
602 4175 744 4230 perperam
771 4157 935 4216 insinueris
960 4156 1095 4230 Origenis
1119 4154 1198 4211 libris
1220 4148 1275 4207 tatia

175 4247 344 4324 investigare
364 4256 508 4307 conantur.
