2886 4784
245 470 263 510 e
286 446 392 511 Primo
415 446 472 510 illa
494 451 562 524 est,
584 445 712 526 iuquit,
734 445 822 526 quod
843 446 936 528 aiunt
955 464 1032 511 eom
1057 443 1166 509 dicere
1184 444 1250 509 inas·

167 560 235 616 tum
259 547 379 614 Filium
401 546 472 613 liei.

242 647 412 724 Secunda,
434 647 521 729 quod
543 648 654 713 dieunt
676 667 734 729 per
758 634 987 728 prolationem,
1007 648 1188 713 secuudum
1205 645 1251 711 ia·

164 751 276 817 lentini
297 751 435 825 iahulas,
452 752 483 813 in
503 751 741 813 subsistentiam
765 752 887 813 venisse
909 749 1028 815 Filium
1052 747 1112 813 liei
1132 751 1237 813 dicere.

244 851 367 929 Tertia,
390 870 474 931 quae
496 853 545 913 his
565 852 714 914 omnihus
737 852 830 915 valde
851 852 1014 914 contraria
1037 857 1098 926 est,
1121 849 1203 931 quod
1221 849 1255 912 di·

163 962 243 1019 cuut
263 972 352 1028 eum,
368 951 546 1027 secuudum
570 951 725 1014 Arteman
740 953 792 1014 rel
808 952 947 1014 Paulum
958 959 1197 1014 samosatenum
1210 967 1256 1030 pu·

164 1072 238 1140 rum
260 1054 446 1129 homiuem,
470 1052 551 1117 idest
571 1070 634 1116 nou
656 1056 751 1116 etiam
772 1049 876 1115 Deum
903 1053 1012 1115 dicere
1033 1049 1198 1133 Christum
1215 1046 1255 1112 li·

165 1154 249 1229 lium
273 1152 343 1217 Dei.
1028 1208 1060 1239 .,
1096 1202 1111 1217 .-
1139 1209 1144 1220 .

243 1253 384 1331 Quarta,
407 1254 465 1316 ista
488 1261 548 1328 cst,
570 1271 655 1333 quae
676 1254 744 1316 istis
765 1254 914 1317 omnihus
936 1253 1254 1334 adversaturtcoecr

163 1357 281 1421 etenim
311 1365 359 1421 est
386 1357 532 1430 malitia)
555 1356 642 1436 quod
665 1356 776 1420 dicunt
796 1374 871 1419 eum
893 1356 1002 1419 dicere
1032 1358 1181 1436 putative
1207 1362 1257 1418 un

164 1466 233 1523 tum
255 1465 289 1521 et
310 1458 600 1538 perallegoriam,
626 1476 690 1520 nou
712 1461 807 1521 etlam
836 1458 1014 1521 secuudum
1036 1476 1087 1534 ea,
1110 1476 1193 1538 quae
1210 1473 1256 1538 per

163 1562 331 1623 historiam
349 1559 561 1636 referuntur,
589 1566 676 1639 gesta
698 1578 768 1623 esse
794 1559 922 1635 omnia,
950 1577 1036 1639 quae
1059 1577 1078 1622 a
1102 1555 1256 1622 Salvatore

166 1669 254 1740 gesto
277 1669 363 1725 sunl.

243 1759 388 1838 Quinta,
409 1762 472 1824 alia
494 1780 627 1842 quoque
648 1761 829 1825 criminatio
849 1769 918 1839 est,
940 1777 1004 1841 qua
1026 1764 1176 1825 amarunt
1194 1775 1255 1824 eum

163 1861 245 1927 duos
266 1861 411 1928 Christos
434 1865 632 1943 praedicare.
869 1938 873 1945 .
1223 1924 1226 1928 ,

242 1962 353 2040 Sexta,
373 1966 497 2027 addunt
516 1965 599 2026 illud
622 1983 766 2044 quoque,
788 1963 877 2044 quod
898 1963 1050 2028 historias
1070 1965 1255 2045 corporales,

81 2070 84 2078 '
164 2083 248 2146 quae
269 2085 476 2145 peromnem
498 2075 640 2130 sanctam
662 2066 864 2146 scripturam
891 2065 1086 2132 referuntur
1114 2066 1154 2130 ds
1179 2063 1257 2144 gestis

161 2177 363 2241 sauctorum,
385 2171 513 2247 penitus
534 2169 680 2247 deneger.

241 2267 395 2350 Septima,
412 2271 466 2332 sed
488 2279 521 2332 et
541 2269 580 2331 ds
602 2266 849 2331 resurrections
862 2276 1085 2345 mortuorum,
1102 2276 1136 2333 et
1155 2268 1193 2332 de
1211 2267 1256 2330 iu·

161 2372 291 2450 piorum
313 2374 423 2451 poeuis
444 2390 508 2435 oon
528 2372 593 2434 leri
615 2372 803 2449 impugnem
823 2388 900 2433 eum
920 2371 1096 2447 calumnia,
1115 2371 1202 2433 velut
1215 2386 1256 2432 nr·

162 2480 290 2552 gentem
313 2473 539 2552 peccatoribus
560 2472 724 2535 inferenda
746 2490 816 2533 esse
835 2471 1005 2550 supplicia.

244 2571 383 2646 Octava,
406 2576 537 2653 qnidam
560 2592 638 2636 vcro
661 2575 893 2651 disputationes
915 2571 999 2653 ejus,
1022 2571 1075 2634 vel
1096 2572 1255 2651 opiniones,

162 2692 245 2754 quas
266 2675 306 2737 do
328 2676 452 2737 animae
473 2683 560 2738 statu
584 2675 634 2736 rel
656 2675 891 2752 dispensatione
913 2673 1076 2748 disseruit,
1100 2675 1234 2754 culpant.

240 2773 359 2848 Noua,
383 2777 496 2836 ultima
520 2794 598 2837 vero
620 2776 764 2836 omnium
786 2778 833 2834 est
860 2772 1043 2833 criminatio
1075 2771 1158 2848 illa,
1187 2786 1254 2851 quat

161 2878 343 2943 cumomni
365 2878 570 2938 infamatione
593 2876 790 2954 dispergitur
811 2868 1136 2964 μετενσωματῶσεως,
1151 2874 1254 2937 scilicet

163 2972 250 3051 quod
276 2974 431 3036 humanas
453 2975 574 3035 animas
596 2977 628 3036 in
650 2987 738 3037 muta
761 2978 925 3050 animalia,
950 2979 1001 3039 rel
1021 2984 1196 3058 serpentes,
1217 2967 1255 3035 rel

160 3073 301 3152 pecudes
322 3086 446 3138 asserat
468 3079 677 3139 transmutari
700 3088 772 3156 post
799 3088 960 3157 mortem;
992 3088 1026 3140 et
1056 3078 1145 3158 quod
1174 3077 1253 3138 etiam

160 3174 251 3254 ipsae
270 3186 435 3238 mutorum
466 3176 653 3238 animalium
686 3179 812 3241 animae
844 3180 1053 3243 rationabiles
1071 3182 1145 3242 siut.
1168 3175 1253 3253 Quin

159 3275 415 3337 criminationem
438 3275 559 3339 idcirco
581 3279 784 3339 novissimam
807 3281 986 3357 posuimus,
1011 3288 1049 3342 ut
1070 3281 1165 3358 plura
1180 3272 1253 3339 deli·

160 3375 226 3438 hris
247 3378 317 3457 ejus
338 3386 566 3440 coacervantes
587 3379 750 3458 exempla,
774 3381 955 3443 evidentius
977 3381 1049 3461 ejus
1071 3382 1191 3445 falsitas
1212 3393 1253 3438 uo·

162 3487 363 3540 sectetur.»

239 3577 283 3642 lit
303 3580 383 3644 haec
403 3589 492 3656 suut,
509 3582 710 3661 potissimum
731 3600 773 3643 ex
795 3580 994 3645 Periarcdors
1014 3587 1124 3657 eruta,
1147 3593 1255 3645 accuu·

160 3680 254 3742 tionis
275 3684 403 3760 capita,
426 3699 464 3744 ac
485 3683 517 3743 in
538 3682 656 3745 libellis
680 3682 809 3745 famosis
830 3685 992 3762 descripta
1014 3683 1173 3745 adversus
1196 3678 1253 3743 Ori

160 3797 284 3858 genem.
307 3780 400 3858 Quae
421 3783 553 3862 quidem
584 3785 620 3845 si·
642 3784 705 3845 illis
735 3784 973 3857 conferantur,
995 3801 1012 3843 a
1037 3781 1214 3862 Theophilo
1231 3782 1255 3840 et

42 3884 46 3890 ’
87 3958 93 3969 ,
159 3878 359 3965 Hieronymo
380 3887 514 3964 sparsim
538 3886 568 3944 iu
589 3888 655 3947 suis
676 3886 819 3964 epistolis
840 3887 976 3958 notatis,
1005 3904 1109 3947 unum
1131 3892 1257 3946 etcum·

160 3978 231 4041 dem
255 3991 405 4060 repetunt
426 3994 607 4061 auctorem,
623 3984 758 4064 ejusque
781 3985 946 4061 perfidiam
964 3986 1125 4047 revelant.
1140 3984 1186 4047 de
1199 3997 1258 4062 pro

158 4080 254 4156 iude,
275 4084 369 4146 sicuti
391 4104 484 4148 ucmo
506 4096 636 4165 praeter
660 4087 862 4167 Pamphilum
893 4104 1048 4167 graecum
1069 4096 1103 4150 et
1124 4086 1258 4150 codicum

158 4195 350 4257 graecorum
372 4186 633 4266 origenianorum
655 4197 686 4253 et
708 4189 875 4254 doctrinae
895 4187 1039 4270 iudicem
1060 4187 1258 4268 peritomen·
