2886 4784
157 454 252 526 duce,
274 452 300 512 sl
325 447 504 510 Palladium
527 446 681 526 excipias,
698 465 723 508 s.
746 445 951 508 Theotimum
973 443 1125 528 Scythiae
1146 453 1255 525 aposto·

159 553 229 615 lum
252 558 283 615 el
304 552 384 613 alios
406 532 573 627 episcopos
595 549 796 610 orthodoxos
823 565 897 609 cum
924 545 1119 630 Olympiade
1142 550 1256 610 sanetis·

159 655 238 717 sima
261 654 419 726 foemina,
454 653 682 712 historicorum
714 668 806 712 nemo
837 649 977 728 alicujus
1006 667 1124 712 nomeu
1156 652 1257 712 recitat

161 757 330 826 haereseos
351 753 557 830 origenianae
579 751 739 829 discipuli.

240 855 362 919 Romae
386 872 443 933 per
465 851 627 914 llulltnum
651 854 820 914 haereseos
842 852 970 928 ducem,
988 853 1028 913 ab
1050 853 1187 915 Oriente
1206 853 1260 915 hoc

164 958 359 1039 prolectam,
385 958 491 1017 airum
514 955 689 1032 piissimum
712 963 742 1014 et
766 953 881 1016 Sirieio
906 953 1009 1032 Papae
1030 955 1263 1033 acceptum,ail

162 1059 380 1139 Hieronymus
403 1059 432 1118 in
454 1056 589 1135 epistola
612 1055 650 1115 ad
676 1054 893 1132 Principiam,
916 1074 932 1116 a
957 1057 1125 1136 plerisque
1158 1055 1261 1119 violari

162 1162 257 1222 iidem
280 1160 512 1240 apostolicam,
536 1166 568 1220 et
588 1158 772 1219 sacerdotes
794 1176 926 1236 quoque
948 1167 979 1219 et
1003 1159 1180 1219 monachos
1200 1174 1267 1219 nou·

162 1262 271 1326 nullos
292 1269 324 1323 et
345 1262 484 1325 maxime
506 1258 608 1321 secoli
632 1260 775 1320 homiues
797 1260 834 1319 ad
859 1277 1023 1320 assensum
1047 1278 1147 1322 suum
1180 1258 1264 1321 trahi.

162 1361 197 1425 ln
220 1363 329 1425 ntrtea
355 1380 455 1432 vero,
488 1369 612 1422 testes.
637 1359 819 1439 Augustino
853 1362 883 1420 in
913 1361 1030 1421 littoris
1051 1362 1091 1447 ad
1117 1360 1265 1443 Hieronp-

163 1482 273 1538 mum,
296 1481 355 1525 uec
375 1463 444 1525 dux
467 1474 614 1540 repertas
636 1470 705 1536 est,
730 1481 787 1523 uec
809 1461 986 1540 discipulus
1002 1461 1151 1524 lactiouis
1172 1464 1266 1541 orige-

164 1566 288 1627 nianae.
311 1563 352 1626 Et
374 1564 405 1624 hi
427 1564 557 1643 quidem
579 1572 676 1638 sunt,
699 1582 781 1644 quos
810 1565 840 1625 in
872 1564 1014 1642 epistolis
1047 1561 1262 1642 Theophilus,

162 1663 380 1749 Hieronymus
402 1674 434 1728 et
457 1663 653 1744 Epiphanius
682 1671 792 1727 notant
820 1667 990 1726 haereseos
1019 1664 1121 1746 hujus
1151 1683 1261 1745 propu-

165 1775 326 1847 gnatores.

240 1866 406 1943 Quorsum
428 1872 537 1928 aulem
561 1867 611 1928 hie
636 1867 732 1928 vertit
752 1883 859 1927 sermo
876 1883 965 1928 meus
980 1866 1067 1928 circa
1084 1865 1184 1946 hujus
1200 1866 1263 1929 hra-

163 1986 271 2032 reseos
292 1968 412 2039 ducas,
435 1976 467 2029 et
494 1968 627 2029 illorum
661 1985 832 2030 numerum
864 1969 945 2029 hano
973 1964 1265 2046 propugnantium?

162 2071 220 2133 uisi
244 2076 280 2133 ut
302 2069 445 2148 patefiat,
462 2088 519 2131 nee
534 2071 703 2132 haereseos
725 2077 894 2130 auctorem
915 2068 1089 2148 Origenem
1114 2086 1173 2131 uec
1192 2067 1265 2148 ejus·

161 2171 234 2234 dem
256 2171 355 2234 duces
376 2172 407 2232 iu
430 2172 489 2233 hac
505 2171 732 2250 patrocinanda
749 2179 780 2232 et
796 2170 958 2232 dilatanda
975 2169 1120 2232 extitisse
1132 2169 1265 2248 aliquan·

162 2272 225 2334 dor
250 2290 308 2335 uec
329 2281 492 2353 quotquot
513 2273 668 2334 dicuntur
689 2274 811 2334 erroris
833 2272 1005 2349 discipuli,
1030 2287 1177 2356 unquam
1199 2269 1264 2333 talis

163 2374 325 2436 haeretica
348 2375 496 2452 dogmata
520 2375 680 2453 professos
702 2392 782 2446 esse,
806 2391 863 2434 nec
888 2373 993 2434 ullum
1016 2373 1199 2445 inventum,
1217 2367 1265 2449 qui

161 2493 199 2538 ea
216 2474 365 2554 dogmata
388 2475 428 2536 ab
453 2474 594 2537 Ecclesia
611 2473 776 2538 catholica
794 2475 967 2552 reprobata
990 2473 1187 2536 admitteret.
1202 2470 1264 2536 Nou

163 2578 246 2638 enim
264 2595 378 2639 eornm
393 2578 578 2655 quisquam,
594 2579 661 2638 sire
679 2578 839 2653 magistri,
854 2579 921 2637 sire
937 2576 1116 2649 auditores,
1130 2573 1264 2652 Origenis

160 2677 339 2739 doctrinam
361 2677 573 2738 deiendehant
595 2677 800 2738 haereticam.
824 2675 884 2739 Sed
911 2677 1119 2737 vehementer
1144 2682 1261 2738 conten·

161 2778 279 2839 derunt
302 2779 388 2839 hunc
410 2777 604 2839 catholicum
628 2780 657 2837 in
676 2776 817 2839 Ecclesia
836 2777 953 2838 Christi
972 2776 1131 2854 usquead
1149 2777 1261 2837 ohitun

149 2877 356 2956 ,processisse
380 2878 575 2956 apostolicae
597 2877 670 2939 lidei
693 2888 724 2939 et
748 2878 924 2940 traditionis
955 2879 1192 2940 ecclesiasticae
1221 2876 1264 2936 de·

162 2976 346 3057 lensorem3
376 2998 434 3041 nec
463 2997 606 3057 unquam
636 2999 676 3043 ex
705 2983 813 3042 animo
846 2981 984 3043 voluisse
1014 2999 1073 3040 nec
1100 2980 1259 3049 docuisse,

163 3097 221 3141 uec
243 3079 390 3141 fidelihus
411 3081 569 3144 credenda
593 3081 633 3140 ab
654 3100 693 3141 eo
716 3084 906 3160 proposita,
933 3099 1017 3158 quac
1047 3082 1087 3140 ah
1118 3084 1184 3160 ipsa
1213 3077 1261 3140 Ec·

164 3180 260 3243 clesiu
285 3183 413 3243 veritati
435 3181 641 3259 evangelicae
663 3183 824 3243 contraria
848 3181 974 3243 delinita
997 3189 1090 3242 erant
1103 3201 1115 3259 ;
1138 3199 1176 3243 ae
1201 3196 1261 3257 pro·

161 3280 234 3344 inde
256 3284 442 3362 semetipsos
466 3300 542 3343 vero
565 3285 655 3362 pios,
680 3302 755 3346 vere
782 3284 958 3345 catholicos
981 3282 1196 3359 patrocinium
1216 3296 1260 3340 su·

158 3384 296 3461 scepisse
322 3400 383 3444 uon
415 3382 563 3462 Origenis
593 3386 751 3460 errantis,
786 3385 840 3446 sed
872 3383 1019 3462 Origonis
1052 3381 1258 3442 orthodoxam

159 3480 252 3543 iidem
276 3483 428 3560 professi,
453 3502 549 3562 quatu
573 3494 730 3563 perpetuo
752 3485 885 3562 docuit;
908 3494 940 3546 ct
962 3487 992 3544 in
1014 3500 1078 3560 qua
1102 3482 1260 3543 deluuntur

160 3591 217 3644 est.
241 3581 282 3644 Et
305 3584 346 3643 ob
369 3583 429 3645 hoc
451 3582 667 3662 Theophilum
682 3587 899 3661 increparent
921 3592 952 3645 et
974 3583 1069 3653 illos,
1092 3584 1149 3660 qui
1172 3581 1211 3640 ah
1228 3593 1259 3638 ea

158 3691 190 3745 et
212 3702 285 3744 cunt
308 3704 346 3745 eo
370 3683 489 3747 incitati
514 3696 589 3747 suut
620 3687 651 3746 iu
679 3685 949 3762 expugnationem
976 3683 1199 3759 praelatorum
1222 3678 1257 3737 vi·

156 3799 269 3844 rorum
293 3802 352 3845 ceu
375 3785 499 3845 haeresi
522 3785 737 3860 infectorum,
763 3786 883 3848 irustra
907 3785 1065 3862 :tulloque
1084 3783 1162 3862 jure
1181 3779 1259 3842 laho-

158 3901 244 3944 rasse
267 3893 498 3947 asseverantes.

245 3983 338 4059 Quod
356 4004 454 4064 porro
470 3986 508 4047 de
525 3983 695 4066 Theophili
719 3988 860 4050 diximus
882 3986 1032 4050 illusione
1055 3986 1142 4048 circa
1165 3995 1260 4045 mout-

159 4085 236 4148 chos
259 4097 480 4167 praesumptos
503 4088 682 4152 haereticos
704 4090 744 4173 ab
766 4089 913 4170 Aegypto
926 4089 1054 4167 iugulos
1071 4094 1104 4148 et
1120 4081 1261 4148 Palaesti-

159 4202 199 4249 ua
222 4184 530 4271 Constantinopolim
559 4209 663 4272 usque
697 4199 904 4272 peragrantes
935 4190 986 4255 sui
1018 4188 1145 4254 erroris
1176 4196 1263 4250 causa
