2886 4784
1237 333 1376 404 79.

255 412 397 516 ideoque
419 452 532 499 causas
559 434 702 498 studiose
733 431 925 514 quaerentes
955 436 1054 516 hujus
1082 434 1279 498 contusionis

171 537 258 600 inter
278 540 421 601 divinum
456 540 671 600 testimonium
695 555 712 598 a
735 535 978 618 Theophylactu
1000 538 1133 600 citatum
1155 547 1187 601 et
1207 556 1282 600 suc·

173 640 330 702 cessiram
362 638 506 719 eiusdem
539 639 839 716 interpretationem
869 639 998 700 minime
1027 639 1210 718 praemissis
1232 658 1283 702 re·

171 742 396 820 spondentem,
418 743 498 803 duas
519 742 711 821 reporimus.
732 739 838 803 Prima
861 741 952 804 nubis
972 741 1089 817 adstat,
1105 741 1282 807 dnmmodo

171 843 415 907 consideremus
431 841 609 907 Auctorem
631 842 662 904 in
684 842 745 906 hoc
769 842 1010 906 transcribendo
1026 851 1117 905 textu
1140 844 1181 906 ob
1201 862 1281 909 ocu·

171 947 222 1009 los
237 946 387 1010 babuisse
400 963 532 1025 graecos
543 944 796 1024 Evangeliorum
820 945 945 1008 codices
959 947 1044 1008 inter
1060 953 1167 1025 gentes
1180 949 1280 1010 schis-

173 1050 308 1111 maticas
332 1049 500 1127 vulgatos,
524 1066 664 1126 quarum
686 1047 927 1126 obsequebatur
948 1048 1137 1124 erroribus,
1160 1049 1191 1110 in
1208 1052 1280 1128 qui·

172 1150 234 1213 bus
255 1149 295 1210 de
326 1149 467 1212 divortio
496 1150 646 1211 absoluto
677 1148 719 1210 ob
747 1148 861 1210 uxoris
893 1147 1103 1211 adulterium.
1130 1146 1278 1212 Secunda

172 1251 247 1316 inde
268 1252 386 1325 oritur,
403 1253 506 1330 ipsum
522 1249 800 1332 'lbeopbylactnm
824 1251 854 1310 iu
877 1250 974 1330 hujus
996 1252 1162 1312 commatis
1183 1252 1279 1314 sicuti

160 1354 272 1438 ¹totius
295 1351 461 1430 Evangelii
483 1349 647 1414 conflanda
679 1351 966 1430 interpretatione,
999 1352 1111 1430 priscis
1141 1350 1283 1435 Chryso·

171 1455 269 1514 stomi
291 1454 530 1516 commentariis
553 1471 647 1514 usum
670 1452 779 1527 luisse,
798 1453 852 1515 ubi
870 1454 965 1514 aliter
986 1453 1067 1517 illud
1090 1472 1215 1516 comma
1236 1454 1284 1519 le·

171 1555 323 1633 gebatur,
347 1574 444 1632 quam
469 1564 544 1616 tunc
565 1551 677 1616 seculo
693 1552 750 1616 xl.
768 1556 893 1617 codices
915 1556 1021 1634 graeci
1043 1555 1241 1618 obtinebant.

219 1683 221 1687 ·
254 1656 286 1718 S.
309 1645 397 1718 enim
416 1658 585 1736 episcopus
607 1676 648 1718 ex
671 1653 789 1719 Christi
811 1660 965 1719 sententia
992 1666 1054 1720 tam
1077 1659 1109 1720 in
1131 1659 1285 1737 praemis·

170 1759 215 1821 sis
236 1759 330 1821 sicuti
348 1760 384 1819 in
404 1760 634 1838 sequentibus,
658 1756 806 1819 absolute
826 1759 939 1833 docet,
972 1758 1086 1836 quasis
1113 1758 1153 1820 de
1182 1776 1279 1822 consa

169 1859 329 1922 abolitum
353 1859 451 1922 luisse
472 1861 670 1946 disortium,
691 1877 728 1922 ac
750 1861 833 1935 ideo,
851 1879 890 1921 eo
912 1866 1071 1922 commate
1103 1861 1202 1922 citato
1230 1880 1280 1923 se·

170 1961 314 2026 cundum
337 1963 545 2040 expositionis
575 1981 653 2025 suae
684 1964 821 2036 seriem,
844 1959 974 2024 subdit:
999 1960 1212 2039 «Postquam
1238 1961 1278 2022 ad

169 2062 335 2126 silentium
358 2064 543 2142 pharisaeus
565 2065 744 2144 compulit,
767 2081 842 2125 cum
874 2064 1069 2127 auctoritate
1090 2063 1193 2141 legem
1215 2070 1280 2124 sta·

170 2169 258 2239 tuit,
279 2165 551 2243 quemadmodum
574 2184 648 2228 cum
671 2167 710 2228 de
740 2165 818 2229 cibis
839 2173 872 2227 et
896 2166 936 2227 de
957 2164 1090 2227 sabbato
1115 2170 1235 2244 ageret.
1261 2183 1279 2222 u

170 2266 273 2343 Quasi
294 2267 437 2329 diceret:
461 2266 555 2329 sicuti
570 2265 666 2330 lesus
683 2266 802 2352 Moysis
823 2268 926 2346 legem
943 2267 981 2328 dc
1003 2267 1081 2331 cibis
1102 2274 1135 2330 et
1156 2266 1195 2328 de
1209 2267 1281 2329 sab·

171 2369 248 2430 bato
270 2366 435 2446 abolevit3
457 2369 500 2430 ita
523 2371 555 2430 in
572 2367 714 2431 Ecclesia
737 2387 794 2431 sua
819 2367 927 2430 totale'
939 2367 1071 2430 sustulit
1093 2367 1281 2430 divortium.

170 2468 205 2533 Si
226 2469 310 2532 enim
332 2486 425 2532 secus
447 2468 673 2549 intelligendus
686 2478 771 2532 esset
785 2467 917 2532 loannis
931 2487 1051 2542 sermo,
1069 2469 1160 2530 celsi
1175 2466 1283 2529 divor·

171 2576 252 2635 tium
268 2572 454 2633 absolutum
477 2571 710 2634 admittendum
741 2570 825 2655 iorct
849 2572 891 2634 ob
904 2571 1053 2650 conjugis
1068 2553 1281 2644 adulterium,

169 2684 247 2736 tunc
269 2691 331 2734 non
363 2679 465 2736 staret
492 2675 612 2752 paritas
643 2672 809 2753 desumpta
841 2674 928 2736 eirca
958 2673 1062 2747 legem
1090 2670 1130 2734 de
1149 2671 1284 2734 cibis'et

166 2776 302 2839 sabbato
323 2792 340 2836 a
363 2773 492 2840 Christo
514 2775 696 2837 omnimode
718 2775 871 2851 deletam,
893 2791 968 2839 cum
991 2775 1063 2852 lege
1085 2773 1124 2834 de
1146 2771 1283 2852 repudio
1404 2779 1418 2791 “

168 2880 201 2940 iu
224 2884 317 2954 parte
338 2884 370 2938 et
385 2894 446 2938 non
469 2876 500 2936 in
524 2883 627 2937 totum
645 2875 776 2938 abolita.
795 2873 1015 2950 Quamobrem
1032 2876 1147 2938 melius
1169 2884 1285 2956 putan-

168 2980 247 3041 dum
269 2980 333 3040 erit
352 2996 378 3040 s.
402 2980 614 3058 episcopum,
636 2978 730 3040 sicuti
754 2985 844 3041 notat
867 2975 1153 3058 Theopbplactus‚
1181 2979 1212 3039 iu
1243 2996 1284 3043 eo

165 3080 243 3142 loco
264 3079 396 3159 legisse:
414 3077 473 3159 qui
492 3076 649 3142 dimiserit
670 3097 800 3140 uxorem
820 3097 931 3155 scam,
954 3088 1080 3156 :acepta
1098 3076 1284 3158 fornicatio·

165 3183 218 3246 nis
240 3201 353 3256 causa,
373 3179 541 3263 faciteam
563 3181 743 3257 moechari,
765 3200 864 3262 quam
889 3181 975 3262 quod
996 3181 1125 3262 legitur
1156 3182 1186 3240 in
1209 3180 1285 3244 Edi·

166 3286 255 3347 tione
276 3286 447 3347 maurina:
470 3281 529 3363 qui
551 3281 708 3345 dimiserit
728 3300 860 3346 uxorem
888 3302 1006 3361 snam,
1035 3292 1160 3362 eccepto
1181 3281 1284 3363 sorm-

164 3383 304 3448 cotiocis
333 3403 445 3460 causo,
465 3393 494 3447 ct
513 3384 611 3447 ctiam
641 3383 770 3447 decerit
789 3383 990 3448 moechatur:
1014 3386 1170 3465 equibus
1193 3367 1284 3447 dictis

163 3487 343 3551 adversarii
366 3492 572 3569 praetextum
593 3487 700 3551 tulere
721 3504 781 3568 pro
802 3487 944 3552 divortio
966 3487 1116 3552 absoluto
1132 3487 1162 3548 in
1185 3499 1284 3552 caus'a

164 3587 282 3652 uxoris
303 3588 488 3652 adulterae.
560 3610 561 3613 ¹
1211 3614 1215 3623 ⁴

245 3685 294 3750 Ac
315 3686 358 3750 ita
381 3706 481 3769 porro
503 3684 784 3770 Theophylactum
806 3687 922 3768 legisse
945 3686 1112 3767 inprimis
1140 3683 1284 3770 Chryso·

162 3789 259 3850 stomi
284 3791 510 3870 manuscriptis
532 3791 710 3853 secuudum
734 3797 893 3854 vetustum
917 3786 1074 3867 Matthaei
1098 3787 1284 3862 lectionem,

160 3895 252 3966 patet
272 3908 406 3971 quoque
428 3892 469 3955 ab
489 3892 582 3955 initio
603 3894 823 3971 quaestionis:
846 3889 875 3953 :i
896 3891 968 3952 ticet
988 3885 1111 3951 bamini
1131 3885 1289 3950 dimittere

159 4006 292 4054 urrerem
312 4011 615 4073 :eumquaecunque
635 4011 673 4055 cx
694 4011 803 4055 causa.
820 3991 879 4056 Cui
896 3990 1005 4052 subdit
1026 3989 1093 4068 ipse
1123 3987 1283 4067 interpres

160 4095 449 4178 Theophylactus:
476 4094 543 4158 «0
573 4091 809 4174 insipientiam!
832 4093 1060 4173 Opinebautnr
1092 4088 1287 4170 quaestioni·

158 4202 222 4266 bus
244 4201 313 4264 suis
335 4192 501 4266 Christum
532 4216 566 4263 se
587 4197 824 4263 confutaturos.
858 4192 940 4260 Nam
969 4195 998 4257 si
1029 4192 1163 4256 dixisset
1183 4191 1284 4255 licere
