2886 4784
157 339 219 413 lid

159 449 219 509 dne
239 443 322 507 aliae
343 439 581 524 criminationes
595 440 854 505 intendebantur.
872 457 889 498 n
905 437 1018 516 Quare
1033 439 1158 505 iterum
1172 435 1261 505 ioan·

157 567 212 613 nes
234 551 393 626 provocat
412 544 451 607 sd
474 542 655 608 Concilium
677 542 937 608 oecumenicum.

238 647 446 711 ross-otum
461 647 647 725 quaeritur:
661 662 723 706 cnr
736 641 935 721 Theophilus
947 660 1011 706 non
1025 644 1158 706 admisit
1171 641 1261 727 Chry·

158 748 292 811 sostomi
314 749 515 826 propositum
537 745 577 806 de
597 743 805 808 convocanda
826 743 978 826 Synodo,
1000 742 1059 816 nbi,
1079 742 1261 807 definiretur

157 848 234 928 quid
256 850 416 927 egendum
438 856 521 910 esset
542 846 581 909 de
602 845 754 927 Origene,
777 845 817 908 de
839 846 929 908 lihris
950 845 1021 924 ejus
1043 844 1140 915 etde
1162 862 1259 907 mom·

158 949 240 1023 chis,
262 950 318 1028 qui
339 950 529 1012 restiterunt
549 948 693 1029 ejusdem
716 943 939 1008 anathemati?
962 944 1003 1008 Et
1024 945 1103 1024 quid
1121 945 1184 1007 hac
1198 961 1260 1024 pro·

161 1051 318 1128 positione
338 1049 513 1129 sapientius
535 1052 779 1126 excogitatum,
803 1065 901 1126 quam
930 1049 1075 1127 omnium
1108 1046 1260 1126 episeopo

161 1167 235 1213 rum
257 1150 450 1229 praestolari
469 1149 629 1229 judicium
652 1149 691 1211 de
713 1166 749 1209 re
771 1158 834 1210 tam
859 1150 973 1226 gravi,
995 1146 1204 1209 adstantibus
1227 1144 1262 1211 th

161 1251 325 1315 monachis
346 1252 518 1327 accusatis,
540 1251 695 1329 expositis
716 1252 860 1328 genuinis
881 1248 1029 1327 Origenis
1050 1248 1168 1324 lihris,
1189 1247 1261 1328 sict·

161 1353 233 1428 dem
255 1352 437 1417 examinata
459 1354 527 1415 sine
549 1352 688 1430 partium
710 1352 819 1413 studio
840 1351 997 1424 doctriua,
1016 1358 1166 1413 veterum
1184 1367 1261 1430 prte-

159 1457 272 1518 sertim
294 1454 488 1533 compellata
512 1453 682 1517 traditione
703 1454 742 1516 de
764 1452 862 1531 ipsius
882 1453 1022 1532 scriptis,
1052 1453 1115 1515 tide
1141 1461 1173 1517 et
1195 1453 1260 1515 notis

161 1558 325 1635 usquead
348 1554 501 1620 obitum?
522 1553 652 1635 etquid
674 1551 855 1634 Theophilo
878 1555 990 1617 utilius
1012 1561 1046 1617 ct
1066 1555 1191 1618 cunetis
1215 1570 1257 1617 ac·

163 1666 292 1737 ceptum
316 1676 412 1736 quam
435 1677 545 1722 eornm
579 1656 709 1740 Synodo
738 1655 944 1719 oecumenica
977 1674 1144 1737 exponere
1174 1669 1260 1736 pmm

163 1757 312 1838 Origenis
333 1761 504 1840 dogmate,
528 1760 707 1823 haereticos
728 1759 874 1840 eiusdem
897 1767 1076 1834 tractatus,
1099 1759 1257 1822 ethorum

165 1861 304 1940 prodere
327 1869 452 1925 testum
475 1863 677 1941 genuinum,
700 1872 733 1925 et
754 1870 891 1924 mentem
919 1872 952 1924 el
981 1859 1079 1922 tidem
1098 1859 1259 1937 explorem

164 1963 400 2025 monachornm
433 1964 657 2038 nitriensium,
688 1971 723 2027 ut
752 1973 877 2026 rectum
906 1960 1166 2040 subsequeretur
1187 1957 1260 2040 indi·

163 2061 280 2126 cium?
302 2060 413 2138 Quare
424 2061 624 2143 Theophilus
646 2064 692 2125 nh
708 2066 769 2126 hoe
785 2062 945 2141 relugiens
959 2060 1182 2143 chrysostomi
1195 2075 1258 2122 con·

163 2162 248 2235 silio,
273 2160 344 2226 lere
363 2165 490 2243 penitus
510 2173 618 2227 amota
640 2166 828 2244 quaestione
849 2163 1047 2242 origeniana,
1063 2179 1155 2224 arma
1171 2159 1257 2224 verit

165 2264 322 2327 adversus
344 2285 369 2328 s.
394 2264 604 2345 Episcopum,
630 2285 667 2327 nc
688 2265 810 2345 perlide
831 2265 907 2343 egit,
930 2273 969 2326 ut
988 2265 1020 2324 iu
1040 2265 1176 2327 exilium
1202 2260 1260 2326 nit·

165 2374 306 2440 teretur,
327 2367 551 2430 commentitiis
571 2366 761 2429 criminibus
783 2368 815 2427 iu
835 2384 910 2428 eum
933 2362 1102 2427 invenus?

256 2464 497 2546 Similiterque
521 2468 647 2529 ratione
668 2487 708 2531 ex
731 2468 916 2540 monachis,
939 2466 995 2544 qui
1017 2467 1137 2529 ceteris
1164 2480 1261 2543 praee

166 2575 255 2642 rent,
278 2576 310 2629 et
332 2568 362 2627 iu
381 2566 540 2646 iudicium
564 2568 666 2627 vocati
689 2585 705 2627 a
728 2564 908 2644 Theophilo
932 2573 967 2625 ut
991 2564 1172 2637 haeretici,
1194 2572 1259 2625 tuno

165 2670 287 2731 mortni
309 2667 582 2745 Constantinopoli
605 2669 635 2727 in
657 2665 804 2729 Ecclesia
836 2665 994 2729 catholica
1019 2665 1139 2743 sepulti
1170 2659 1259 2726 snut?

167 2765 236 2832 Cur
264 2769 397 2847 iusuper
427 2766 627 2847 Theophilus
654 2768 695 2828 oh
726 2775 810 2829 tanta
841 2768 984 2830 facinora
1020 2768 1177 2829 adversus
1203 2780 1260 2826 mo·

165 2871 283 2932 uachos
304 2881 335 2931 et
356 2869 514 2932 Joaunem
535 2869 671 2930 admissa
693 2871 816 2931 cunctis
833 2869 981 2931 fidelibus
997 2886 1117 2931 exosus
1132 2867 1171 2929 ab
1187 2865 1257 2928 urhe

165 2968 276 3048 lugit‘?
298 2969 338 3035 Et
358 2988 430 3046 cur,
448 2977 527 3032 teste
548 2968 690 3048 Georgio
711 2972 743 3031 in
766 2972 828 3032 vita
850 2989 876 3031 s.
898 2969 1043 3043 Joannis,
1067 2967 1259 3031 innocentius

165 3068 252 3149 Papa
275 3069 360 3150 (jam
383 3078 514 3133 mortno
528 3069 674 3145 inance)
694 3072 823 3148 scripsit
842 3070 881 3130 nd
905 3068 1083 3132 Arcadium
1106 3077 1141 3131 et
1160 3065 1258 3131 Eudo·

163 3172 264 3248 xiam,
285 3183 322 3233 nt
342 3171 474 3234 ioannis
496 3189 611 3233 nomen
633 3170 790 3253 diptychis
813 3170 1035 3247 inscribatur,
1057 3187 1095 3232 no
1118 3187 1176 3248 per
1195 3182 1261 3230 enm

163 3269 345 3350 Theophilo
367 3272 530 3334 mandarit
551 3279 588 3334 ut
607 3289 641 3332 se
662 3272 752 3332 sistat
767 3270 911 3334 Concilio
929 3268 1177 3333 Thessalonicae
1198 3284 1263 3331 ooo·

165 3371 355 3453 gregando?
377 3371 488 3448 Quare
509 3373 541 3433 in
564 3371 612 3433 his
633 3372 750 3434 litteris
771 3371 849 3432 dicii
869 3371 908 3432 de
930 3371 999 3449 ipso
1021 3368 1201 3448 Theophila
1221 3365 1265 3428 lu·

162 3472 352 3535 nocentius:
377 3493 393 3531 u
417 3469 505 3546 Quae
526 3471 608 3535 cuim
630 3473 780 3534 aduersus
799 3470 953 3532 Jouuuem
973 3468 1155 3550 episcopum
1172 3476 1200 3532 et
1214 3463 1265 3533 tu·

164 3573 277 3635 dorum
297 3572 390 3634 leude
410 3572 447 3636 iu
470 3571 587 3651 primis
617 3574 748 3654 diquum
769 3571 976 3650 inhospitum
1007 3580 1218 3652 exceptorem,
1243 3572 1266 3629 ct

162 3675 243 3738 ulios
264 3676 450 3755 (monachos
465 3675 601 3755 Nitriae)
623 3675 658 3738 id
679 3695 778 3756 percus
800 3674 964 3754 relipiosue
985 3673 1068 3735 uitae
1089 3679 1266 3736 consectato-

167 3793 238 3851 res,
261 3786 345 3855 pestu
365 3786 442 3839 suut
471 3776 508 3839 uh
531 3795 583 3851 co,
614 3795 671 3838 uos
692 3775 881 3839 auctoritate
909 3775 985 3856 freti
1004 3793 1031 3836 s.
1056 3773 1148 3838 Petri
1167 3765 1266 3835 eximii

166 3876 386 3957 Apostolorum
416 3875 601 3958 Principis,
634 3875 787 3941 discussis
818 3874 924 3940 causis
955 3886 984 3938 et
1012 3872 1267 3956 inquisitionibus

167 3990 273 4042 cuncte
291 3978 464 4060 perpensis,
480 3979 652 4043 docebimus
674 3997 713 4040 en
733 3977 840 4041 auimo
860 3975 1074 4056 suupuiuario
1091 3974 1268 4057 processisse

166 4091 195 4142 el
210 4092 338 4161 praeter
359 4091 492 4144 tenorem
517 4079 683 4143 Cauouum
704 4097 766 4142 csse
797 4071 969 4159 consecto?
990 4096 1008 4135 n
1031 4076 1073 4140 Et
1094 4096 1156 4140 eur
1175 4075 1268 4140 Theo·

169 4181 298 4262 philus,
321 4181 381 4245 hac
402 4184 532 4264 abipso
554 4181 640 4263 Papa
662 4187 792 4263 accepta
810 4180 978 4261 iussione,
1011 4179 1179 4260 episcopos
1209 4187 1264 4241 uus
