2886 4784
1176 363 1218 433 35

554 461 693 530 CAPUT
716 463 753 527 V.

97 662 341 746 dependuntur
361 684 440 747 quoe
460 663 496 728 in
519 665 611 730 Libro
636 665 686 731 Vi.
705 667 890 748 Anonymus
905 678 1016 733 notare
1036 680 1065 735 et
1078 673 1216 751 refutare

136 785 168 829 se
180 766 270 843 dicit,
286 764 514 830 hoereticorum
536 769 693 847 dogmata.

96 1005 313 1151 Anonymus
335 1071 411 1134 huic
433 1067 532 1133 Libro
554 1069 731 1151 praemittit
754 1070 915 1135 Simonem
938 1090 1090 1154 magum,
1118 1076 1213 1157 cnjus

97 1171 280 1234 doctrinam
303 1173 345 1234 ita
371 1172 535 1235 verimode
555 1173 699 1251 exponit,
722 1180 759 1235 ut
781 1172 931 1237 videatur
951 1193 967 1236 a
991 1176 1127 1238 diversis
1145 1177 1214 1239 ion-

101 1272 189 1334 tiitus
211 1272 354 1334 hausisse
375 1291 433 1335 sua
461 1272 591 1335 dictata.
615 1270 718 1336 torta
740 1293 766 1335 s.
792 1271 962 1337 irenaeum
984 1283 1017 1338 et
1037 1273 1213 1340 'l’ertuiiia-

97 1388 177 1433 num
198 1372 394 1434 simonianae
416 1360 582 1435 doctrinae
603 1392 728 1437 summo
753 1374 826 1436 talis
847 1382 938 1438 erat:
962 1395 979 1435 s
1001 1372 1062 1438 Hic
1088 1377 1213 1454 igitur,

101 1472 151 1534 ait
171 1491 197 1534 s.
221 1470 373 1536 irenaeus
395 1474 426 1534 iu
457 1471 555 1536 Libro
577 1474 602 1537 i.
624 1494 652 1538 c.
674 1473 795 1536 XXiii.
818 1491 835 1537 a
858 1476 968 1538 multis
1002 1478 1094 1555 quasi
1128 1475 1216 1541 Deus

100 1571 303 1653 glorificatus
325 1578 385 1644 est,
408 1580 440 1635 et
461 1573 571 1636 docuit
585 1576 794 1653 semetipsum
811 1592 892 1648 ease,
908 1577 965 1654 qui
981 1575 1064 1638 inter
1078 1576 1215 1657 judaeos

97 1673 231 1752 quidem
253 1674 346 1752 qnasi
371 1672 472 1737 Filius
492 1674 693 1751 apparuerit,
711 1676 741 1735 io
762 1673 906 1738 Samaria
923 1684 1031 1739 autem
1047 1677 1139 1755 quasi
1158 1676 1217 1739 Pa-

99 1782 151 1838 ter
172 1774 385 1848 descenderit,
407 1777 439 1838 iu
462 1775 596 1854 reliquis
620 1794 698 1840 vero
714 1777 861 1855 gentibus
875 1779 967 1857 qnasi
982 1776 1123 1856 Spiritus
1138 1779 1216 1845 San·

95 1883 170 1938 ctus
191 1875 426 1939 adventaverit.
451 1873 528 1938 Esse
549 1883 657 1939 autem
680 1895 713 1939 se
733 1878 994 1940 sublimissimam
1024 1876 1209 1953 Virtutem,

99 1975 163 2040 troc
184 1984 232 2038 eat
253 1995 342 2050 enm,
365 1979 421 2055 qui
442 1977 482 2038 sit
502 1994 602 2055 super
623 1976 728 2038 omnia
751 1976 861 2048 Pater,
884 1983 917 2039 et
936 1980 1095 2040 sustinere
1119 1995 1214 2041 voea-

96 2078 126 2138 ri
147 2095 184 2139 se
203 2076 435 2157 quodcumque
456 2093 532 2139 enm
554 2084 671 2139 vocant
692 2076 847 2139 immines.
863 2076 1095 2142 Simouautem
1111 2096 1215 2141 sama·

95 2178 246 2252 ritanus,
259 2195 300 2239 ex
323 2194 390 2257 qno
412 2179 582 2239 universae
604 2177 1004 2250 haereses-substiterunt,
1020 2177 1116 2240 habet
1131 2178 1218 2259 eius·

98 2277 185 2341 modi
206 2285 314 2340 sectae
336 2279 516 2341 materiam.
540 2275 601 2341 liic
623 2277 779 2341 lieieoam
802 2279 975 2358 quamdam
997 2280 1065 2358 ipse
1086 2297 1104 2340 a
1127 2275 1216 2362 Tyro

95 2377 230 2440 civitate
258 2376 425 2441 Phoenicis
455 2380 697 2458 quaestuariam
729 2395 831 2457 quum
862 2377 1071 2452 redemisset,
1103 2395 1215 2441 secum

93 2477 374 2554 circumducebat,
397 2479 505 2564 dicens
527 2480 608 2543 hanc
629 2498 699 2543 esse
720 2480 856 2559 primam
879 2480 993 2541 mentis
1008 2497 1086 2542 suae
1101 2497 1214 2542 couce-

97 2581 241 2660 ptionom
264 2588 401 2643 matrem
422 2582 580 2653 omnium,
604 2599 662 2660 per
682 2597 780 2660 quam
802 2582 893 2642 initio
916 2589 1053 2642 mentem
1068 2580 1216 2658 concepit

97 2681 231 2761 angelos
254 2681 363 2744 iacere
385 2689 416 2745 et
437 2681 662 2759 archangelos.
683 2679 775 2743 Hanc
797 2683 881 2744 enim
913 2679 1074 2743 Ennoinm
1095 2679 1218 2743 Conce-

97 2781 241 2861 ptionem
263 2783 466 2845 exsilientem
487 2799 529 2844 ex
551 2800 613 2856 eo,
646 2792 891 2860 cognoscentem
917 2799 1001 2860 quae
1025 2781 1096 2844 vuit
1118 2779 1216 2843 Pater
1316 2852 1321 2859 ⁵

96 2880 183 2962 eJus,
206 2882 330 2962 digredi
351 2882 389 2944 ad
411 2881 580 2957 iuferiora,
603 2889 635 2944 et
656 2898 810 2961 generare
825 2880 956 2960 angelos
978 2888 1011 2942 et
1025 2887 1212 2959 potestates,

95 2981 258 3060 aquibus
279 2989 311 3043 et
332 2983 488 3044 mnodum
512 2981 597 3043 hunc
620 2980 742 3042 iactum
763 2981 846 3041 dixit
867 3023 876 3040 .
901 3023 908 3038 .
932 3023 939 3038 .
964 3022 971 3038 .
994 2977 1105 3053 Quum
1127 2980 1213 3040 euim

97 3081 185 3142 maie
206 3080 456 3144 moderarentur
477 3083 581 3160 angeli
603 3079 783 3153 mundum,
813 3079 969 3158 quoniam
989 3082 1215 3160 unusquisque

95 3177 480 3259 eorum'concupisceret
502 3181 740 3260 principatum,
773 3180 813 3241 ad
836 3181 1090 3242 emendationem
1112 3182 1159 3241 ait
1178 3199 1213 3242 se

98 3280 223 3344 venisse
245 3298 369 3355 rerum,
392 3289 426 3343 et
446 3281 645 3345 descendisse
669 3280 933 3358 transfiguratum
955 3288 986 3341 et
1000 3280 1213 3341 assimilatum

98 3376 284 3442 Virtutibus
303 3389 338 3448 et
361 3379 575 3443 Potestatibus
597 3389 628 3442 et
650 3378 793 3457 Angelis,
812 3386 894 3441 utet
910 3379 1213 3442 inhominibusiro·

95 3498 152 3542 mo
173 3488 347 3559 appareret
368 3482 448 3560 ipse,
466 3501 569 3561 quum
591 3500 654 3545 uon
676 3491 758 3544 essct
780 3481 893 3554 homo,
907 3487 939 3543 et
953 3497 1082 3557 passum
1103 3488 1211 3543 antem

93 3581 128 3641 in
148 3577 276 3643 iudaea
299 3589 462 3658 potatum,
484 3599 587 3660 quum
610 3599 673 3643 nou
695 3587 779 3646 esset
800 3597 911 3658 passus
933 3588 995 3643 etc.
1019 3599 1035 3637 n
1058 3578 1147 3643 Haec
1161 3596 1214 3640 ea·

95 3681 171 3743 dem
194 3679 285 3742 brevi
307 3699 457 3744 sermone
478 3680 555 3743 dicit
576 3677 808 3745 Tertullianus.
833 3678 921 3741 idem
950 3697 1052 3758 porro
1084 3679 1214 3761 Anony-

98 3797 172 3843 mua
194 3781 318 3842 notavit
339 3781 369 3842 in
391 3799 422 3843 n.
446 3778 493 3845 itt.
515 3777 566 3847 20.
589 3782 646 3845 uisi
667 3780 755 3860 quod
778 3781 948 3859 perspicue
970 3787 1057 3858 patet
1074 3785 1214 3841 transtu·

31 3888 36 3895 “
95 3880 172 3943 iisse
200 3899 240 3944 er
266 3881 363 3945 Libro
385 3881 410 3944 1.
435 3880 653 3945 extinto.
680 3881 814 3956 irenaei,
837 3881 985 3959 quamvis
1009 3880 1114 3941 minus
1141 3878 1212 3941 dili·

96 3989 210 4058 geuter
235 3981 432 4063 descriptum
454 3983 550 4047 sicuti
573 3983 603 4043 iu
626 3983 753 4045 ceteris.

174 4079 209 4145 Si
232 4100 311 4144 vero
333 4084 503 4161 hucusque
524 4085 609 4149 inter
629 4102 662 4145 aa
684 4083 876 4145 conveniant
900 4079 1063 4149 irenaeus,
1081 4075 1217 4140 lentot·-

94 4178 202 4245 liauos
221 4189 256 4247 et
277 4182 465 4263 Anonymus
477 4202 488 4262 5
510 4182 535 4247 is
558 4191 663 4245 tamen
685 4183 820 4247 ultimus
842 4181 882 4243 ai)
903 4179 993 4243 initio
1009 4198 1038 4241 u.
1055 4175 1084 4242 6.
1104 4195 1207 4257 usque
