2886 4784
1138 370 1178 439 21

59 477 129 541 ulia
153 496 189 540 re
211 476 381 542 ostendere
404 475 624 553 principium;
648 475 703 537 sed
725 475 915 555 simpliciter
940 489 1107 554 aggressos
1134 493 1184 539 re·

58 580 220 659 linquere.
245 579 310 641 Alii
333 588 441 640 autem
464 596 529 639 aaa
551 576 651 658 mapis
673 578 888 651 addiderunt,
916 586 1094 641 asserentes
1121 596 1184 641 nun

59 684 161 760 magis
178 684 282 761 ignem
299 682 405 760 iguem*
421 699 489 742 esse
507 698 604 759 quarn
628 681 749 760 aliquid
773 681 872 743 aliud.
899 679 966 744 Nec
984 687 1089 743 tamen
1106 680 1186 742 indi-

58 792 179 847 carunt
202 784 279 863 quid
304 791 401 858 esset,
424 783 477 844 sed
502 783 577 860 quid
603 780 666 843 talc
688 801 767 844 esse.
791 800 808 838 s

141 883 243 948 Sicuti
266 885 298 945 in
321 883 600 964 praecedentibus,
619 881 808 966 Anonymus
829 901 913 963 qnae
935 900 953 946 a
976 881 1122 946 Cedreno
1138 884 1185 946 di·

58 995 183 1049 cuntur
204 986 245 1049 de
270 985 488 1069 Pyrrhonistis
509 986 540 1046 in
562 1003 659 1049 suum
682 985 802 1046 librum
827 984 986 1059 traduxit,
1000 987 1030 1046 in
1047 987 1185 1050 nonnul·

63 1090 104 1150 iis
128 1097 234 1150 taruen
258 1089 406 1168 imperite
429 1087 623 1167 discrepans.
646 1087 729 1150 Nam
751 1086 838 1165 apud
871 1085 1054 1152 Cedrenum
1089 1090 1182 1152 tertia

59 1190 186 1252 decima
210 1199 296 1252 secta
318 1189 379 1252 sub
401 1192 528 1251 nomine
551 1189 637 1250 venit
658 1187 747 1250 Sexti
770 1197 802 1250 et
826 1187 1021 1271 Pyrrhonis,
1044 1190 1184 1253 subdens

61 1292 177 1354 deinde
206 1291 429 1374 pyrrbonistas
451 1290 651 1354 academicos
672 1309 806 1370 quoqne
830 1293 1011 1370 nuncupari
1034 1310 1073 1354 eo
1094 1292 1183 1372 qnod

63 1393 97 1456 in
119 1393 293 1455 Academia
316 1394 519 1471 disputarint.
547 1394 735 1475 Anonymus
759 1411 836 1454 vero
859 1392 958 1472 hujus
980 1401 1087 1454 sectae
1108 1394 1186 1456 titn-

61 1495 131 1558 lum
154 1495 192 1555 de
212 1493 405 1557 academicis
427 1495 600 1574 inscripsit,
624 1497 716 1573 quasi
739 1494 801 1556 boc
824 1513 938 1557 numen
962 1496 1185 1564 tantummodo

60 1597 101 1658 ad
124 1597 349 1680 pyrrbonistas
371 1603 545 1674 spectaret,
569 1595 710 1658 exclusis
733 1595 806 1656 ideo
823 1597 923 1674 prima
944 1595 1085 1660 Platonis
1103 1596 1186 1659 Aca·

60 1697 181 1768 demia,
205 1696 307 1758 attera
333 1696 510 1770 Arcesilae,
536 1697 628 1757 tertia
653 1695 828 1759 Carneadis
845 1707 908 1759 etc.
926 1695 1138 1777 Quapropter
1152 1698 1184 1759 in

62 1799 160 1860 titulo
182 1799 388 1861 scribendum
411 1806 482 1859 erat
502 1798 539 1859 dc
560 1797 749 1861 academicis
772 1798 991 1879 pyrrboaistc's
1013 1801 1051 1861 ad
1074 1801 1187 1864 distin·

61 1902 204 1964 ationem
227 1901 367 1963 aliarum
391 1900 652 1962 Academiarum.
671 1900 718 1961 Ac
734 1901 776 1962 ita
791 1920 867 1963 saue
890 1903 1045 1965 indicavit
1066 1901 1185 1968 Cedro·

64 2021 138 2078 nus,
152 2005 293 2082 primum
309 2001 509 2083 Pyrrhonem
525 2019 727 2080 nuncupans,
745 2002 859 2065 deinde
875 2005 1099 2086 pyrrbooistas
1113 2023 1188 2068 aca-
1244 1995 1245 1999 '

64 2107 222 2180 demicus,
239 2106 315 2167 istos
337 2123 354 2166 a
378 2103 530 2184 praelatis
549 2119 720 2182 segregans
734 2101 830 2181 juxta
846 2103 1007 2184 cujusque
1025 2104 1184 2185 opinionis

62 2205 328 2284 discrepantiam.

143 2307 300 2371 Ceterum
324 2306 496 2386 utriusque
518 2303 646 2368 collatis
671 2302 784 2380 dictis,
818 2305 1020 2387 comperitur
1053 2306 1185 2392 Anony-

63 2426 154 2470 num
178 2410 274 2488 ptura
297 2410 338 2469 ab
359 2410 451 2471 initio
473 2407 616 2468 omisisse
640 2423 701 2467 una
725 2424 799 2468 curu
824 2408 944 2482 titulo,
977 2409 1063 2471 undo
1087 2409 1188 2472 subiit

63 2513 250 2590 argumenti
273 2509 420 2573 conlusio
447 2510 542 2571 sicuti
573 2509 602 2568 in
633 2508 769 2587 reliquis
796 2509 1058 2572 discussionibus.
1091 2508 1185 2586 Quae

64 2631 166 2692 porro
181 2611 226 2674 ait
242 2611 470 2695 Pyrrhonistas
486 2610 603 2672 docere
620 2607 753 2671 fluidam
775 2629 844 2672 esse
868 2605 1041 2674 materiam
1056 2631 1185 2677 omnem
1310 2681 1317 2695 ,

65 2720 98 2776 ei
113 2714 318 2787 mutabilem,
334 2722 365 2776 et
382 2730 558 2792 numquam
583 2712 696 2773 eodem
720 2729 851 2774 manere
871 2712 959 2792 toc03
975 2715 1054 2777 baec
1075 2715 1185 2795 opinio

65 2833 127 2878 non
153 2814 328 2898 Pyrrhoni,
351 2815 405 2876 sed
433 2812 632 2891 Protagorae
654 2812 841 2875 inscribitur
861 2831 880 2874 a
903 2811 1002 2877 Sexto
1020 2814 1185 2894 Empirico
1284 2889 1287 2896 ¹

65 2917 96 2979 in
121 2916 222 2980 Libro
246 2915 271 2979 Ι.
294 2936 321 2979 c.
346 2913 481 2979 XXXii.
517 2913 759 2994 Hypotyposeaa
790 2912 1075 2992 Pyrrboaicrnm:
1111 2935 1187 2980 cum

67 3019 139 3081 ideo
161 3018 301 3080 ostendit
325 3016 550 3101 Pyrrhonistas
572 3035 635 3079 uon
651 3016 823 3078 convenire
836 3013 1047 3096 Protagorae.
1066 3016 1114 3081 De
1136 3035 1187 3081 re·

67 3116 163 3198 liquis
185 3117 298 3179 couler
321 3117 504 3196 praelatum
529 3115 674 3180 Sextum.
699 3114 774 3177 Sino
802 3117 893 3194 loqui
917 3116 955 3178 de
979 3118 1182 3194 Aristotele,
1293 3193 1296 3198 .

67 3217 103 3280 de
121 3216 267 3296 Epicuro
288 3226 321 3280 et
342 3218 382 3279 de
404 3218 474 3279 aliis
486 3237 498 3295 ;
521 3235 662 3296 quorum
685 3217 768 3278 dicta
784 3219 817 3278 in
834 3217 943 3280 multis
963 3218 1074 3279 eadem
1095 3236 1187 3298 grae-

66 3338 105 3384 ce.
125 3328 282 3383 notantur
303 3338 320 3381 a
344 3319 499 3398 praelatis
521 3317 752 3398 scriptoribus.

150 3421 281 3485 interim
298 3424 417 3493 erbis,
436 3422 692 3501 praeclarissime
714 3428 851 3496 constat,
869 3427 1046 3501 utrumque
1062 3423 1184 3486 Aucto·

59 3540 135 3590 rem
158 3524 367 3604 Auouymum
389 3533 422 3585 et
444 3521 628 3586 Cedrenum
652 3521 747 3602 plura
770 3524 997 3602 conscripsisse
1018 3525 1057 3586 de
1079 3523 1185 3604 philo·

55 3627 188 3708 sophis,
205 3627 316 3688 eadem
339 3625 479 3687 dictione
502 3643 614 3699 usum,
632 3643 669 3688 ac
686 3641 781 3702 saepe
803 3625 953 3703 periodos
975 3633 1007 3687 et
1028 3625 1187 3689 articulos

50 3725 207 3806 integros
229 3743 394 3798 exarasse,
418 3725 508 3788 uuila
530 3726 685 3788 sermonis
719 3734 750 3786 et
783 3725 1018 3787 vocabulorum
1047 3726 1185 3786 interce·

51 3829 162 3892 dente
187 3829 353 3890 varietate.
377 3825 587 3906 Quapropter
609 3827 787 3889 arbitratus
801 3845 887 3900 sum,
905 3843 1109 3906 nequaquam
1125 3824 1185 3890 Ce-

48 3930 205 3994 drenum
227 3930 268 3991 ob
290 3929 405 3992 oculos
428 3929 577 3992 babuisse
602 3928 760 4008 Anonymi
783 3924 916 3989 Librum
932 3924 957 3988 l.
978 3922 1186 4005 Pbilosopbu·

48 4044 193 4105 maon,
216 4038 253 4093 ut
274 4031 347 4093 inde
370 4033 515 4111 exigeret
548 4031 815 4108 pbilosophorum
850 4045 1042 4107 graccorum
1077 4046 1188 4090 reccu-

49 4135 217 4209 sioucm,
248 4134 303 4195 sed
336 4134 443 4212 potius
469 4130 678 4214 Auouymum
709 4133 748 4192 ab
775 4130 880 4192 altero
906 4130 1086 4209 collegisse.
1115 4127 1187 4192 Hoc

48 4241 179 4299 nutem
200 4233 232 4298 in
255 4236 368 4313 primis
391 4236 552 4314 probatur
572 4236 613 4295 ab
634 4233 778 4314 ejusdem
802 4232 1036 4321 consuetudine
1059 4250 1121 4293 nou
1137 4249 1189 4292 so·
