2886 4784
160 467 272 530 quam,
295 447 354 510 nisi
376 462 434 526 per
455 450 616 520 mortem,
639 445 776 527 disiungi
788 465 800 525 3
831 453 865 508 et
896 445 1019 511 idcirco
1040 466 1059 511 a
1080 449 1265 532 coniugibus

160 557 275 613 mutuo
296 547 481 611 tolerandos
502 564 571 610 esse
601 546 746 628 cujusvis
777 548 902 627 generis
935 547 1107 625 defectus,
1139 560 1270 632 excepto

161 661 267 715 umen
287 649 463 725 adulterio,
487 667 529 713 ex
555 665 622 728 qno
650 649 767 712 marito
789 649 866 713 lieet
887 649 983 712 talem
1006 669 1024 713 a
1046 670 1109 715 suo
1133 653 1269 717 thelame

160 769 337 830 amovere;
358 750 436 830 quin
459 750 560 826 nitra,
581 748 638 829 qui
660 748 813 829 iujuriam
836 765 948 828 passus
969 759 1019 814 est
1042 751 1116 827 vir,
1139 762 1271 832 quaerat

162 853 202 915 de
223 851 334 931 poenis
355 849 524 912 adulterae
555 846 733 928 infligendis
752 848 796 912 ob
816 849 879 912 boe
900 848 1034 914 crimen.
1058 847 1184 915 Verum
1208 859 1270 916 tan·

161 961 230 1017 tum
252 950 393 1028 mandat,
416 957 466 1027 ut,
484 951 550 1031 ipsa
573 949 700 1014 dimissa
722 968 740 1013 a
762 950 860 1014 domu
880 969 960 1030 sna,
983 951 1025 1015 ab
1045 971 1084 1016 ea
1106 965 1270 1034 separatus

159 1057 260 1131 niret,
283 1071 342 1117 nee
362 1053 459 1115 allam
480 1052 579 1115 ducat
603 1070 764 1127 uxorem,
786 1060 962 1131 expectans
973 1096 985 1128 ,
1006 1056 1032 1117 si
1055 1054 1143 1119 lorte
1164 1057 1270 1136 resipi-

159 1162 229 1219 scat
249 1162 287 1220 ut
307 1171 423 1218 rursus
443 1153 647 1229 conveniant,
664 1152 716 1216 vel
737 1152 833 1217 aliter
852 1161 1013 1235 perpetuo
1035 1155 1169 1235 abjiciat
1188 1175 1268 1233 eam,

161 1265 194 1321 et
215 1257 282 1337 ipse
302 1273 362 1336 per
382 1273 417 1318 se
438 1261 577 1318 maneat.
1133 1308 1137 1315 .

238 1354 455 1437 Nequaquam
476 1355 516 1419 ad
540 1355 679 1419 mosaica
699 1359 835 1433 statuta,
858 1358 1013 1438 inquam,
1032 1357 1077 1423 de
1097 1358 1270 1439 lapidanda

161 1476 268 1522 uxore
288 1457 438 1522 adultera
460 1457 637 1538 appellarit
657 1455 753 1522 lesus
773 1457 938 1539 disputans
958 1478 1035 1525 cnm
1069 1461 1269 1540 pharisaeis,

157 1576 263 1640 acque
284 1558 324 1621 ad
343 1558 490 1640 J'udaicas
512 1558 698 1623 traditiones
723 1559 764 1622 de
789 1560 932 1624 tollendo
953 1561 1108 1642 conjugio
1137 1562 1181 1626 ob
1212 1564 1270 1629 hoc

161 1667 195 1724 et
214 1659 331 1723 similia
354 1658 484 1722 delicta.
517 1658 590 1723 Alie
613 1661 697 1723 euim
719 1668 791 1723 orat
810 1659 930 1726 Christi
953 1663 1061 1725 missio
1082 1679 1102 1724 a
1125 1661 1223 1726 Patre
1241 1667 1271 1727 ia

160 1761 247 1825 bunc
269 1758 438 1826 mnndum.
453 1757 543 1823 Et'in
559 1762 620 1826 bec
635 1761 797 1825 adulterii.
810 1779 906 1825 cansa
928 1761 1087 1842 quidquid
1110 1765 1268 1842 agendum

159 1870 265 1940 esset,
298 1862 410 1925 docuit
441 1860 526 1941 apud
552 1860 710 1927 loannem
733 1882 762 1927 c.
787 1860 877 1925 Vlll.
899 1864 953 1926 nbi
975 1881 993 1925 a
1016 1863 1210 1944 pharisaeis,
1231 1865 1267 1929 ad

157 1982 233 2027 eum
254 1963 363 2026 delata
389 1963 526 2025 muliere
547 1963 578 2024 iu
600 1962 763 2027 adulterio
785 1963 996 2041 deprehensa,
1014 1967 1213 2030 tentantibus
1234 1972 1268 2031 ut

159 2073 289 2145 possent
308 2081 463 2127 accusare
484 2081 574 2136 enm,
589 2063 774 2143 respoudit:
790 2061 847 2146 qui
859 2063 927 2128 sinc
936 2075 1064 2144 peceato
1079 2078 1125 2130 est
1136 2076 1268 2131 vestrm

153 2164 281 2244 primus
302 2163 338 2226 in
358 2162 452 2226 illem
472 2163 608 2242 lapidem
628 2160 744 2241 mittat,
760 2166 1005 2243 accusatoribus
1019 2169 1204 2247 increpans,
1218 2167 1270 2248 qni

159 2285 235 2331 enm
257 2266 367 2347 stipsi
387 2273 492 2328 essent
513 2273 724 2345 peccatores,
746 2266 889 2329 aliorum
910 2275 1123 2346 peecatorum
1155 2287 1269 2349 poenas

160 2375 365 2448 quaererent
383 2364 538 2447 ldeoqne,
554 2366 629 2431 cu'm
650 2375 684 2431 et
704 2369 926 2431 accusantium
947 2376 980 2431 et
999 2382 1174 2434 accusatae
1188 2371 1267 2434 idem

158 2477 230 2533 crat
249 2468 417 2542 delictum,
435 2485 495 2547 par
515 2485 649 2548 quoqne
670 2469 853 2531 debebatur
874 2486 999 2547 poena,
1024 2472 1076 2532 nel
1104 2481 1269 2536 accusatu·

160 2571 250 2633 ribus
268 2570 443 2646 absolutis,
460 2568 556 2633 etiam
579 2577 728 2632 accusata
751 2569 945 2631 absolvenda
968 2578 1049 2634 erat.
1067 2572 1117 2635 Ac
1139 2572 1269 2653 preinde

160 2671 264 2750 legem
288 2668 408 2752 Moysis
429 2673 689 2751 praetermittens
709 2670 805 2735 lesus
826 2670 866 2734 de
891 2672 1074 2749 adulteris,
1105 2675 1179 2754 tege
1208 2675 1267 2738 cle·

158 2774 297 2835 meuttee
324 2790 417 2847 usus,
437 2772 606 2836 silentibus
628 2773 894 2850 accusatoribus,
922 2776 967 2836 ait
998 2775 1154 2839 mulieri:
1177 2793 1270 2855 neque

159 2891 213 2954 epo
236 2882 264 2934 te
285 2873 503 2937 condemnabo.
531 2873 625 2949 Vade,
645 2874 758 2956 etjam
790 2873 930 2955 amplius
962 2874 1032 2938 ooli
1059 2885 1269 2957 procurrent

167 2977 210 3038 ita
232 2973 301 3039 Deo
322 2983 354 3039 et
375 2978 495 3041 bomini
518 2977 724 3041 reconciliata
745 2976 908 3054 adultera,
931 2986 1159 3045 reverteretur
1176 2979 1215 3042 ad
1232 2981 1271 3042 vi·

162 3094 235 3140 rum
256 3094 366 3140 suum.

239 3175 313 3243 Non
334 3184 382 3241 est
403 3195 503 3257 porro
525 3179 659 3254 mirum,
674 3179 699 3242 si
715 3152 815 3259 prisci
834 3177 997 3244 Ecclesiae
1014 3178 1128 3243 Patres
1149 3199 1192 3244 ex
1214 3181 1269 3243 boc

159 3276 317 3342 Matthaei
341 3279 522 3342 testimonio
542 3281 715 3359 specialem
741 3298 839 3360 supra
872 3291 995 3345 ceteras
1025 3282 1182 3345 adulterii
1207 3284 1264 3346 cir·

158 3379 658 3457 eumstantiam.considerarim,
682 3391 816 3461 propter
845 3400 942 3461 quam
967 3401 1053 3445 uxor
1075 3383 1264 3446 refractario

160 3478 257 3541 domo
279 3477 432 3557 abigitur,
449 3495 522 3542 cum
545 3479 628 3542 hauc
650 3480 749 3559 ipsam
772 3483 934 3559 potissime
955 3481 1187 3545 animadvertit
1209 3481 1267 3544 Do·

162 3579 279 3641 miuus.
303 3575 474 3641 Humanae
493 3581 655 3643 societatis
677 3584 977 3656 conservationem,
999 3582 1163 3657 salutem,
1188 3591 1268 3645 tran·

160 3677 370 3757 quillitatem,
385 3679 528 3744 ordinem
552 3682 725 3760 repetenda
747 3701 816 3746 esse
830 3701 848 3747 a
864 3684 1024 3747 connubio
1046 3685 1145 3746 maris
1160 3694 1193 3746 et
1208 3684 1268 3746 loa·

161 3780 266 3840 minae
288 3795 381 3842 nemo
403 3788 462 3856 est,
478 3781 534 3858 qui
555 3781 691 3860 ignoret.
715 3780 880 3862 ldeoqne,
902 3803 976 3848 cum
999 3784 1042 3845 ibi
1064 3787 1200 3848 innovet
1221 3782 1270 3846 le·

159 3897 238 3954 sus,
260 3898 345 3959 quae
366 3882 407 3943 ab
428 3882 517 3947 initio
540 3883 649 3946 mundi
670 3890 792 3948 statuta
814 3884 944 3949 inerant
964 3887 1003 3947 de
1025 3886 1171 3966 conjugii
1193 3888 1270 3946 insu·

159 3978 335 4056 lubilitete,
361 3993 397 4046 nt
417 3985 481 4047 sint
502 3984 568 4047 dno
591 3985 622 4047 in
644 4003 740 4048 earne
763 4005 825 4049 une
848 3987 1043 4060 indivisibili,
1060 3997 1094 4050 et
1116 3990 1179 4051 boc
1199 4004 1269 4050 eon·

163 4089 212 4143 tra
235 4099 351 4163 pravas
372 4087 515 4164 gentium
537 4088 786 4152 eonsuetudines
808 4089 903 4152 valde
925 4098 1001 4152 tnnc
1022 4089 1054 4151 in
1078 4093 1160 4153 orbe
1185 4090 1268 4152 iuva·

159 4182 329 4262 tescentes,
351 4188 419 4251 sire
441 4188 598 4253 hebraeos
617 4197 764 4280 spectes,
782 4189 834 4258 tel
856 4200 981 4256 ceteras
1002 4191 1150 4257 nationes
1173 4192 1267 4270 (qua-
