2886 4784
247 341 289 412 ad

249 456 300 509 tus
322 443 512 508 orthodoxis
534 443 687 524 opposuit
708 440 834 505 divinae
857 437 1045 523 Scripturae
1070 438 1188 507 verba:
1209 437 1282 525 Epo
1297 464 1372 507 rum

245 542 330 607 Dens
354 543 488 606 Patrem
509 553 685 605 vestroruin
704 564 713 605 a
736 562 789 623 eqo
806 543 933 622 primns
959 553 987 605 et
1016 543 1233 608 novissimus:
1257 563 1326 607 non
1346 563 1376 605 e·

245 655 326 710 runt
346 642 405 706 tihi
426 641 472 705 dii
492 641 602 706 alieni.
625 643 735 719 Quare
758 645 881 706 labitur
902 645 1046 720 collatio,
1070 665 1166 726 quam
1184 651 1270 709 inter
1287 645 1372 710 Noe·

247 755 318 811 tum
340 754 372 810 et
393 746 597 810 Heraclitum
620 745 711 826 lingit
733 747 944 828 Anonymus:
968 766 1111 826 quorum
1144 767 1257 811 seusus
1283 749 1370 810 adeo

248 851 334 914 inter
355 868 389 912 se
413 852 538 911 variant
558 849 652 911 sicuti
675 865 771 910 causa
795 848 901 910 diliert
924 849 964 909 ab
986 848 1116 911 ellectu.
1257 846 1262 855 ’

332 947 413 1013 item
435 949 622 1013 Heraclitus
643 950 708 1011 huc
724 949 803 1011 illuc
819 951 1003 1011 discurrens
1020 953 1050 1012 in
1065 968 1125 1012 suo
1142 950 1370 1028 philosophiae

248 1063 422 1133 systemate
445 1061 625 1136 creatorem
643 1070 718 1113 cum
743 1061 894 1115 creatura
920 1051 1107 1115 contundit:
1139 1050 1293 1114 Homines
1308 1051 1369 1123 dii,

249 1153 298 1217 dii
310 1151 462 1216 homines,
477 1151 523 1215 Ac
539 1158 618 1214 teste
634 1154 701 1231 ipso
717 1152 880 1216 Clemente
896 1153 926 1213 in
939 1149 1035 1215 Libro
1048 1151 1086 1214 V.
1100 1150 1297 1226 stromateo,
1311 1155 1369 1214 ait:

251 1277 269 1316 ι
291 1256 446 1318 muudum
462 1255 610 1315 eumdem
637 1256 863 1316 universorum
889 1272 994 1341 neque
1009 1253 1145 1315 deorum
1164 1255 1254 1316 ullus
1278 1252 1369 1326 iecit,

250 1375 310 1420 uec
325 1357 511 1418 hominum:
530 1356 584 1418 sed
600 1354 661 1416 luit
682 1373 810 1434 semper
830 1365 862 1417 et
883 1365 941 1428 est,
960 1362 990 1417 et
1006 1359 1069 1418 erit
1084 1356 1163 1433 ignis
1177 1372 1310 1434 sempor
1327 1357 1371 1417 ri·

252 1477 342 1529 vens,
366 1475 531 1519 mensuras
552 1456 750 1531 accendens,
774 1465 805 1518 et
826 1460 1016 1536 extinguens
1039 1476 1218 1520 mensuras.
1244 1475 1262 1512 a
1284 1454 1371 1519 Noe·

250 1564 303 1621 tus
320 1575 397 1619 vero
411 1554 575 1618 Trinitatis
602 1556 793 1642 Mysteriuna
819 1560 958 1634 negavit,
983 1559 1104 1620 veritus
1131 1577 1171 1619 ne
1196 1558 1271 1618 inde
1293 1555 1370 1618 deo·

252 1675 325 1721 rum
348 1656 528 1720 inferretur
551 1659 739 1733 multitudo,
764 1668 798 1720 ut
821 1661 903 1720 idem
926 1660 1007 1720 dixit
1035 1658 1236 1738 Epiphanius
1259 1678 1290 1719 n.
1316 1653 1371 1718 tv·

253 1757 336 1822 «Tu
361 1777 450 1834 vero,
469 1759 508 1819 mi
524 1760 633 1833 homo,
657 1761 734 1839 quid
760 1748 885 1821 tandem
908 1758 1031 1823 ailers'?
1053 1759 1102 1822 Aa
1125 1761 1207 1822 illud
1233 1763 1371 1832 vereris,

250 1877 291 1922 ue
310 1854 448 1922 deorum
463 1855 509 1920 illi
527 1861 765 1924 multitudinem
783 1863 946 1933 invehant,
964 1862 1019 1941 qui
1035 1871 1263 1923 sacrosanctae
1278 1858 1368 1923 Tria·

249 1961 281 2022 di
306 1980 418 2024 rerum
440 1963 669 2041 sincerumque
691 1962 816 2025 cultum
839 1963 989 2024 adhibent
1001 1983 1012 2040 3
1030 1963 1151 2042 quique
1176 1965 1324 2025 veritatis
1338 1970 1370 2025 et

251 2064 348 2126 unius
369 2063 555 2127 Catholicae
577 2063 743 2126 Ecclesiae
773 2074 846 2125 suut
879 2063 963 2124 filiii
987 2062 1203 2125 Vehementer
1224 2081 1329 2126 erras.
1351 2082 1370 2120 a

250 2159 334 2226 Hiuc
352 2162 513 2226 Pamelius
536 2167 566 2225 in
589 2166 670 2226 uotis
685 2161 877 2225 Tertulliani
897 2163 939 2226 De
951 2160 1257 2243 praescriptionibus
1270 2160 1370 2225 Haer.

251 2281 283 2326 ιι.
304 2259 356 2329 tt.
378 2266 417 2329 de
439 2267 499 2329 deo
527 2268 620 2345 igneo
650 2284 691 2328 ex
720 2263 887 2327 Heraclito
917 2268 1039 2345 inquit:
1072 2287 1087 2322 ιι
1111 2262 1230 2348 Utrum
1260 2272 1371 2327 autem

251 2367 348 2428 etiam
371 2368 611 2429 haereticorum
634 2367 735 2445 aliqui
758 2385 797 2428 eo
819 2367 998 2428 dementiae
1023 2366 1167 2426 venerint
1202 2373 1238 2427 ut
1268 2366 1373 2444 ignem

251 2468 397 2531 dicerent
419 2467 537 2542 ileum,
562 2470 716 2530 hactenus
739 2471 882 2554 reperire
905 2487 967 2530 non
989 2469 1092 2529 licuit.
1116 2486 1132 2524 n
1156 2465 1302 2542 Tamen,
1327 2469 1373 2527 in·

251 2586 349 2648 quam
372 2587 445 2647 ego,
468 2587 672 2647 nequaquam
697 2567 837 2630 Noetum
859 2570 912 2630 sed
937 2571 1042 2647 potius
1060 2567 1208 2646 Apellam
1224 2566 1374 2629 Heracli·

250 2669 274 2730 ti
295 2677 488 2732 sectatorem
505 2670 613 2730 dicere
632 2670 787 2747 potuisset
801 2669 1009 2751 Anonymus:
1028 2688 1127 2746 quum
1145 2669 1301 2744 angeium
1320 2686 1374 2729 su·

253 2769 391 2846 perioris
409 2765 467 2829 [lei
490 2768 598 2830 mundi
622 2777 802 2830 creatorem
824 2766 951 2846 ipnenm
973 2773 1190 2844 nuncupasset
1214 2767 1265 2828 vel
1281 2785 1376 2845 anpe-

253 2869 320 2931 lnrn
341 2869 480 2948 ienenm,
502 2871 598 2932 sicuti
621 2870 659 2931 de
681 2889 719 2930 eo
743 2869 824 2930 idem
847 2871 957 2931 scribit
978 2867 1216 2931 Tertullianus.

334 2969 374 3034 Et
397 2972 458 3032 hoc
480 2980 528 3033 est
549 2971 710 3054 Anonymi
730 2971 873 3032 studium
897 2973 983 3033 circa
1017 2969 1173 3031 Heracliti
1206 2972 1376 3048 opiniones

228 3070 294 3132 'de
316 3068 396 3144 Deo,
420 3089 500 3149 quas
522 3073 579 3133 etsi
603 3072 728 3150 penitus
750 3073 930 3132 contrarias
962 3069 1058 3132 Noeti
1087 3070 1285 3144 doctrinae,
1309 3072 1378 3132 Au·

253 3181 326 3235 otor
346 3172 554 3235 nihilominus
576 3172 615 3233 ad
637 3191 732 3234 suum
754 3190 887 3249 scopum
913 3173 1041 3233 trahere
1063 3181 1216 3243 conatur,
1241 3180 1281 3234 ut
1302 3190 1378 3233 con·

252 3272 364 3335 cludat
400 3282 467 3335 tum
501 3273 613 3333 falsam
646 3273 744 3350 ipsius
776 3272 981 3344 doctrinam,
1017 3291 1089 3333 curn
1123 3273 1215 3350 iquo
1249 3274 1377 3352 potissi-

253 3392 342 3434 mum
365 3375 522 3448 miratur)
539 3372 662 3436 Callisti
685 3373 790 3450 Papae
812 3373 956 3434 scholam
986 3372 1081 3432 aliam
1105 3376 1239 3435 omnino
1258 3375 1374 3436 haberi

252 3473 293 3535 ah
315 3493 373 3547 ea,
396 3491 494 3552 qnam
517 3472 663 3535 Christus
685 3471 781 3536 Jesus
803 3473 951 3533 instituit.
976 3471 1011 3532 ln
1035 3472 1095 3533 hoc
1127 3491 1205 3535 sane
1238 3474 1380 3538 intendit

143 3638 148 3644 ,
252 3575 413 3657 Anonymi
437 3573 583 3652 pertidia.
607 3572 655 3632 ild
680 3573 741 3634 hoe
764 3574 904 3634 vertitur
926 3591 1025 3633 vanus
1047 3574 1147 3649 ipsius
1169 3574 1268 3637 lahor
1290 3577 1378 3638 circa

254 3673 409 3749 Noetum,
433 3682 465 3735 et
488 3673 713 3751 pravissimum
744 3681 775 3734 et
809 3674 1013 3734 vanissimum
1047 3672 1194 3752 ejusdem
1228 3675 1379 3738 studium

252 3778 395 3854 putantis
418 3793 460 3836 ex
482 3774 541 3835 hac
563 3771 719 3834 Heracliti
742 3781 774 3834 et
794 3770 889 3834 Nocti
914 3772 1109 3834 refutatione
1131 3773 1310 3838 conlutare
1335 3778 1379 3839 si·

255 3873 325 3936 mul
347 3881 587 3952 praesumptam
609 3873 820 3935 callistianam
845 3873 1013 3934 haeresim.
1032 3869 1138 3946 Quam
1162 3875 1194 3935 iu
1217 3883 1380 3954 sequente

254 3992 324 4053 cap.
350 3973 389 4036 ii.
415 3976 457 4036 ita
481 3976 636 4054 exponit:
831 4054 836 4064 ,

335 4073 363 4138 t.
374 4099 390 4136 ιι
409 4075 498 4138 Hanc
521 4076 677 4139 haeresim
692 4074 846 4137 iniciebat
858 4071 1023 4147 Callistus,
1042 4072 1090 4133 vir
1103 4073 1133 4134 iu
1146 4075 1234 4137 omni
1250 4077 1382 4141 scelere

256 4175 556 4253 exercitatissimus,
582 4174 820 4237 versutissimus
841 4172 879 4234 ad
905 4169 1121 4248 mendacium,
1138 4174 1195 4252 qui
1212 4176 1386 4256 episcopa·
