2886 4784
1164 380 1222 450 111

520 497 677 547 ennrouus
699 496 823 546 111111

153 681 349 766 quaestionis
371 680 577 764 oriqenionue
597 704 618 745 o
641 680 803 763 Theophili
823 689 922 746 oetote
944 688 971 744 et
991 679 1171 746 successive.

142 927 216 1054 :um
240 988 344 1053 altera
365 989 562 1070 quaestionis
583 989 787 1069 origenianae
816 987 969 1069 periodus
1002 988 1222 1067 percurrenda

145 1091 199 1155 bis
220 1092 275 1166 sit,
298 1090 340 1152 ob
361 1090 477 1155 oculos
499 1091 589 1170 prins
611 1091 731 1166 habere
752 1098 919 1170 praestat,
951 1107 1035 1170 qnae
1065 1088 1223 1168 Origenes

142 1193 255 1257 ribaus
276 1193 316 1254 11
338 1192 459 1256 amicos
480 1191 722 1267 alexandrinos,
740 1191 949 1254 lalsatoribus
971 1190 1127 1270 epistolae
1146 1208 1227 1255 suae

142 1313 217 1359 ram
240 1314 275 1359 11
296 1296 449 1358 convictis
471 1302 504 1357 et
526 1293 696 1368 salutatis,
717 1292 853 1371 subdits
873 1313 890 1352 «
912 1290 1023 1373 Siquis
1054 1309 1127 1371 erqo
1156 1291 1226 1354 uult

142 1396 236 1459 edere
255 1394 336 1458 mibi
356 1392 390 1460 in
411 1402 574 1475 conspeetu
598 1393 654 1456 Dei
674 1391 827 1473 loquenti,
849 1391 943 1457 etiem
965 1394 1001 1456 de
1019 1391 1079 1470 lu's,
1095 1392 1228 1476 quaein

141 1497 244 1561 istola
263 1515 331 1561 mco
351 1497 485 1578 confictu
504 1505 591 1573 sunt,
612 1506 641 1558 et
660 1495 781 1559 inserto
801 1496 917 1558 eredat.
941 1492 999 1559 Sin
1020 1503 1123 1558 nutem
1155 1492 1227 1574 quis

142 1618 172 1663 et
193 1599 325 1670 111111,σ
345 1598 398 1660 sed
418 1599 487 1662 uult
507 1598 543 1660 de
563 1616 610 1659 me
631 1598 710 1661 mele
734 1595 845 1678 loqui,
876 1596 955 1661 mihi
984 1595 1109 1679 quidem
1140 1592 1226 1659 nihil

141 1696 223 1762 anni
244 1699 377 1778 confert.
401 1696 476 1761 Erit
496 1707 600 1761 nutem
620 1697 686 1776 ipse
707 1697 811 1777 falsus
832 1697 919 1760 testis
939 1698 1026 1778 opud
1046 1694 1159 1775 Deum,
1174 1698 1232 1760 ud·

141 1819 224 1867 rcus
242 1798 429 1881 proximum
450 1818 544 1865 suune
557 1801 681 1881 fulsum
695 1797 910 1863 testimonium
925 1802 974 1863 oei
987 1798 1105 1877 dicens,
1121 1802 1169 1863 uel
1183 1798 1232 1863 di·

141 1900 257 1969 ntibus
277 1903 418 1964 eredens.
439 1921 456 1961 »
1055 1896 1059 1903 ’

191 2003 236 2069 Et
258 2008 330 2085 quis
346 2003 524 2068 crederet'l
543 2002 699 2080 Quamvis
721 2003 879 2086 ejusmodi
901 2003 1131 2068 obtestationes
1153 2005 1231 2067 emi·

140 2109 191 2173 rit
212 2107 371 2187 Origenes
393 2108 512 2170 desua
535 2106 597 2169 fide
626 2107 773 2182 sincera,
803 2107 932 2186 saepius
954 2124 1033 2170 voce
1055 2114 1088 2168 et
1108 2107 1231 2184 scripto

140 2218 281 2273 novatus
303 2227 414 2272 coram
435 2207 579 2272 Ecclesia
602 2208 632 2270 in
656 2209 874 2288 praesentium
895 2215 927 2270 et
949 2215 1158 2287 posterorum
1177 2225 1230 2271 ae·

140 2310 346 2384 ficationem,
367 2317 402 2373 ct
422 2316 496 2373 uta
520 2309 697 2373 maledictis
719 2309 953 2373 cohiberentur
974 2308 1228 2383 obtrectatores,

140 2411 393 2479 remanmodum
413 2429 455 2474 cx
476 2430 502 2475 a.
521 2410 680 2490 Pamphili
701 2410 809 2475 studio
830 2411 954 2475 lactum
970 2418 1044 2475 este
1067 2409 1231 2473 nihilomi-

140 2532 174 2578 ss
197 2522 271 2593 post
291 2521 422 2577 centnm
444 2513 677 2593 quinquaginta
699 2531 811 2588 annos,
834 2513 864 2575 in
885 2512 1004 2592 quibus
1025 2513 1065 2575 de
1085 2512 1152 2575 suis
1173 2512 1231 2574 ho·

140 2617 218 2680 ibus
241 2616 466 2696 triumphavit,
489 2616 652 2678 communi
676 2634 735 2695 pro
750 2634 790 2678 ao
806 2623 967 2694 pugnante
982 2613 1147 2679 Ecclesiae
1161 2631 1231 2677 san-

139 2735 167 2792 1,
188 2717 275 2780 buno
298 2717 405 2778 sirum
428 2716 566 2779 vidimus
588 2734 629 2778 ex
652 2722 758 2779 tantae
780 2716 903 2796 gloriae
925 2715 1069 2779 cuimine
1090 2716 1122 2777 iu
1143 2715 1232 2795 igno·

139 2818 232 2879 tiniae
253 2834 392 2880 coenum
414 2815 636 2880 descendisses
660 2816 769 2896 ibique
791 2817 872 2879 adeo
896 2816 1093 2892 volutatum,
1118 2823 1155 2878 ut
1178 2833 1231 2894 pe·

139 2919 271 2981 tetentim
296 2919 351 2980 vix
374 2917 543 2997 vestigium
565 2916 697 2997 aliquod
719 2925 902 2996 superesset
927 2916 1015 2980 illius
1036 2915 1230 2996 splendoris,

139 3031 187 3094 qno
207 3025 299 3079 antea
323 3018 381 3098 per
402 3017 515 3080 orbem
537 3018 692 3094 emicuit,
715 3036 752 3080 11
774 3019 844 3099 ejus
866 3036 982 3080 nomen
1004 3017 1085 3080 lere¹
1101 3019 1232 3080 unirer·

138 3113 182 3176 siu
202 3116 405 3181 benedictum
427 3126 679 3187 converteretur
701 3119 732 3181 in
748 3118 1017 3182 maledictionem.
1036 3116 1234 3197 111111111-

138 3228 167 3287 to
184 3217 220 3280 de
242 3218 304 3281 boe
326 3236 389 3280 nou
410 3217 648 3299 obstupescet?
669 3238 773 3299 neque
796 3219 894 3300 hujus
917 3219 1058 3283 11111111
1074 3217 1233 3282 vicissitu-

138 3311 202 3382 linis
223 3320 397 3383 rimabitur
417 3338 563 3396 eausam,
587 3322 639 3384 val
660 3319 855 3386 auctorem?

200 3418 234 3482 11
249 3418 351 3484 Tomo
367 3419 425 3484 111.
440 3422 633 3486 authenticis
648 3425 797 3503 aptisque
813 3423 862 3486 nsi
879 3422 1067 3486 testimoniis
1082 3419 1231 3497 Palladii,

138 3503 418 3604 1111111111,
442 3520 618 3587 Innocentii
641 3523 747 3602 Papae
771 3523 794 3585 1.
822 3523 986 3600 Socratis,
1010 3521 1179 3586 Soznmeni
1200 3528 1234 3583 11

140 3607 274 3698 Horum,
288 3626 343 3703 qui
360 3643 401 3687 ax
413 3625 561 3705 professo
575 3625 625 3689 rel
640 3625 746 3688 obiter
760 3627 842 3688 hane
858 3632 1036 3688 texuerunt
1052 3624 1232 3698 historiam,

137 3725 341 3788 narravimus
363 3743 466 3806 quare
488 3724 687 3807 Theophilus
710 3729 857 3807 princeps
888 3726 1123 3806 oppositionis,
1157 3741 1231 3786 cnm

139 3817 209 3889 rius
231 3826 311 3889 bene
333 3831 468 3892 senserit
490 3829 529 3890 de
550 3828 712 3909 Origene,
737 3839 869 3909 repente
897 3837 1019 3892 mutata
1052 3829 1232 3900 sententia,

137 3917 340 3991 “lentissimo
363 3929 439 3991 odio
462 3930 492 3990 iu
514 3918 664 3994 eumdem
686 3940 718 3994 et
741 3931 840 4013 hujus
863 3939 1017 4010 patronos
1049 3923 1231 4007 irruperit,

137 4025 226 4180 igum
248 4029 344 4104 aliis,
366 4047 427 4093 suo
448 4033 556 4095 studio
578 4034 757 4113 perversis,
782 4033 822 4094 ad
844 4051 878 4095 se
898 4032 1009 4095 accitis
1029 4039 1230 4110 expugnato-

137 4128 139 4169 *
170 4144 222 4195 us.
997 4188 999 4192 .

198 4229 784 4316 9111111111111111111111111
811 4235 940 4300 initium
966 4233 1062 4298 aliter
1091 4251 1188 4314 quam
1215 4251 1232 4294 a
