2886 4784
1219 411 1277 478 til

159 508 260 571 motis
282 514 316 571 et
336 524 449 571 causas
470 508 600 572 arianae
616 508 802 575 haereseos:
821 533 837 570 «
854 512 952 574 Arios
973 521 1081 575 autem
1107 531 1203 589 unus,
1220 519 1278 591 ait,

160 609 193 671 in
217 608 487 692 presbyterorum
510 617 671 687 numero,
700 616 755 691 qui
779 623 870 674 crant
890 614 951 674 sub
974 612 1162 675 Alexandro
1185 617 1215 676 in
1238 635 1278 678 eo

159 711 267 790 prado
296 708 418 785 locali,
446 713 495 772 vir
520 712 765 774 dialecticarum
794 714 999 791 argutiarum
1032 715 1159 775 minime
1190 717 1278 794 iguo·

160 830 232 887 rus,
248 814 476 892 suspicabatur
498 815 684 891 episcopum
706 813 954 891 (Alexandrum)
977 833 1128 877 errorum
1144 814 1277 879 Sabellii

160 914 305 977 voluisse
326 915 365 976 de
389 917 513 994 integro
536 919 566 979 in
590 915 767 979 Ecclesiam
801 918 1030 992 introducere,
1062 919 1279 982 contentionis

159 1017 271 1080 studio
293 1020 452 1090 incensus,
469 1019 508 1078 od
525 1018 720 1097 opinionem,
736 1000 819 1098 quae
842 1019 935 1082 alteri
953 1019 1024 1081 Alri
1046 1021 1187 1099 opinioni
1210 1029 1282 1083 eret

159 1110 292 1181 o'rnnioo
315 1122 493 1194 contraria,
517 1117 678 1182 deflectit:
702 1121 818 1182 acerbe
840 1130 871 1182 et
893 1138 1019 1200 aspere,
1037 1129 1072 1184 ut
1096 1121 1279 1196 videbatur,

160 1220 249 1295 ill-is,
272 1239 357 1300 quae
378 1222 418 1282 ab
440 1223 592 1302 episcopo
614 1222 697 1284 dicta
720 1232 831 1297 erant,
855 1224 1022 1296 occurrit,
1054 1233 1086 1286 et
1113 1222 1279 1286 affirmat:

160 1321 186 1384 si
211 1320 308 1384 Peter
330 1323 440 1401 genuit
463 1320 581 1385 Filium
604 1333 665 1385 etc.
689 1343 704 1381 n
731 1323 903 1386 Praeclare
927 1326 1026 1402 igitur
1047 1333 1195 1399 constat,
1219 1343 1281 1387 nou

158 1423 220 1487 sub
253 1423 349 1486 Petro
378 1428 529 1504 episcopo
558 1437 706 1488 exortam
737 1446 805 1488 esse
829 1427 897 1489 Arii
926 1428 1107 1500 haeresim,
1135 1427 1188 1487 sed
1221 1426 1282 1490 sub

160 1522 377 1588 Alexandro:
401 1545 437 1588 oc
460 1528 594 1604 proinde
616 1530 641 1589 sl
665 1528 723 1589 ista
747 1526 825 1588 laisa
850 1536 1028 1602 notantur,
1053 1545 1138 1606 quae
1160 1545 1282 1608 anony-

160 1644 234 1689 mus
257 1627 384 1691 Auctor
407 1630 564 1692 dolorum
588 1631 740 1710 martyris
761 1649 786 1691 s.
812 1630 897 1691 Petri
921 1631 997 1692 dicit
1018 1629 1057 1690 de
1080 1628 1180 1706 hrio;
1208 1631 1277 1708 pori

150 1727 241 1808 iure
263 1747 347 1808 quoe
370 1738 479 1791 narrat
502 1732 540 1791 de
562 1728 702 1809 Origene
725 1740 754 1791 el
779 1728 917 1793 Heracla
942 1732 1026 1792 inter
1058 1729 1136 1792 laisa
1170 1731 1282 1793 decer·

164 1829 267 1892 nenda
293 1838 380 1905 sunt,
404 1849 508 1909 eoque
535 1833 634 1908 magis
659 1832 744 1911 quod
768 1848 874 1906 nemo,
899 1840 934 1894 ui
956 1832 1035 1906 dixi,
1059 1830 1147 1893 illius
1169 1832 1283 1896 aetatis

159 1929 224 1992 boc
249 1938 396 1993 testetur.
424 1929 610 2006 Quinimmo
633 1951 674 1994 ex
696 1930 865 2010 Theophili
896 1932 994 2011 ipsius
1020 1931 1218 1994 confessione
1244 1934 1276 1994 iu

162 2034 232 2095 suis
261 2033 405 2111 epistolis
432 2035 634 2111 paschalibus
662 2036 816 2107 eruitur,
838 2034 965 2095 nullum
989 2034 1027 2094 ad
1052 2053 1144 2097 suam
1174 2052 1279 2113 usque

159 2138 301 2194 aetatem
325 2135 603 2212 comprehendisse
625 2135 813 2214 hujusmodi
835 2136 1016 2198 sceleratam
1043 2133 1223 2198 doctrinam
1245 2140 1276 2199 iu

158 2230 312 2312 Origcnis
334 2235 437 2298 libris.
461 2233 551 2299 Unde
577 2255 654 2315 ergo
683 2237 831 2298 scandala
858 2246 890 2298 et
914 2239 1065 2314 dissidia,
1092 2256 1177 2318 quae
1202 2238 1276 2300 ideo

158 2352 386 2415 perseverasse
408 2339 485 2400 dicit
507 2337 696 2423 Anonymus
719 2358 822 2419 usque
845 2339 883 2400 ad
910 2340 994 2402 Petri
1017 2337 1186 2403 aetatem?
1208 2336 1248 2417 (i)

242 2438 337 2514 Quod
363 2459 438 2503 vero
460 2441 491 2501 iu
512 2442 624 2503 eadem
640 2442 773 2520 epistola
791 2449 882 2519 putat
904 2439 1122 2525 Hieronymus
1143 2442 1186 2504 ob
1203 2458 1279 2520 sup·

156 2542 295 2623 positum
319 2544 557 2622 praevalentem
581 2544 751 2616 haeresim,
776 2543 954 2607 mullorum
978 2544 1202 2624 refrigeratam
1224 2560 1276 2606 ca-

159 2645 314 2716 ritatem,
345 2647 438 2725 quasi
470 2646 580 2724 plures
612 2643 744 2724 Origeni
774 2646 938 2709 haeretico
968 2648 1279 2725 patrocinareutor;

157 2746 295 2810 subdam
318 2764 376 2827 ego
399 2749 563 2824 primum,
586 2765 648 2808 uno
671 2751 806 2809 istorum
829 2746 1055 2826 refrigeratam
1081 2748 1275 2824 caritatem,

157 2847 212 2912 sed
231 2845 400 2928 Theophili
421 2856 452 2910 el
473 2849 627 2922 aliorum,
646 2867 727 2928 quos
748 2868 858 2912 secum
880 2849 990 2912 doloso
1008 2850 1153 2913 traduxit
1170 2861 1205 2913 ut
1222 2869 1281 2928 pu·

158 2958 294 3032 gnorent
316 2951 472 3013 adversus
495 2954 649 3013 innocuos
670 2961 702 3012 et
724 2953 891 3031 religiosos
915 2954 1013 3027 viros,
1038 2954 1086 3015 uti
1109 2956 1176 3031 ipse
1198 2952 1278 3015 scri·

158 3055 205 3116 bit
229 3052 442 3116 innocentius.
466 3052 631 3124 Secundo,
655 3072 728 3116 eum
751 3058 796 3118 ait
819 3074 938 3131 paucos
959 3072 1019 3117 suo
1040 3054 1136 3116 lateri
1156 3053 1271 3134 jungi,

158 3157 243 3219 idem
266 3165 314 3218 est
334 3173 371 3217 ac
393 3157 528 3231 diceret,
546 3157 703 3233 plurimos
724 3159 814 3236 sequi
837 3156 1025 3235 Origenem,
1040 3164 1079 3217 ul
1099 3155 1184 3229 vult,
1203 3156 1277 3216 hae·

158 3260 298 3322 relicum
320 3267 352 3319 et
374 3276 494 3336 paucos
515 3278 624 3320 secum
649 3259 766 3320 habere
788 3260 888 3336 ipsius
910 3266 1162 3336 expugnatores.
1187 3255 1276 3321 Haec

158 3360 297 3438 ingenua
321 3358 493 3432 conlessio,
510 3361 573 3421 huc
596 3360 733 3422 redactis
748 3378 853 3438 nuper
867 3362 1015 3438 expensis
1032 3359 1071 3422 de
1089 3377 1161 3421 vero
1179 3377 1279 3439 quae·

157 3463 270 3525 sliouis
303 3461 432 3535 indole,
455 3480 549 3524 sensu
572 3463 712 3535 inverso,
737 3461 991 3524 manifestissimo
1014 3463 1132 3525 indicat
1154 3481 1276 3541 paucos

159 3570 239 3627 tunc
263 3563 374 3639 luisse,
390 3565 446 3643 qui
468 3562 640 3642 Origenem
665 3572 696 3625 et
718 3566 893 3626 monachos
916 3566 1082 3626 nitrienses
1099 3566 1281 3628 haereticos

159 3665 405 3738 existimarent,
428 3681 466 3725 ac
487 3664 668 3741 plurimos,
693 3667 748 3743 qui
772 3683 871 3728 unum
894 3674 925 3725 et
947 3665 1027 3744 alios
1052 3665 1195 3728 lacerent
1227 3683 1280 3728 or·

158 3766 333 3829 thodoxos.
354 3765 393 3827 Et
415 3767 477 3828 hoe
498 3767 645 3846 perhibet
660 3767 892 3845 amplissimum
917 3767 1134 3827 testimouium
1156 3766 1277 3828 discus·

238 3987 270 4060 (*)
291 3987 326 4042 in
343 3987 389 4043 his
406 4006 429 4044 s.
450 3973 525 4044 Petri
539 3989 617 4044 Actis
629 3989 799 4057 Demetrius,
815 3989 863 4060 qui
876 3988 1028 4060 Origeuem
1041 3985 1075 4041 ab
1087 3985 1212 4042 Ecclesia
1222 3986 1277 4042 ale-

162 4081 301 4136 xandrine
317 4082 580 4150 excommunicavit,
602 4094 716 4138 vocatur
736 4081 821 4138 beatos
832 4103 840 4149 ;
860 4098 923 4137 cum
950 4081 1028 4136 nulla
1054 4087 1147 4136 tamon
1174 4080 1280 4136 hucus-

161 4191 231 4248 que,
252 4175 344 4247 quoad
363 4177 531 4250 investigare
549 4177 648 4250 potui,
668 4175 743 4233 illius
762 4176 866 4234 montio
884 4180 1011 4233 occurrat
1028 4175 1057 4230 iu
1077 4173 1178 4234 Mraois
1197 4191 1277 4249 grue-

160 4285 271 4323 corum.
