2886 4784
159 318 198 386 ll

161 438 225 485 ras.
250 416 408 484 lacertam
428 425 473 481 est
491 428 568 483 atra
585 437 664 498 pora
676 416 713 481 ia
726 415 909 482 discrimine
922 428 1079 498 versetur,
1093 440 1130 486 ea
1143 441 1181 486 ae
1192 441 1260 503 qaae

159 533 255 599 secat,
276 539 320 584 aa
341 539 376 582 eu
397 537 477 598 qaae
496 530 631 583 secatur.
649 519 757 583 Veluti
773 521 917 584 diceret:
936 532 1078 603 uterque
1093 526 1176 586 euim
1196 544 1259 589 eoo·

159 624 221 706 jux
243 622 323 687 idest
344 624 400 703 quui
422 619 565 696 dimittit,
588 631 621 684 et
640 639 725 700 quae
747 619 923 684 dimittitur
944 623 975 685 iu
996 625 1181 688 discrimine
1201 644 1260 687 ier·

159 733 253 789 satur
273 721 489 797 adulterandi,
506 739 580 784 eum
602 740 686 784 unus
707 720 748 783 ab
768 722 870 784 altera
892 731 1062 801 separatus
1085 724 1195 788 luerit.
1216 724 1262 790 Se-

161 841 220 888 eus
241 831 349 886 autem
371 822 446 896 erit,
462 821 578 901 inquit,
594 823 621 885 si
638 823 807 884 maritusa
829 840 863 885 se
884 822 1007 887 evellat
1027 843 1169 889 uxorem
1183 825 1263 888 adul·

162 925 371 1003 tammonis
394 941 494 1003 genus
515 924 719 1002 corrumpit3
734 941 773 985 ne
794 931 826 985 et
847 921 902 985 liat
924 926 1087 1005 particeps
1109 927 1263 1006 pravitatis

161 1027 273 1101 illius,
295 1026 373 1105 quin
395 1033 501 1086 tamen
521 1023 656 1086 alterius
679 1025 825 1087 mulieris
845 1025 1033 1106 eonjugium
1055 1036 1205 1107 quaerat.
1226 1029 1264 1090 de

163 1131 207 1192 ita
230 1129 335 1206 pergit
355 1126 524 1189 ostendens
547 1127 676 1200 airum,
700 1143 838 1189 uxorem
869 1126 1084 1191 dimittentem
1117 1148 1157 1192 eo
1186 1129 1262 1209 quod

164 1227 321 1292 lornioata
343 1227 397 1302 sit,
412 1243 475 1289 uon
496 1242 565 1288 esse
586 1242 716 1287 eausam
737 1225 891 1288 adulterii
913 1226 1014 1303 illius,
1029 1229 1055 1290 si
1077 1228 1192 1293 deiude
1206 1231 1262 1310 ipsa

163 1329 449 1411 passariniacum
467 1326 535 1407 jam
556 1324 598 1388 ob
619 1325 703 1387 idem
725 1324 880 1404 ilagitium
902 1345 972 1390 eam
994 1347 1013 1391 a
1035 1349 1070 1393 se
1091 1333 1262 1395 amovisset.

245 1426 374 1489 iuterim
398 1443 476 1489 tero
496 1445 523 1489 s.
540 1423 719 1504 Gregorius
742 1428 894 1491 bortatur
915 1431 1068 1492 maritum
1093 1443 1129 1494 ut
1149 1440 1261 1495 eastum

84 1513 87 1522 ¹
165 1538 198 1593 et
219 1529 413 1591 benevolum
434 1546 469 1590 se
490 1537 581 1607 gerat
603 1546 680 1607 erga
714 1527 907 1609 conjugem:
931 1550 947 1588 a
972 1528 1020 1593 Ta
1050 1550 1126 1612 erpo
1153 1550 1191 1596 ae
1215 1535 1263 1613 fiae

161 1628 278 1710 {taviae
298 1627 438 1701 alienas,
459 1645 556 1707 aeque
577 1625 652 1689 aliis
679 1629 803 1706 plaeere
832 1630 982 1692 studeas:
1014 1629 1045 1692 ei
1075 1642 1181 1698 autem
1209 1633 1262 1696 alie

163 1728 387 1810 transferaris,
401 1725 495 1790 etiam
510 1727 601 1807 parti
620 1735 692 1791 taae
708 1726 901 1807 praescribis
922 1729 1097 1796 libidimm.
1114 1731 1212 1808 Quasi
1225 1733 1262 1794 di-

164 1842 275 1896 cereis
298 1849 336 1892 oe
357 1829 413 1891 des
435 1830 531 1892 oxori
555 1837 629 1892 tuae
660 1828 865 1892 adulterandi
897 1833 1122 1908 occasionem,
1152 1835 1260 1899 alietate

164 1931 318 1996 mulieres
340 1930 580 2010 coucupiscens.
597 1926 643 1991 lta
665 1931 749 1992 euim
770 1947 867 2010 apem
887 1932 983 1993 etism
1006 1935 1092 2012 parti
1108 1935 1263 1999 tuaeidest

161 2037 263 2098 ‘uxori
287 2045 361 2094 tuere
383 2030 572 2110 praescribis
593 2030 784 2106 libidinem,
808 2041 844 2114 ut
864 2033 931 2110 ipsa
960 2050 1097 2113 quoque
1128 2036 1262 2100 meerbe-

159 2146 245 2208 tur,
268 2145 299 2195 et
322 2132 421 2210 ipsios
443 2130 499 2192 llas
520 2130 672 2193 adulterii
695 2149 782 2195 reas.
809 2130 981 2212 inquibus
1008 2135 1117 2199 verbis
1147 2138 1262 2216 respicit

160 2246 196 2299 et
215 2233 381 2298 eosseiodit
399 2231 518 2296 Christi
539 2250 720 2294 sermonem
742 2252 784 2296 ex
808 2251 837 2296 t.
859 2230 889 2298 9.
910 2233 989 2314 feeit
1011 2254 1081 2298 eam
1103 2236 1260 2310 moecliari,

163 2341 242 2418 quin
256 2347 363 2398 cetera
385 2335 462 2396 citet
477 2350 534 2394 aee
556 2332 707 2395 discutiat
727 2334 836 2395 dieta:
858 2342 887 2396 et
906 2333 1005 2398 aliam
1026 2335 1170 2414 daaerit,
1194 2356 1259 2401 mat·

162 2439 297 2508 elsatam·
318 2445 347 2497 et
366 2432 423 2513 qai
442 2431 605 2495 dimissam
625 2431 767 2506 aeserta,
783 2433 973 2498 merebatur.
989 2435 1052 2500 Sed
1075 2457 1118 2502 ex
1139 2441 1262 2502 adversa

162 2542 272 2603 statim
294 2536 402 2598 subdit
423 2555 464 2597 ex
490 2534 651 2597 versiculo
671 2529 722 2599 l0.
747 2531 832 2608 Quid
856 2538 954 2614 igitur
974 2537 1156 2616 discipuli?
1177 2537 1212 2602 Si
1229 2535 1263 2599 ita

164 2651 208 2703 est
229 2657 326 2701 caasa
346 2633 481 2698 irremissis
501 2654 572 2697 eata
594 2654 704 2708 uxore,
718 2652 783 2695 asoa
804 2635 928 2714 expedit
948 2637 1062 2700 nabere
1078 2650 1142 2702 ete.
1162 2639 1201 2704 Et
1215 2642 1262 2702 boe

160 2744 245 2805 idem
268 2740 363 2802 docet
385 2740 416 2798 io
438 2736 566 2798 duabus
589 2736 733 2814 epistolis
756 2737 795 2796 ad
822 2735 996 2800 Verianum
1029 2750 1063 2803 et
1094 2741 1135 2802 ad
1168 2741 1264 2825 Olym·

164 2844 272 2923 plume
296 2839 364 2915 ubi,
385 2847 484 2917 atqtte
498 2837 575 2901 alibi
604 2856 667 2900 noo
687 2847 823 2916 apparet
845 2839 952 2900 textus
970 2841 1136 2919 vulgatos,
1159 2843 1263 2921 dequo

164 2945 360 3023 disputatur.

245 3042 340 3106 Haud
363 3040 460 3102 aliter
480 3057 497 3100 a
519 3058 545 3102 s.
567 3037 729 3118 Gregorio
749 3058 774 3102 s.
798 3037 936 3103 basilius
958 3042 1152 3122 frequenter
1182 3043 1263 3107 disse

162 3164 236 3209 reus
258 3146 297 3205 de
318 3140 499 3221 conjugiis,
525 3149 599 3218 apta
622 3159 663 3202 ex
684 3139 861 3219 seripturis
882 3143 1007 3219 colligit
1029 3141 1262 3207 testimoniata

161 3246 296 3328 epistola
316 3242 355 3303 ΙΙ.
371 3241 500 3306 Canope
514 3234 564 3304 t8.
588 3261 628 3302 ex
645 3238 812 3303 Matthaeo
827 3243 892 3303 ait:
911 3242 1106 3323 qaieamqae
1123 3241 1265 3308 dimiserit

161 3364 294 3408 asserem
307 3363 397 3404 saara
412 3329 565 3438 παρεκτός
593 3336 690 3430 λόγου
712 3335 862 3440 aspediae
892 3354 1021 3421 excepta
1051 3341 1265 3424 soritieatioais

160 3464 272 3518 caasa,
293 3444 373 3524 facit
394 3463 462 3506 eam
484 3444 653 3518 aioeebari,
668 3448 784 3507 ueteris
800 3443 1034 3522 praetermissis
1048 3443 1264 3506 additionibus.

160 3545 241 3609 ltem
264 3547 295 3607 iu
316 3544 451 3623 epistola
477 3543 499 3605 l.
523 3543 651 3607 Canope
671 3541 700 3609 9.
723 3545 801 3605 citat
833 3542 938 3605 biarei
968 3543 1164 3606 senteutiam
1186 3536 1264 3605 ab

159 3647 350 3727 quietemque
371 3646 528 3708 dimiserit
549 3665 680 3707 amorem
700 3664 805 3719 suam,
820 3655 848 3707 et
873 3641 973 3705 eiiam
993 3643 1139 3719 duxerit,
1161 3642 1266 3708 adalb

159 3747 246 3811 riam
268 3747 433 3811 committit
453 3766 546 3825 saper
575 3766 654 3807 eam.
677 3745 834 3808 Similiter
863 3746 893 3805 io
922 3745 1058 3822 epistola
1088 3743 1146 3806 ΙΙΙ.
1179 3745 1274 3808 cose

160 3867 200 3912 ne
219 3847 270 3911 Π.
295 3847 401 3910 Lucae
423 3848 597 3911 oraculum
621 3850 736 3925 repetit
757 3866 785 3909 e.
812 3844 898 3906 xvi.
921 3844 970 3906 18.
997 3843 1113 3908 Osaais
1144 3845 1201 3926 qai
1229 3839 1265 3903 di·

157 3948 255 4010 mittit
277 3967 407 4010 amarem
427 3968 541 4020 saara,
563 3957 591 4009 et
612 3948 746 4009 aiteram
767 3944 856 4008 ducit
881 3944 1088 4006 meecbatur:
1108 3955 1139 4008 et
1159 3942 1215 4026 qai
1230 3938 1266 4004 di·

162 4048 292 4112 missam
312 4071 333 4112 a
346 4044 417 4111 airo'
436 4047 580 4122 asserta,
594 4049 786 4111 sumebatur.
804 4045 896 4111 Unde
910 4045 1081 4108 euuelodit
1102 4065 1180 4110 cum
1193 4046 1265 4121 dpe

161 4151 247 4216 stolo
269 4149 294 4212 l.
317 4153 356 4214 ad
379 4150 564 4216 Coriotbios
585 4169 614 4214 c.
638 4146 709 4213 vll.
733 4169 775 4215 ex
796 4146 925 4214 llomiui
946 4145 1121 4212 mandato:
1146 4161 1263 4211 uxorea
