2886 4784
163 358 225 432 adt

161 467 230 526 siro
251 462 388 536 actibus,
411 480 485 524 cum
508 460 723 534 orthodoxos,
741 477 852 521 coram
875 456 1019 522 Ecclesia
1044 460 1161 538 rogati,
1179 462 1258 542 insta

160 564 379 643 evangelicam
396 562 627 627 institutionem
642 581 676 625 se
691 561 894 635 exhiberent,
910 569 1051 623 attamen
1073 561 1156 625 clam
1174 571 1261 626 mente

162 667 311 745 corrupti
334 666 488 726 baeretici
512 673 706 741 putarentur
727 674 759 725 et
781 666 1086 726 condemnarentur.
1104 661 1144 726 Et
1162 683 1261 729 rnrsnt

161 769 246 841 dico,
264 767 325 829 boc
346 766 408 829 sub
428 767 498 829 sole
520 784 640 828 novum
663 766 847 845 inquirendi
868 782 968 845 genus
989 767 1019 826 io
1042 765 1184 845 alicujus
1198 767 1262 828 deli·

161 884 263 944 ctum,
280 870 404 932 cunctis
428 859 586 949 ignotum,
602 887 640 931 ac
658 868 880 931 tantummodo
903 869 933 928 in
955 868 1055 930 corde
1075 886 1137 931 suo
1160 888 1264 949 suppo

159 968 278 1035 situm!
304 969 345 1035 Et
366 971 397 1032 id
419 973 526 1050 quoad
558 972 730 1034 monachos
752 972 920 1034 nitrienses
952 981 985 1034 et
1016 971 1137 1033 horum
1169 983 1263 1051 patro·

161 1076 326 1136 nossetis.

179 1172 182 1176 ’
241 1173 356 1250 Quoad
380 1183 489 1237 autem
512 1174 708 1255 Origenem,
743 1177 811 1254 pari
840 1174 916 1256 jure
939 1194 954 1235 a
978 1175 1088 1254 poenis
1118 1176 1266 1239 cassanicis

161 1277 349 1339 absolvendi
371 1287 477 1352 erant,
500 1296 574 1339 cum
596 1278 719 1340 nollent
740 1277 944 1339 subscribere
969 1278 1168 1341 anathemati
1184 1277 1266 1358 ejus·

162 1378 234 1439 dem
255 1396 294 1440 ac
315 1396 451 1440 suornm
474 1377 647 1441 librorum.
671 1377 844 1457 Segregata
868 1381 950 1440 enim
977 1381 1169 1457 quaestione
1198 1379 1265 1458 dog·

160 1483 290 1554 metica,
314 1481 399 1541 cirea
422 1499 521 1559 quam
543 1481 690 1545 monachi
713 1484 878 1561 ceterique
901 1483 1142 1559 promptissimo
1165 1484 1263 1543 animo

160 1575 383 1643 convenerant
405 1598 466 1660 per
485 1582 716 1645 confessionem
740 1582 812 1644 fidei
842 1586 1005 1658 nicaenae,
1032 1582 1115 1646 idest
1145 1584 1265 1645 anatha·

160 1684 319 1745 matizatis
340 1684 444 1747 eidem
467 1683 626 1763 inscriptis
641 1685 808 1747 erroribus
819 1705 831 1762 ;
853 1703 890 1746 ac
913 1688 1078 1763 proposita
1094 1685 1263 1747 solummo-

161 1787 203 1846 do
225 1788 415 1863 quaestione
437 1788 573 1859 critica,
596 1785 853 1858 contenderunt,
881 1804 957 1848 num
981 1803 1098 1848 resera
1121 1785 1266 1864 Origenes

161 1889 356 1950 haereticam
380 1889 543 1968 professus
565 1898 648 1951 esset
669 1889 870 1961 doctrinam,
901 1898 932 1949 et
963 1906 1004 1949 an
1031 1888 1148 1950 falsata
1172 1888 1265 1949 loront

140 1990 260 2069 'ipsios
281 1992 425 2069 scripta3
447 1991 528 2050 adeo
551 1999 587 2051 ut
610 1992 763 2068 utrinqne
790 1990 909 2068 carique
941 1990 1063 2069 absque
1094 1989 1266 2052 offensionis

162 2098 193 2150 ct
218 2091 389 2152 haereseos
413 2099 502 2153 motu
523 2091 704 2170 disceptare
725 2089 861 2164 liceret,
883 2091 978 2153 sicuti
1001 2093 1032 2152 in
1056 2090 1210 2169 praelatis
1229 2088 1265 2149 di·

159 2200 247 2254 ctum
271 2201 331 2254 est.
1174 2183 1181 2198 '
1292 2180 1295 2187 *

237 2290 278 2354 Et
300 2310 414 2353 revera
438 2294 561 2370 primus
583 2291 681 2372 hujus
703 2309 820 2355 causae
843 2293 930 2354 testis
945 2293 1095 2355 oculatus
1112 2301 1201 2355 extat
1216 2291 1264 2354 Po·

157 2393 361 2456 sthnmiaous
382 2413 423 2455 ex
445 2395 577 2456 Severo.
601 2391 722 2455 Coacta
745 2393 828 2453 enim
852 2396 954 2467 norit,
981 2412 1067 2473 quae
1091 2402 1169 2457 tnnc
1198 2393 1261 2467 Ale·

157 2495 315 2556 xandriae
335 2504 406 2556 aeta
428 2504 523 2556 sunt:
541 2503 572 2554 et
588 2495 710 2573 ipseait
732 2515 766 2557 se
790 2513 850 2554 nnn
873 2514 989 2557 ausum
1013 2513 1082 2557 esse
1106 2496 1146 2557 de
1167 2496 1262 2572 dispu-

158 2597 294 2657 tantium
317 2613 484 2674 quoquam
507 2602 628 2657 temere
648 2596 820 2675 judicare:
846 2619 861 2656 n
888 2597 1155 2658 praestantissimi
1187 2596 1260 2659 enim

158 2699 221 2759 riri
243 2706 275 2758 et
297 2697 472 2759 doctissimi
496 2696 686 2759 ferebantur
706 2700 738 2759 in
764 2699 824 2761 hoc
857 2701 1033 2759 certamine
1067 2699 1263 2761 dissidere.»

161 2798 263 2860 l’orro
295 2800 350 2878 qui
380 2799 411 2859 in
432 2797 562 2878 Synodo
592 2800 802 2861 alexandrina
825 2801 1052 2880 disputabant,
1086 2801 1161 2862 hinc
1182 2809 1262 2863 erant

159 2899 358 2979 Theophilus
381 2910 413 2962 et
434 2920 508 2962 cum
524 2920 563 2962 eo
578 2902 703 2980 aliquot
720 2905 873 2982 episcopi,
891 2904 962 2963 inde
977 2905 1125 2964 monachi
1143 2905 1260 2965 nitrien·

157 2986 224 3064 ses,
242 3004 397 3067 Similiter
417 3004 529 3064 endem
556 3002 595 3064 de
628 3022 724 3065 causa
757 3007 988 3080 disceptabant
1009 3003 1208 3081 Epiphanius
1238 3011 1262 3064 et

158 3103 377 3186 Hieronymus
392 3124 466 3167 cunr
482 3103 605 3167 loanne
619 3107 906 3187 hierosolymitano
916 3126 926 3184 3
950 3103 1174 3187 Hieronymus
1194 3122 1259 3168 cum

157 3205 310 3269 Rnffino:
341 3204 540 3285 Theophilus
572 3226 646 3268 cnm
679 3207 933 3290 Chrysostnnro:
965 3209 1040 3268 item
1073 3205 1262 3286 Epiphanius

156 3326 232 3370 cnm
254 3306 446 3382 Theotimo,
473 3308 643 3370 Ammonio
665 3319 698 3370 et
721 3308 920 3390 Enthymi03
949 3311 1022 3370 item
1055 3306 1263 3391 Hieronymus

158 3427 234 3472 cnm
259 3408 413 3470 Palladio.
436 3406 666 3488 Unusquisque
691 3427 767 3471 vero
790 3429 832 3472 ea
855 3411 986 3489 proprio
1007 3409 1118 3471 studio
1139 3427 1180 3471 ex
1199 3408 1264 3488 inre

157 3528 220 3572 suo
242 3509 327 3572 alter
346 3511 378 3570 in
399 3510 541 3572 alterum
564 3513 776 3574 contendebat
798 3512 837 3572 de
858 3510 1007 3591 Origenis
1036 3511 1207 3588 doctrina,
1233 3510 1264 3570 de

158 3609 249 3673 libris
270 3613 350 3686 suis,
370 3622 480 3675 utrum
504 3612 666 3676 haeretica
689 3614 864 3687 docuisset,
887 3621 920 3675 et
941 3631 1018 3674 rrum
1034 3615 1136 3694 ipsius
1157 3615 1265 3692 scripta

159 3711 255 3791 impia
278 3713 428 3792 dogmata
452 3713 663 3776 continerent.
681 3711 797 3776 Cuncti
820 3716 849 3774 in
872 3714 940 3791 pari
964 3712 1149 3774 conditione
1167 3726 1266 3774 coram

160 3810 305 3876 Ecclesia
332 3815 557 3890 versabantur,
582 3811 692 3894 parom
715 3815 823 3897 fidem,
847 3814 1059 3894 eamdemque
1081 3813 1266 3877 catholicam

161 3913 341 3976 doctrinam
365 3916 514 3997 professi.

238 4012 287 4076 Ac
308 4015 380 4078 ideo
402 4017 444 4078 ibi
466 4034 528 4078 non
552 4025 673 4079 tantum
698 4035 853 4098 personae
875 4017 1081 4097 disceptantis
1097 4015 1267 4082 auctoritas

160 4123 236 4178 tunc
257 4117 504 4193 quaerebatur,
527 4136 631 4196 neque
656 4121 764 4182 varius
787 4120 817 4180 in
839 4117 983 4182 Ecclesia
1008 4119 1152 4198 gradus,
1174 4133 1266 4197 qnan-

161 4225 228 4278 tum
251 4215 383 4280 illnrum
406 4217 566 4299 cujusque
580 4228 771 4300 argumenta
789 4231 863 4302 apta
879 4221 1126 4302 quaerebantur
1140 4220 1180 4284 ad
1197 4217 1267 4284 alio·
