2886 4784
234 312 255 384 i

229 426 318 492 sunt,
342 417 490 479 exerceri
512 424 544 478 et
565 421 714 478 evertere
736 431 873 492 nequam
896 415 1040 492 ipsorum
1062 415 1223 478 doctrines
1245 425 1277 478 et
1298 415 1346 476 iu·

229 519 397 594 conditas3
419 526 452 579 et
471 523 544 596 apta
570 514 699 578 veritati
723 517 892 578 ostendere
922 516 1083 594 dogmata.
1107 514 1218 590 Quum
1243 519 1346 596 igitur

227 622 307 683 haec
330 622 372 680 ita
395 639 428 680 se
452 618 612 692 habeant,
636 626 797 696 qnatenus
819 616 975 693 promisi,
998 617 1175 679 secuudum
1198 625 1342 679 nostram

230 722 385 782 virtutem
408 720 583 781 inferemus
603 719 804 781 eversionem
820 719 977 794 ipsorum,
995 718 1142 779 omuibus
1157 717 1202 779 eis
1217 727 1344 780 coutra-

229 824 371 884 dicentes
396 823 426 881 in
450 828 605 900 sequente
626 819 724 880 libro.
750 817 922 880 Enarratio
944 819 1027 879 enim
1049 819 1080 879 in
1104 819 1236 896 longum
1271 802 1344 897 per·

228 926 272 998 git
294 933 329 984 ut
348 922 453 984 vides:
471 932 503 984 et
520 922 636 983 viatica
658 938 791 1000 quoqne
812 920 960 982 dabimus
980 919 1018 979 ad
1040 920 1240 981 eversionem
1255 918 1341 998 ipso·

228 1040 314 1097 rum,
338 1033 546 1086 occurrentes
568 1024 716 1085 omnibns
742 1021 907 1083 sententiis
938 1020 1115 1083 secundum
1147 1021 1342 1083 narrationis

227 1125 396 1201 ordinem3
420 1134 456 1185 ut
476 1125 576 1186 simus
597 1141 660 1185 uou
683 1129 807 1185 tautum
829 1120 1045 1195 ostendentes,
1062 1122 1116 1184 sed
1136 1123 1345 1184 vuluerantes
1400 1145 1404 1150 ·

229 1225 373 1304 undique
395 1226 541 1287 bestiam.
565 1243 581 1280 v

309 1323 357 1384 lta
379 1343 468 1398 sane,
496 1340 581 1402 quae
604 1323 656 1384 bic
678 1325 724 1385 ait
744 1341 770 1383 s.
788 1319 955 1396 irenaeus,
970 1325 995 1384 si
1012 1323 1072 1384 rite
1094 1323 1190 1385 simul
1213 1340 1343 1402 comps·

228 1430 365 1496 rentur,
395 1424 508 1484 eodem
538 1422 607 1484 iere
635 1430 748 1506 tenore
773 1421 884 1483 citavit
912 1421 1100 1504 Anonymos
1126 1424 1157 1482 iu
1185 1421 1339 1501 Prologo.

227 1521 265 1583 ln
280 1524 396 1584 ceteris
413 1539 491 1584 vero
514 1521 671 1600 usquead
688 1519 821 1582 Librum
839 1517 894 1581 tx.
911 1521 1060 1599 ampliori
1076 1521 1273 1591 discussione
1294 1525 1341 1585 iu·

227 1631 426 1698 terpretatns
448 1630 508 1696 est,
531 1640 616 1701 quae
640 1622 730 1684 brevi
752 1625 919 1684 enarravit
939 1639 964 1682 s.
988 1619 1126 1704 Martyr.
1150 1618 1185 1683 ln
1206 1641 1272 1701 quo
1292 1623 1341 1685 la·

197 1745 206 1755 ¹·
228 1721 308 1784 bore
330 1723 469 1785 maxime
491 1721 661 1784 ostendere
682 1723 770 1782 uisus
791 1729 838 1782 est
854 1720 1056 1802 Anonymus,
1081 1722 1261 1784 haereticos
1284 1722 1342 1783 do·

227 1827 419 1896 ctriuarum,
436 1842 516 1902 quas
536 1829 730 1897 statuerant,
746 1823 937 1900 principium
953 1831 1062 1883 nactos
1080 1823 1177 1885 inisse
1189 1842 1230 1887 ex
1249 1840 1341 1901 grae·

224 1942 340 1988 corum
364 1925 566 2003 philosophia
589 1932 620 1984 et
642 1924 777 1985 illorum
799 1922 969 2004 mysteriis.
993 1920 1033 1983 Et
1049 1922 1120 1984 ideo
1134 1912 1339 2003 quatuos-iu·

222 2029 361 2104 sumpsit
381 2026 503 2100 libros,
526 2026 702 2102 peculiaria
725 2032 840 2087 notans
863 2031 1032 2102 poetarum
1065 2032 1098 2084 et
1129 2025 1339 2105 philosopho·

226 2145 301 2191 rum
323 2129 491 2206 gentilium
513 2123 662 2208 aogmata
674 2148 686 2204 3
720 2145 758 2188 ac
792 2126 942 2204 deinceps
973 2125 1005 2186 in
1034 2125 1149 2188 ceteris
1179 2126 1270 2190 libris
1302 2145 1340 2191 ea

224 2214 418 2306 graecorum
440 2229 589 2307 dogmata
605 2236 773 2308 comparat
795 2228 1035 2303 baereticorum
1052 2226 1191 2304 placitis,
1208 2227 1239 2287 in
1253 2245 1339 2306 qnae

223 2329 369 2393 studiose
390 2330 556 2392 incumbit.
583 2326 735 2390 irenaeus
752 2346 830 2390 vero
845 2326 999 2388 alacriter
1013 2325 1087 2388 illos
1102 2326 1247 2413 refutans
1264 2328 1340 2391 bae-

225 2432 362 2501 reticos,
388 2433 446 2492 etsi
470 2432 530 2490 hoc
553 2430 636 2490 idem
659 2431 788 2507 putavit
809 2428 847 2489 de
870 2419 1173 2504 haeresum'ionte3
1196 2435 1339 2490 attamen

223 2548 321 2608 quam
336 2530 523 2592 brevissime
540 2531 570 2588 io
586 2525 683 2588 Libro
703 2525 745 2588 ll.
761 2545 790 2589 c.
804 2525 891 2588 xlv.
905 2545 934 2587 n.
950 2525 980 2590 2.
1001 2527 1162 2600 tractavit,
1179 2528 1339 2606 iuquiens,

209 2647 356 2708 graecos
378 2638 489 2707 poetas
510 2637 543 2690 et
563 2629 785 2706 philosophos,
808 2628 1036 2704 Antiphauem,
1053 2624 1250 2701 ‚Thaletem
1275 2625 1342 2688 Ho-

223 2749 363 2804 merum,
386 2729 679 2802 Anaximandrum,
703 2729 945 2806 Anaxagoram,
968 2725 1205 2801 Democritum,
1218 2725 1339 2806 Epicu-

224 2847 314 2902 rum,
336 2829 516 2900 Platonem,
542 2826 783 2906 Empedoclem,
806 2824 997 2899 Hesiodum,
1016 2823 1245 2908 Pythagoram,
1263 2823 1337 2888 Ari·

223 2928 374 2991 stotelem
397 2928 500 3005 (qnos
522 2935 555 2987 et
577 2927 768 2988 memoravit
790 2922 1000 3004 anonymus)
1024 2924 1143 3000 placita
1164 2942 1223 2987 sna
1246 2942 1339 3003 prae·

223 3029 341 3089 stitisse
364 3028 558 3089 haereticis:
583 3048 600 3086 a
622 3024 714 3101 Quae
736 3028 787 3088 isti
810 3031 1051 3103 congregantes,
1075 3032 1106 3085 et
1120 3027 1211 3103 quasi
1227 3035 1340 3090 cento·

222 3145 294 3189 nem
317 3146 359 3188 ex
380 3128 491 3189 multis
512 3138 544 3188 et
567 3127 709 3204 pessimis
732 3125 912 3204 panniculis
934 3124 1182 3198 consarcientes,
1199 3124 1333 3189 tinctum

222 3227 433 3305 superficiem
464 3226 576 3289 subtili
607 3226 741 3304 eloquio
771 3225 830 3286 sibi
860 3225 935 3303 ipsis
969 3234 1205 3301 praepararunt
1235 3236 1295 3289 etc.
1318 3245 1338 3285 s

223 3325 379 3389 Similiter
399 3346 424 3390 s.
448 3325 602 3389 irenaeus
624 3328 656 3388 in
679 3327 820 3404 Prologo
841 3325 946 3404 inquit
966 3341 1001 3385 se
1015 3319 1127 3412 ἐφόδια
1143 3329 1269 3402 viatica,
1284 3328 1337 3390 vel

222 3429 361 3492 subsidia
380 3431 600 3509 suppeditasse
616 3430 654 3491 ad
671 3432 843 3494 haeresum
857 3432 1029 3495 falsitatem
1042 3434 1336 3512 demonstrandam3

222 3547 260 3591 ac
283 3532 313 3591 in
336 3530 397 3591 line
418 3529 506 3593 Libri
532 3531 554 3591 l.
578 3532 816 3594 haereticorum
838 3534 954 3596 notatis
977 3537 1156 3610 erroribus,
1179 3534 1336 3598 subditse

222 3632 254 3692 in
278 3632 487 3709 sequentibus
510 3631 600 3693 libris
620 3627 733 3721 ἐφόδια
756 3634 884 3708 viatica,
902 3651 965 3697 'seu
978 3636 1173 3699 adminicula
1186 3633 1338 3714 suppedi-

224 3746 372 3802 taturum
395 3740 432 3801 ad
456 3760 584 3804 errores
607 3744 812 3817 evertendos,
834 3742 931 3805 sicuti
954 3760 1051 3821 qnam
1077 3744 1334 3821 praeclarissime

221 3840 368 3920 pertenit.
391 3842 578 3927 Anonymus
597 3863 674 3908 vero
689 3847 764 3908 item
780 3847 811 3907 in
829 3843 974 3906 Exordio
988 3846 1122 3924 spondet
1136 3865 1170 3908 se
1185 3863 1249 3908 uon
1263 3862 1338 3924 par·

223 3958 300 4002 vum
324 3943 493 4007 bominum
517 3947 602 4008 vitae
622 3945 802 4009 subsidium
817 3945 1003 4024 relinquere
1019 3946 1057 4008 ad
1074 3946 1272 4025 ettugteooos
1287 3962 1339 4008 er·

221 4057 323 4104 rores.
348 4041 387 4104 Et
410 4049 440 4107 in
463 4045 524 4108 lino
548 4044 635 4109 Libri
660 4044 714 4108 lx.
738 4047 795 4123 ait,
816 4064 851 4109 se
867 4046 1011 4108 omnium
1027 4047 1266 4113 haereticorum
1281 4065 1338 4128 pa·

223 4143 346 4207 tetactis
365 4148 544 4221 erroribus,
568 4149 715 4212 omnibns
737 4165 801 4210 nou
815 4165 913 4228 parva
929 4143 1045 4237 ἐφόδια
1059 4150 1175 4215 viatica
1188 4158 1246 4215 aut
1261 4149 1340 4215 snb*

222 4245 300 4307 sidia
327 4248 410 4310 vitae
435 4250 616 4328 reliquisse.
