2886 4784
148 493 295 568 condus,
320 494 376 574 qni
399 491 523 573 aliquot
550 492 640 552 annis
663 497 733 569 post
759 487 923 572 Synodum
951 487 1191 551 oecumenicam
1215 489 1268 550 de·

148 599 196 658 dit
215 599 300 658 banc
321 595 504 676 epistolam,
521 611 579 655 nec
600 594 641 653 ab
663 611 744 653 aevo
766 591 908 656 iudicati
931 609 989 654 nec
1011 598 1120 670 postea
1136 609 1194 652 noc
1211 611 1269 654 un·

146 717 252 778 quam
274 699 381 776 carpit
404 694 589 758 Pontificem
613 694 654 756 ob
676 695 796 756 decreti
821 693 1105 764 retractationem,
1138 713 1196 756 nec
1229 695 1271 756 ob

145 800 425 876 inconstantiam3
445 797 500 859 sevi
525 796 612 859 illins
634 798 735 874 carpit
759 796 973 874 pervicaciam
991 796 1020 856 in
1037 797 1271 874 patrocinando

143 913 178 965 et
201 902 368 964 servando
389 901 601 962 anathematis
622 897 755 979 jndicio.
781 897 820 959 Et
842 899 882 960 ob
904 899 977 973 boc,
994 899 1073 973 dixi,
1099 897 1271 962 Facundus
1351 902 1357 927 ¹

145 1005 178 1065 in
207 1004 429 1065 testimonium
453 1001 550 1082 bujus
572 1001 773 1080 pervicaciae
796 1001 873 1060 citat
896 997 1002 1076 Vigiiii
1031 1002 1161 1077 scripta.
1184 998 1274 1074 Qun·

144 1106 251 1166 modo
275 1122 353 1182 ergo
376 1104 511 1182 genuina
535 1111 566 1164 ct
589 1102 771 1165 authentica
795 1099 870 1161 fient
892 1119 908 1159 a
934 1118 983 1160 me
1005 1100 1145 1162 reiutata
1173 1101 1272 1164 docu-

146 1214 289 1278 menta,
314 1207 367 1267 ubi
390 1206 589 1267 contrarium
612 1205 769 1265 statuitur
801 1205 900 1281 ipsius
934 1200 1095 1263 Pontificis
1111 1202 1275 1283 ‘pervica-

145 1306 257 1372 ciae'?
280 1305 385 1381 Quam
409 1308 622 1385 pervicaciam
644 1306 701 1367 iiie
724 1307 789 1384 ipse
813 1305 936 1366 latetur
951 1313 982 1367 et
997 1306 1131 1382 corripit
1147 1303 1273 1367 Facun-

144 1410 228 1481 dus,
242 1409 300 1485 qui
323 1424 441 1485 negare
462 1407 638 1479 debuisset,
655 1422 764 1468 coram
784 1403 925 1466 Ecclesia
942 1421 979 1465 aa
995 1413 1156 1466 ostentans
1171 1405 1272 1485 scrip·

147 1519 195 1586 ta,
215 1520 258 1572 ut
278 1527 373 1570 suum
397 1508 611 1571 invalesceret
628 1509 659 1568 in
677 1504 783 1585 vigilii
806 1504 1036 1584 redargutione
1058 1507 1271 1587 propositum.

234 1610 390 1676 Ceterum
412 1628 470 1674 nee
496 1607 606 1672 Victor
628 1627 685 1671 nec
710 1608 881 1671 Facundus
909 1611 1044 1685 posteris
1072 1602 1269 1686 mandantes,

144 1730 240 1794 qnae
262 1713 305 1775 ob
326 1712 440 1775 ncnloa
462 1731 539 1774 snos
561 1712 600 1773 de
623 1712 682 1774 bac
705 1711 893 1790 quaestione
921 1717 1097 1773 evenerant
1126 1717 1197 1790 post
1219 1708 1273 1773 Vi-

145 1817 222 1896 gitti
251 1812 441 1878 iudicatum
474 1815 637 1894 usquead
661 1810 795 1876 Concilii
818 1810 856 1875 V.
881 1814 1076 1885 terminum,
1100 1813 1273 1875 conticuis·
1374 1857 1376 1862 -
1409 1834 1415 1843 “

145 1927 239 1991 sent,
264 1917 318 1978 sed
341 1917 379 1976 ad
403 1926 587 1978 extremum
611 1935 714 1995 usque
737 1924 843 1977 terrae
877 1915 1092 1993 publicassent
1123 1914 1275 1996 hujusce·

144 2021 239 2083 modi
263 2021 415 2080 momenti
438 2021 709 2080 circumstantias.
734 2015 969 2093 Quamobrem,
988 2026 1044 2079 ant
1066 2017 1194 2080 dicatur
1212 2015 1272 2078 Fa·

143 2121 280 2183 cundus
302 2121 497 2199 praecipue,
521 2128 634 2181 contra
657 2122 798 2197 seipsum
821 2138 927 2198 agens,
947 2121 1098 2181 mentitus
1114 2138 1195 2195 esse,
1218 2116 1272 2181 Vi·

143 2223 266 2301 gilium
284 2220 478 2300 pervicacem
500 2213 688 2300 nuncupans
711 2230 782 2299 post
803 2219 1004 2294 iudicatum,
1028 2221 1148 2300 quippe
1179 2238 1271 2282 unm·

143 2342 251 2405 quam
275 2340 291 2383 a
315 2323 445 2385 decreto
468 2306 679 2384 damnationis
702 2321 866 2396 discessit,
891 2340 964 2383 curn
996 2340 1109 2402 reapse
1131 2341 1171 2385 cx
1195 2321 1270 2401 ipsis

144 2424 358 2486 documentis
381 2431 589 2486 retractasset
613 2433 644 2484 et
668 2440 781 2485 rursus
796 2443 829 2484 sc
847 2423 960 2485 deinde
976 2417 1198 2486 emendasset:
1215 2432 1274 2486 aut

143 2529 285 2589 dicatur
307 2525 386 2586 ialsa
411 2526 543 2587 tenenda
567 2544 636 2587 esse
657 2535 773 2587 cuncta
795 2527 936 2605 scripta,
959 2530 990 2590 in
1013 2528 1131 2605 quibus
1150 2527 1272 2590 dubins

141 2637 175 2691 et
204 2626 368 2688 versatilis
390 2634 522 2688 notatur
539 2623 645 2705 Vigilii
661 2628 799 2699 animus,
823 2637 854 2688 et
876 2647 961 2708 quae
985 2629 1056 2690 irinc
1079 2639 1271 2692 consecutae

141 2738 227 2792 sunt
249 2725 423 2790 iustiniani
447 2746 521 2790 cum
542 2748 582 2789 eo
605 2728 785 2790 discordiae
808 2737 839 2789 ct
863 2731 1060 2792 vexationes.

233 2827 387 2890 Alterum
413 2848 490 2890 vcro
511 2830 788 2893 animadversione
811 2831 941 2909 dignum
964 2833 995 2892 in
1017 2832 1128 2893 eadem
1147 2829 1275 2895 Paeon*

141 2933 175 2995 di
202 2931 345 3008 epistola
361 2932 499 2993 eruitur
520 2950 560 2992 ex
589 2932 798 3010 sequentibus
826 2932 939 3009 dictis3
974 2933 1027 2993 ubi
1060 2933 1202 3013 appellat
1231 2932 1270 2994 ad

143 3033 374 3098 Constitutum
396 3033 548 3094 ultimum
571 3032 728 3095 adversus
750 3035 808 3094 tria
835 3031 984 3112 Capitula
1007 3052 1024 3094 a
1048 3032 1168 3114 Vigilio
1195 3033 1271 3097 sub·

140 3135 332 3212 scriptum:
357 3136 387 3196 in
410 3153 477 3214 quo
501 3135 591 3196 brevi
611 3153 772 3208 sermone,
790 3139 856 3215 ipse
878 3137 935 3208 ait,
953 3136 1118 3198 concludit
1134 3139 1271 3219 synoda·

140 3235 210 3299 lom
234 3245 266 3296 et
290 3237 483 3313 pontificiam
500 3237 737 3302 definitionem:
761 3239 814 3302 ubi
831 3240 966 3300 alteram
983 3239 1129 3302 excludit
1144 3240 1184 3302 de
1197 3238 1273 3302 Ori·
1337 3310 1341 3317 ⁴

140 3356 228 3418 gene
244 3339 465 3414 quaestionem
488 3348 519 3401 et
541 3341 709 3403 anathema
722 3361 732 3419 3
756 3349 787 3403 ct
815 3342 869 3405 ubi
901 3351 936 3404 ut
963 3341 1189 3424 apocryphum
1221 3359 1270 3403 rc·

141 3439 241 3516 pellit
276 3436 496 3501 Constitutum
529 3459 626 3516 supra
660 3443 793 3504 citatum
827 3442 920 3523 cujus
953 3445 1078 3505 initium
1108 3440 1194 3502 inter
1220 3440 1271 3502 ivr·

140 3558 298 3604 numeres
319 3540 568 3613 sollicitudines,-
591 3560 733 3621 quocum
758 3545 959 3607 restrictione
980 3545 1119 3624 quadam
1136 3544 1176 3605 de
1190 3541 1274 3604 Tbe-

140 3642 244 3705 odori
270 3645 486 3720 mopsuesteni
508 3646 656 3722 scriptis,
680 3645 901 3707 defendantur
924 3650 988 3707 tria·
1006 3645 1169 3723 Capitale,
1188 3645 1272 3707 unde

140 3747 265 3823 plures
288 3744 376 3806 illusi
398 3754 485 3818 sunt,
510 3748 540 3805 in
562 3746 682 3823 quibus
704 3765 732 3807 c.
760 3745 928 3808 baronius.
1302 3737 1305 3743 ’

239 3843 479 3906 Ιάοωιόίοαιυτ
507 3845 546 3908 de
578 3844 741 3907 Theodori
773 3848 908 3909 uscidae
940 3846 1121 3909 Caesareae
1149 3845 1272 3927 Cappa-

140 3949 263 4011 dociae
284 3947 448 4025 episcopi,
473 3946 610 4028 Mennae
632 3956 662 4009 et
686 3948 827 4009 aliorum
858 3949 1063 4010 damnatione
1099 3967 1138 4013 er
1164 3946 1271 4027 Vtgtttt

140 4051 332 4127 rescripto:
358 4051 444 4129 qnod
468 4051 591 4128 primos
615 4048 808 4112 Theodorus
830 4070 960 4131 nempe,
975 4052 1091 4112 ceteris
1112 4053 1141 4112 ei
1165 4069 1270 4113 assen-

140 4151 317 4226 tientibus,
340 4151 507 4214 decretum
531 4162 642 4214 contra
668 4155 727 4214 tria
752 4151 901 4232 Capitnin
926 4148 1185 4231 pertentantem
1215 4171 1271 4216 ex·

140 4269 316 4334 pressum,
341 4252 537 4333 publicarit,
561 4254 592 4316 e't
616 4255 767 4334 relegarit
791 4272 900 4318 coram
923 4253 1115 4335 quibusdam
1147 4256 1269 4334 graecia
