2886 4784
157 333 200 406 n
300 277 303 281 ,

68 470 73 482 ¹
157 461 241 506 unus
263 439 406 502 dolendii
427 448 459 502 et
479 439 563 502 alter
587 441 776 503 condemnat
800 441 858 504 tria
875 440 1039 522 Capitula,
1058 457 1153 506 nemu
1168 441 1261 507 ortlin

157 548 321 610 doxorum
344 548 438 622 (quos
459 544 601 623 appello)
624 543 750 625 ignorat
773 546 854 608 lianc
885 550 1108 626 quaestionem
1144 565 1203 609 non
1233 544 1262 605 ad

157 649 284 728 imperii
307 647 380 710 iaici
401 645 579 727 judicium,
603 648 656 708 scd
679 647 718 708 ad
742 646 920 710 Ecclesiam
943 649 1107 727 pertinere
1121 692 1133 718 ,s
1154 667 1216 710 non
1234 646 1263 706 ad

160 751 421 829 Imperatorem,
444 751 499 812 sed
521 751 560 812 ad
585 750 783 813 Pontificem.
806 749 839 813 Si
862 754 993 830 itaquo,
1019 761 1054 812 ui
1079 751 1194 812 volunt
1223 749 1264 810 ad·

160 853 316 924 versarii,
350 850 555 911 dissentiebat
579 847 714 927 Vigilius
737 869 752 910 a
776 849 981 928 lastinian03
1006 859 1037 913 ct
1059 854 1086 913 si
1118 853 1265 913 dissensus

161 954 234 1015 talis
255 962 338 1026 erat,
364 962 398 1014 ut
423 952 506 1030 Papa
531 954 592 1012 iria
615 951 764 1035 Capitale
788 954 838 1030 pie
860 962 978 1015 statuta
1013 953 1224 1026 defenderet,
1242 960 1264 1012 et

161 1056 361 1120 Justinianus
384 1056 478 1134 impia
503 1053 686 1133 refutaret3
708 1057 785 1135 quid
815 1056 1075 1118 concludendum
1112 1064 1266 1134 superesi,

161 1161 219 1222 nisi
241 1159 329 1237 qnod
353 1159 482 1218 dicatur
504 1157 665 1219 laicorum
689 1157 870 1237 principum
887 1160 916 1220 in
935 1158 1033 1220 rebus
1056 1157 1132 1219 fidei
1153 1159 1265 1219 decreti

162 1262 372 1343 praeferenda
396 1278 466 1322 csse
488 1259 725 1322 delinitionibus
748 1259 969 1323 Romanorum
989 1260 1197 1336 Pontificum,
1211 1261 1266 1340 oui·

164 1365 223 1426 bns
244 1362 341 1426 iesus
363 1363 394 1422 in
416 1379 551 1439 persona
575 1362 658 1422 beati
682 1361 768 1424 Petri
791 1362 878 1424 dedii
907 1362 1014 1424 claves
1051 1365 1143 1440 regui
1176 1362 1266 1424 coelo·

169 1464 272 1528 rum'l
294 1462 375 1526 Nam
405 1461 578 1525 iustiniani
604 1466 758 1525 sententia
782 1466 887 1544 (quac
908 1464 1003 1526 alieri
1027 1461 1137 1542 Vigilii
1164 1464 1265 1525 dicitnr

166 1566 409 1649 praevaluisse)
433 1566 463 1625 iu
486 1564 750 1630 condemnatione
773 1567 871 1628 trium
886 1564 1130 1644 capitulorum,
1149 1572 1264 1641 accepts

169 1672 230 1735 luit
252 1671 365 1733 deinde
387 1675 420 1732 ei
442 1670 575 1748 probata
600 1671 731 1750 abipso
761 1668 915 1732 Pontificc
944 1672 976 1731 in
1006 1668 1191 1731 Constituto
1217 1674 1265 1729 'non

128 1851 134 1859 ³
168 1781 315 1848 tautum,
343 1772 397 1834 scd
420 1789 436 1832 a
463 1771 593 1851 Pelagio
618 1772 640 1834 i.
665 1772 795 1850 Pelagio
820 1771 861 1835 ΙΙ.
880 1791 901 1832 a
923 1792 949 1833 s.
972 1769 1134 1851 Gregorio
1157 1770 1183 1833 1.
1203 1771 1265 1833 suu·

170 1894 234 1958 quc
256 1873 497 1940 successoribus
509 1895 520 1954 3
543 1884 575 1936 ei
597 1876 708 1951 altera¹
724 1873 831 1954 Vigilii
853 1875 1006 1937 scatentia
1031 1877 1061 1935 in
1083 1892 1199 1936 corum
1216 1862 1265 1935 ¹Cr·

170 1979 351 2059 pitulorum
375 1976 558 2049 defensione
580 1977 619 2037 ab
633 1977 752 2039 eisdem
772 1976 926 2040 refutata.
948 1973 989 2038 tn
1006 1974 1136 2054 quidem
1153 1974 1191 2036 ad
1206 1973 1266 2033 ianr

168 2081 409 2144 conclusionem
431 2081 602 2159 cogimur,
625 2079 761 2142 admissa
788 2080 947 2142 discordia
980 2080 1065 2140 inter
1099 2075 1263 2139 Pouiillccu

169 2190 201 2243 ct
223 2178 456 2256 domicianum,
473 2182 565 2242 istius
587 2190 720 2261 accepto
742 2188 772 2242 ct
795 2181 931 2242 alterius
946 2180 1126 2257 repudiato
1142 2177 1263 2238 decreto.

168 2281 200 2346 Si
225 2301 317 2357 iero,
338 2292 373 2344 ui
397 2283 505 2361 pietati
529 2282 721 2342 christianae
743 2284 858 2355 decet,
882 2281 920 2343 dc
944 2280 1050 2341 medio
1081 2279 1215 2341 tollatur
1230 2276 1263 2337 in

172 2393 221 2448 tcr
241 2375 419 2463 Principem
443 2392 474 2444 ct
499 2381 616 2461 Papam
640 2382 826 2463 hujusmodi
848 2383 1015 2457 dissensio,
1032 2399 1069 2442 ac
1092 2383 1264 2443 meritoris·

170 2496 284 2551 tuaiur
304 2486 414 2566 (quot
446 2485 650 2564 amplissimis
682 2487 881 2564 argumentis
908 2483 1143 2564 propugnari)
1171 2479 1262 2545 Eoris·

172 2593 239 2653 siac
272 2586 465 2668 Magistrum
488 2584 646 2667 vigilium
678 2595 709 2651 ei
741 2589 812 2668 ejus
838 2587 1034 2666 discipulum
1064 2584 1264 2650 lastinianum

171 2680 358 2761 convenisse
381 2690 411 2751 in
433 2689 619 2752 rciellcndis
642 2682 690 2751 his
713 2691 820 2770 pravis
842 2699 873 2751 ci
895 2678 998 2767 impiis
1021 2686 1191 2766 Capitulis,
1209 2694 1265 2744 tunc

175 2792 305 2856 tollitur
325 2790 365 2854 ab
389 2789 532 2854 Ecclesia
558 2791 769 2867 scandalum,
803 2802 841 2875 et,
865 2791 1051 2853 restituitur
1082 2787 1266 2851 Pouiiiicatm

173 2893 311 2962 Romani
334 2893 442 2956 decus.

212 3025 216 3033 ,
255 2992 305 3056 lia
325 3013 424 3074 porro
445 3014 479 3057 sc
501 2993 696 3056 continuisse
718 2992 936 3056 lastinianum
959 2993 990 3055 in
1012 2992 1072 3054 hac
1102 2991 1267 3072 quaestione

176 3103 301 3160 constat
329 3115 369 3159 ex
398 3095 515 3158 litteris
532 3094 630 3157 „datis
663 3095 702 3155 ad
736 3092 935 3174 Eutychium
965 3109 1026 3173 pro
1059 3088 1268 3156 convocatione

174 3197 331 3275 Consilii,
355 3217 430 3263 cum
452 3200 558 3278 inquit
578 3215 612 3260 se
635 3215 766 3258 vocasse
789 3199 819 3257 in
841 3193 960 3258 Urbem
984 3196 1153 3276 episcopos
1183 3201 1213 3257 ct
1236 3191 1268 3250 ia·

177 3310 372 3383 terrogassc,
395 3309 432 3364 ui
454 3301 639 3383 proferrent
662 3299 820 3380 judicium
853 3315 961 3360 suum.
995 3296 1134 3378 Insuper
1166 3299 1196 3358 in
1221 3289 1268 3370 epi·

175 3401 258 3465 stola
281 3400 319 3463 ad
344 3401 501 3480 quosdam
525 3402 623 3465 trium
647 3400 874 3480 capitulorum
905 3397 1118 3475 defensores,
1154 3397 1269 3459 miratur

176 3503 264 3586 quod
288 3521 349 3565 non
371 3521 495 3576 suum,
515 3503 569 3566 sed
595 3506 823 3567 universorum
848 3498 1092 3563 Ecclesiac‘Dei
1115 3499 1268 3584 antistitum

175 3604 333 3686 judicium
356 3604 436 3668 nihil
459 3604 640 3667 iaciendum
672 3606 876 3667 existimauit
901 3623 917 3662 a
942 3599 1145 3683 Quamquam
1166 3599 1267 3681 spira.

177 3708 234 3780 aii,
260 3703 483 3784 capitulorum
504 3704 649 3786 impietas
671 3705 838 3785 manifesto
857 3714 996 3786 pateram·
1011 3715 1115 3767 lamen
1139 3691 1270 3764 accinio

177 3807 235 3872 uei
255 3806 413 3896 antistites
440 3807 477 3870 in
499 3826 599 3872 unum
621 3818 827 3888 congregatos
849 3805 1032 3888 rogavimus
1054 3804 1135 3884 qnid
1154 3804 1270 3864 leorae·

177 3919 248 3973 reni
269 3910 518 3973 sentiendum.»
667 3894 671 3900 ⁴

261 4012 391 4088 Quanto
415 4032 514 4093 porro
534 4014 610 4095 Jure
627 4014 724 4076 luisse
747 4031 784 4074 ea
807 4012 955 4093 Capitnla
973 4011 1122 4071 damnata
1144 4009 1174 4068 in
1193 4002 1270 4083 Syro

182 4115 223 4176 do
245 4112 283 4175 V.
308 4123 419 4178 contra
444 4119 753 4194 praesumptionem,
770 4115 982 4193 ignorantiam
1006 4120 1038 4173 ci
1059 4109 1220 4189 perfidiam
1232 4098 1270 4158 ἅθ’

186 4216 373 4294 tensorum,
404 4217 615 4281 cnuicrantur
649 4217 804 4296 peculiari
838 4215 1063 4295 disquisitionc
1093 4212 1224 4274 discussi
1249 4199 1270 4257 li
