2886 4784
159 439 269 503 tibus:
292 405 450 522 quumque
469 439 512 501 ad
531 438 605 502 hore
625 438 778 522 discipali
798 440 865 522 :jur
879 447 939 504 etc.
956 441 998 502 ita
1023 451 1059 504 at
1080 335 1278 503 excludar&

161 542 281 616 altera,
296 542 391 606 sicuti
415 545 445 604 in
470 540 608 620 Vulgata
632 543 765 620 legitur.
788 541 897 605 Tertio
920 544 995 605 item
1018 553 1142 604 coastat
1165 544 1194 602 in
1217 541 1279 626 Cy·

158 644 225 705 rilli
247 644 398 706 citatione
419 644 560 705 alterum
583 643 760 706 desiderari
778 645 1034 707 hemistichium:
1051 642 1150 724 etqui
1164 642 1272 706 dimis-

159 765 230 806 sum
251 743 393 819 decerit,
409 745 601 806 nrocchotur.
618 748 666 808 hc
687 745 817 808 deinum
839 746 1059 821 concluditur,
1078 746 1158 806 hanc
1179 762 1277 825 quam

157 847 291 909 exhibet
313 848 482 909 lectionem
498 846 640 930 Cyrillns
663 848 691 907 in
715 847 776 908 hoc
798 847 1042 920 commentario,
1056 847 1204 908 eamdam
1222 847 1277 908 ha·

160 944 243 1017 beri,
258 965 356 1026 qnam
382 954 506 1007 veteres
543 947 715 1027 scriptores
738 946 896 1022 Clemens,
913 944 1080 1026 Origenes,
1096 947 1217 1026 aliique
1237 965 1279 1009 ex

160 1049 302 1126 antiquis
325 1045 503 1108 Bibliorum
533 1047 696 1109 codicibus
718 1049 757 1108 ab
780 1047 914 1110 eeclesia
937 1047 1146 1109 alexandrina
1163 1047 1278 1126 proba·

159 1150 200 1212 tis
224 1152 510 1226 transcripserunt.

242 1247 353 1312 Nolim
379 1256 483 1310 tamen
500 1249 567 1311 'hoc
590 1248 705 1329 Cyrilli
729 1249 946 1311 testimonium
973 1248 1176 1326 praeterire,
1199 1250 1276 1327 quin

157 1350 275 1414 sedulo
304 1352 558 1412 animadvertam
593 1352 674 1414 illud
709 1353 807 1429 ipsius
838 1352 960 1412 dictum
984 1346 1033 1439 pud
1064 1343 1118 1417 ἐπὶ
1146 1349 1278 1454 πορνέιᾳ

156 1469 225 1515 aaa
245 1450 280 1512 od
306 1447 548 1528 fornicat-ionem
580 1463 671 1514 entra
704 1453 901 1514 versiculum
922 1451 952 1518 9.
978 1457 1132 1517 insertum
1143 1476 1153 1533 3
1186 1459 1272 1536 qnod

162 1556 206 1615 ita
229 1570 357 1638 sensum
381 1555 536 1631 pervertit
560 1551 785 1632 Evarrgelistae
806 1573 843 1616 ae
866 1558 1218 1636 interpretis‘scopum‚
1241 1567 1280 1621 nt

158 1673 306 1717 asserere
328 1654 477 1728 audeam,
502 1656 679 1718 nullimode
701 1655 828 1739 Cyrillo
852 1659 1088 1723 inscribendum
1116 1680 1196 1735 esse,
1223 1665 1277 1724 sed

161 1756 349 1818 amanuensi
371 1773 505 1834 graecae
529 1755 614 1828 lidei,
631 1757 686 1835 qui
708 1756 746 1816 ad
772 1757 955 1820 doctrinam
981 1778 1041 1839 pro
1064 1761 1206 1825 divortio
1228 1763 1283 1824 ab·

158 1860 271 1922 soluto
293 1858 336 1920 eh
352 1856 555 1922 adulterium
580 1842 740 1921 reducere
760 1868 899 1922 conatus
919 1870 1002 1923 esset
1024 1859 1144 1926 Christi
1167 1865 1278 1940 verba,

161 1946 364 2041 proindeque
386 1957 530 2038 ejusdem
552 1956 667 2041 Cyrilll
690 1970 839 2022 mentem.

243 2059 373 2125 Constat
391 2060 520 2139 quidem
538 2061 756 2140 patentissime
772 2081 813 2125 ex
829 2061 990 2125 Matthaei
1004 2067 1189 2127 narratione
1204 2065 1282 2144 pha·

158 2167 281 2228 risaens
304 2171 460 2226 tentantes
485 2160 612 2236 lesum,
635 2167 663 2224 ei
686 2163 829 2227 dixisse:
852 2163 883 2226 si
905 2163 1110 2229 divellamini
1125 2165 1280 2230 dimittere

159 2284 294 2327 uxorem
315 2283 405 2329 suum
425 2254 511 2332 aare?
534 2259 638 2335 :dean
662 2259 775 2334 :ierim
788 2285 992 2348 quocumque
1006 2288 1044 2331 cor
1058 2288 1172 2344 causo,
1187 2267 1276 2333 nulla

159 2367 234 2429 iden
256 2367 383 2431 delinita
413 2372 569 2448 peculiari
599 2373 736 2447 ratione,
754 2381 889 2450 propter
911 2385 1010 2448 qnam
1031 2371 1079 2430 vir
1100 2369 1281 2431 dimitteret

161 2487 300 2534 uxorem
323 2488 425 2540 snam.
442 2469 663 2536 Diversimode
684 2493 727 2536 ex
748 2473 864 2556 Cyrilli
886 2473 1049 2534 locutione
1068 2472 1279 2534 introducun·
1345 2549 1347 2554 .

164 2583 222 2637 tur
243 2572 283 2633 ab
306 2570 509 2652 Evangelista
533 2576 691 2654 pharisaei
720 2578 955 2654 interrogantes
977 2574 1111 2645 lesum,
1140 2592 1214 2634 rrnm
1239 2574 1278 2643 li·‚

163 2682 237 2737 ceat
262 2676 356 2750 viro,
380 2678 438 2739 uisi
461 2679 502 2737 ub
526 2677 792 2752 luminationem,
816 2679 977 2739 dimittere
1001 2695 1161 2748 uxorem,
1185 2675 1280 2754 quod·

161 2784 277 2858 aperta
292 2778 485 2842 contradicit
499 2779 686 2859 scripturali
710 2781 902 2842 testimonio.
918 2776 1133 2857 Quapropter.
1148 2794 1209 2836 uon
1233 2786 1279 2838 est

162 2879 436 2959 praesumendam
459 2879 490 2942 in
512 2882 574 2944 hoc
593 2881 739 2961 sphalma
761 2879 1079 2963 rependuntur,
1097 2886 1283 2941 attextum:

160 2994 293 3043 sacrum
316 2990 468 3058 pravarei
488 2990 588 3061 atque
609 2983 789 3045 doctrinam
811 2982 841 3044 in
856 3001 894 3045 eo
909 2998 1107 3060 expressam.
1124 2979 1282 3051 (laternas
1378 3019 1380 3025 ,

161 3082 470 3164 quomodocumque
503 3087 570 3159 ait,
603 3087 671 3148 eise
699 3083 856 3168 Cyrinus,
887 3083 938 3145 rel
968 3083 1050 3145 alins
1073 3083 1153 3142 haec
1179 3081 1280 3144 serlsa

162 3185 343 3265 scripserit,
367 3186 457 3250 nobis
477 3187 554 3250 eatis
575 3196 636 3261 cst,
657 3187 845 3261 ostendisse,
869 3184 1045 3247 duetorem
1069 3185 1201 3246 nec-hio
1220 3199 1283 3244 neo

161 3287 240 3349 alibi
263 3290 363 3351 citare
384 3307 510 3351 comma
530 3287 560 3354 9.
583 3308 611 3350 o.
635 3287 720 3352 xlx.
740 3289 835 3369 juxta
870 3293 994 3349 textum
1027 3303 1179 3364 graecum
1205 3285 1281 3344 vnl··

162 3395 257 3466 gatae
278 3387 448 3452 editionis:
471 3388 527 3469 qui
545 3384 702 3452 dimiserit
724 3406 852 3451 umorem
880 3406 974 3449 suam
998 3384 1070 3449 nisi
1084 3386 1119 3446 od
1139 3382 1282 3465 sarnico-

162 3487 280 3552 tionem
300 3498 328 3552 et
348 3488 448 3554 oliam
471 3489 611 3568 duxerit,
634 3490 834 3552 moechatur:
849 3500 877 3551 ct
891 3488 948 3569 pei
959 3486 1125 3551 dimissam
1138 3483 1278 3560 duxerit,

164 3590 361 3654 moechetur.

245 3690 304 3754 Vir
325 3694 439 3756 doctus
461 3704 493 3756 et
514 3693 757 3775 seripturarum
777 3696 900 3774 peritus
922 3693 1081 3771 interpres
1097 3688 1281 3753 Theodore-

165 3799 221 3856 tus
243 3794 286 3857 ita
308 3796 431 3876 duplex
455 3795 611 3859 Matthaei
634 3797 851 3860 testimonium
875 3797 905 3857 in
928 3814 955 3858 c.
972 3792 1009 3856 V.
1027 3803 1058 3856 et
1080 3791 1165 3854 XlX.
1183 3810 1283 3871 erpo·

164 3895 236 3973 nit‚
259 3902 297 3961 nl
318 3916 418 3961 unum
440 3905 473 3961 et
493 3898 577 3963 idem
600 3899 630 3960 in
655 3898 758 3960 verbis
780 3905 813 3960 et
833 3916 928 3959 seusu
952 3913 1068 3958 sonere
1089 3902 1224 3966 constet,
1248 3901 1281 3954 ct

164 3996 264 4061 aliter
284 4016 382 4080 qnam
404 3998 527 4079 legitur
548 4000 579 4061 in
595 3997 746 4080 Vulgata.
765 3998 912 4077 Apostoli
934 3997 1019 4059 enim
1041 3995 1080 4057 ad
1099 3994 1283 4061 Corinthios

166 4100 253 4162 dieta
284 4101 515 4180 interpretatus
549 4117 588 4164 ex
621 4120 647 4164 c.
672 4099 741 4164 Vll.
765 4095 814 4165 10.
836 4097 887 4164 ll.
917 4099 1040 4179 inquit:
1076 4117 1092 4156 e
1124 4095 1283 4160 Dominus

166 4201 253 4265 enim
276 4200 307 4264 in
325 4202 425 4266 sacris
442 4198 625 4282 Evangeliis
641 4203 743 4266 dixit:
760 4199 864 4265 amaia
878 4199 1038 4264 dimittens
1051 4215 1179 4263 acorem
1195 4215 1285 4262 ruam
