2886 4784
158 340 200 415 bl

158 445 308 513 stamentl
325 442 435 509 allero
454 441 522 524 est)
543 441 704 526 inquiens,
719 441 762 509 ob
778 440 910 508 liunebll
927 457 1066 507 meones
1080 438 1263 502 renotatam

160 548 399 628 exemplarium
416 543 668 628 Evangeliornm
688 547 848 622 evenisse,
865 543 1033 609 rocebnlis
1053 543 1124 607 sire
1145 541 1262 605 clausu·

162 648 204 714 lis
224 647 444 730 explicatoriis
463 647 593 725 abditis,
609 644 674 712 'ent
693 647 726 713 lu
746 647 892 729 margine
912 645 1087 730 expressis,
1106 641 1219 707 deinde
1236 642 1263 705 in

162 756 291 815 textum
313 749 471 814 traductis
489 749 531 813 ab
550 749 815 825 amanuensibus,
831 747 883 813 rei
899 747 1061 812 translatis
1082 745 1127 811 ab
1148 763 1211 811 uno
1228 742 1265 806 ai

161 851 253 917 alini
285 849 510 932 Evangelium.
534 848 630 928 Quoi
664 849 749 914 ilem
770 867 798 914 s.
822 848 1042 937 Hieronymus
1072 848 1107 912 ln
1138 844 1263 928 ep'etola

161 951 203 1015 an
218 949 409 1029 Damasum,
423 949 627 1032 ireqnentins
648 949 770 1015 iactum
792 969 864 1016 esse
880 948 1088 1017 ostenderem
1105 968 1123 1009 s
1139 945 1267 1027 Magnus

160 1052 336 1134 nunidem,
357 1053 423 1128 ait,
445 1052 498 1116 bic
518 1051 551 1114 in
572 1051 689 1116 nostris
710 1051 876 1117 codicibus
896 1068 993 1115 error
1014 1049 1175 1124 inolevit,
1195 1046 1265 1112 dun

161 1149 250 1234 quoti
272 1153 303 1214 in
324 1150 437 1216 eadam
459 1168 495 1215 re
514 1149 599 1214 alins
612 1147 816 1232 Evangelista
838 1150 912 1232 plns
932 1149 1028 1226 nisit,
1049 1151 1084 1212 in
1100 1149 1180 1224 alin,
1195 1145 1264 1227 quir

161 1253 269 1319 uuus
296 1254 502 1332 putaverint,
533 1252 739 1316 addiderunt.
762 1250 823 1317 Vel
855 1251 933 1316 dnm
952 1251 1116 1316 eumdem
1147 1264 1267 1316 eentum

161 1356 246 1421 allus
266 1355 363 1418 aliter
383 1355 556 1435 expressit,
571 1355 640 1431 illc,
655 1355 713 1437 qni
735 1374 836 1429 unum
858 1372 877 1417 e
896 1362 1046 1434 quatuor
1065 1353 1209 1432 primunr
1227 1347 1268 1413 le·

161 1465 274 1539 geret,
301 1456 343 1518 ad
373 1455 445 1538 ojus
478 1456 691 1539 exennium,
716 1466 843 1522 ceteros
870 1474 1005 1537 quoqne
1037 1448 1266 1518 existimaverit

160 1557 387 1623 emendandos.
410 1575 427 1616 a

239 1651 375 1736 Quare,
397 1662 456 1722 etsi
479 1658 645 1724 latendum
666 1661 730 1737 sit,
753 1660 915 1743 praelatas
946 1657 1177 1722 translationes
1204 1653 1268 1720 nub

161 1760 282 1826 versim
304 1759 384 1823 nibil
401 1758 533 1824 officere
555 1762 727 1826 historicen
750 1763 891 1838 veritati,
906 1771 964 1825 ent
976 1759 1140 1841 dogmatis
1161 1755 1268 1822 saneti·

161 1863 220 1927 teti
229 1881 242 1943 ;
256 1869 399 1925 attamen
420 1862 451 1923 in
470 1862 660 1942 quaestione
676 1873 785 1927 nostre
800 1863 844 1927 nb
858 1861 1106 1928 translationem
1118 1875 1266 1941 quornm·

159 1964 232 2027 dam
257 1963 434 2027 verborum
457 1982 499 2028 cx
520 1961 698 2045 Evangelio
720 1962 828 2030 Lucae
849 1983 878 2029 c.
901 1961 989 2028 XVl.
1004 1960 1059 2028 18.
1077 1963 1111 2024 in
1133 1958 1265 2026 version·

158 2063 276 2132 lumb.
293 2061 424 2128 cxlx.
442 2062 609 2141 Matthaei,
627 2064 729 2129 veluti
750 2084 836 2130 nuno
854 2066 978 2146 legitur
991 2066 1024 2128 ln
1043 2068 1165 2145 graece
1184 2061 1268 2126 etla-

161 2168 226 2231 tinn
240 2165 393 2247 Vulgata,
409 2168 642 2247 etsioppnsitio
655 2185 717 2231 non
731 2168 920 2233 instituetur
935 2169 1020 2230 inter
1036 2164 1266 2245 Ernugelistes,

157 2268 226 2331 leta
249 2277 357 2332 tamen
377 2268 570 2331 adversariis
593 2272 830 2335 reseratnrsia
852 2266 986 2350 putendi
1006 2268 1051 2334 ob
1072 2264 1264 2332 adulterium

159 2370 288 2450 penitus
308 2370 442 2434 dissolvi
463 2368 672 2434 connubium.

238 2470 386 2536 &cunda
409 2471 494 2536 vero⁸
516 2466 723 2556 ce'nic,3cnr
742 2471 928 2554 hujusmodi
955 2471 1056 2535 lectio
1089 2469 1264 2534 inminet·

164 2571 278 2648 inerit,
295 2590 333 2635 ac
350 2572 463 2636 deinde
479 2570 655 2638 invaluerit
675 2569 714 2637 in·
728 2574 953 2654 manuscriptis
968 2570 1156 2636 Bibliornm
1170 2589 1266 2635 sacro·

163 2689 252 2749 rum,
268 2675 440 2754 repetenda
461 2681 511 2738 est
529 2666 701 2739 e'sssil'enrtii
722 2675 864 2739 absoluti
884 2674 1041 2756 patronis,
1059 2673 1119 2755 qni
1140 2670 1267 2757 aGbrp·

163 2775 310 2850 sostomi,
328 2773 515 2859 Hieronymi
528 2784 561 2840 et
577 2775 749 2857 Augustini
770 2783 876 2840 aetate
897 2774 1201 2856 (quemadmodum
1220 2774 1267 2837 bo·

131 2948 133 2952 ,
163 2892 239 2939 rum
260 2876 379 2953 scripte
408 2872 589 2956 testentur-l
611 2878 652 2941 ab
672 2876 872 2955 inveterata!
880 2876 1081 2958 iudaeorum
1114 2882 1150 2941 et
1179 2874 1267 2956 genti

162 2975 245 3039 lium
267 2979 362 3056 praxi
383 2976 533 3055 suffulti,
554 2980 806 3042 insurrexerunt
825 2977 982 3041 sinemus
1011 2975 1225 3040 christianam
1242 2980 1268 3037 ct

163 3075 375 3157 apostolicam
397 3078 628 3142 institutionem
650 3078 690 3142 de
705 3079 910 3142 matrimonio
928 3077 1045 3159 quevis
1059 3077 1101 3141 de
1113 3096 1213 3142 censa
1232 3077 1269 3138 in·

163 3176 306 3240 solubili.
329 3174 371 3240 Et
391 3187 429 3241 nt
450 3180 644 3241 ceterorum·
657 3180 805 3242 omittam
827 3179 1063 3252 testimoninm,
1084 3179 1172 3242 illud
1191 3174 1268 3241 suu·

163 3278 239 3351 ciat,
255 3277 342 3357 quot
364 3279 475 3342 scribit
495 3297 520 3342 s.
538 3279 738 3360 Augustinus
759 3282 793 3344 in
815 3277 913 3342 Libro
928 3278 972 3343 ns
990 3278 1060 3358 fids
1081 3290 1112 3343 et
1132 3279 1268 3362 operibus

163 3395 194 3440 u.
217 3376 267 3442 35.
291 3400 308 3439 a
330 3377 390 3442 Sed
413 3379 580 3459 qnoniam,
602 3380 720 3460 inquit,
743 3380 905 3443 malornm
926 3379 1188 3444 christianornm
1212 3398 1267 3442 mo

164 3495 229 3554 res,
252 3479 308 3558 qni
332 3479 466 3542 luerunt
488 3488 582 3543 antea
604 3482 701 3544 etiam
724 3481 864 3561 pessimi,
880 3479 1030 3542 babuisse
1046 3499 1111 3543 non
1131 3483 1268 3544 videntur

164 3577 228 3642 bne
249 3579 385 3655 melum,
409 3590 446 3644 nt
466 3580 587 3644 alienas
620 3581 778 3646 ducerent
808 3598 930 3646 uxores
957 3581 1043 3657 viri,
1075 3591 1137 3646 ent
1171 3582 1268 3646 alienis

162 3679 242 3742 viris
263 3681 425 3745 nuberent
450 3681 631 3745 foeminae:
648 3682 720 3745 inde
740 3683 978 3761 lorlassoepnsi
993 3683 1159 3762 quosdam
1180 3682 1268 3747 eccle

163 3783 227 3845 sias
246 3782 438 3863 negligentia
462 3784 520 3848 iste
541 3784 726 3864 subrepsit,
750 3795 786 3848 nt
810 3785 842 3848 in
873 3785 1079 3849 catechismis
1100 3782 1267 3865 compens

163 3880 243 3946 tium
262 3901 320 3945 nec
342 3896 593 3964 quaererentur,
612 3905 671 3949 nec
693 3896 944 3968 percuterentur
965 3887 1048 3949 baec
1065 3887 1166 3964 vitici:
1181 3896 1265 3965 atqu

164 3981 237 4044 inde
261 3981 474 4060 factumest,
499 3994 535 4047 ut
557 3987 733 4064 inciperent
758 3996 791 4050 et
819 3987 957 4050 delendi.
981 3983 1079 4062 Quae
1099 3984 1264 4067 {tamenin

162 4080 333 4161 baptizatis
355 4102 429 4146 rara
451 4094 527 4149 suot
548 4087 667 4164 adbuc,
684 4089 710 4151 si
732 4107 769 4151 cn
790 4106 850 4152 nos
871 4087 1076 4168 negligendo,
1098 4107 1165 4153 non
1184 4089 1262 4152 teus

164 4181 309 4246 iacimus.
332 4182 443 4249 Talem
465 4188 585 4269 quippo
606 4191 638 4252 in
660 4190 852 4270 quibusdam
880 4190 1135 4272 negligentiam,
1157 4187 1262 4258 inullis
