2886 4784
178 438 254 486 rum
277 430 402 502 partem
423 419 462 484 ab
495 422 635 485 litteram
667 425 767 501 citat,
798 424 934 491 alterius
965 445 1096 490 sensnm
1125 327 1295 510 exprimi?

178 521 286 586 Verba
309 526 392 586 enim
413 534 593 604 separantes
609 524 867 606 persuasionibus
897 527 1050 608 conjugio
1077 528 1243 593 bominum
1264 541 1293 595 et

177 632 294 687 contro
315 626 408 704 tepens
429 626 594 688 suadentes
607 625 645 687 ad
663 628 742 689 hece
761 627 952 691 referuntur
972 649 1013 692 ex
1031 649 1060 692 v.
1077 628 1107 695 6.
1124 633 1208 709 qood
1221 652 1296 713 erqo

180 721 265 788 Dens
284 725 465 808 conjunxit,
486 726 577 789 borno
596 746 661 789 non
686 738 817 807 separet.
841 725 1011 802 Similiter,
1034 728 1112 791 dicit
1137 728 1293 793 Dominus

177 824 295 898 Petro,
317 830 429 893 eadem
451 839 526 894 sunt
545 849 631 911 quae
658 838 814 891 notentur
835 831 865 891 in
891 849 919 892 v.
940 826 991 896 10.
1015 829 1127 893 dieunt
1147 831 1176 894 ei
1196 831 1292 896 disci·

173 926 251 1006 poli
269 929 347 1009 ejns.
366 926 446 993 llem
468 933 649 1010 perspicue,
662 948 725 992 non
746 948 853 992 omnes
872 928 1004 1008 copiunt
1024 932 1148 995 verbnm
1163 933 1231 1005 boc,
1248 935 1287 995 nd

176 1048 208 1092 v.
230 1027 282 1094 ll.
305 1039 513 1094 revocantur.
537 1029 631 1094 Haud
654 1033 750 1093 aliter
774 1033 882 1104 verba,
898 1033 950 1093 sed
967 1031 1176 1112 promotionis
1196 1037 1296 1098 coele-1

133 1158 138 1165 ·
172 1129 233 1193 stis
254 1139 283 1194 et
302 1130 473 1210 dignitatis
492 1151 591 1195 conso
610 1130 769 1195 uoluntati
788 1131 962 1205 bominum,
978 1155 999 1197 o
1024 1131 1147 1196 Cbrieto
1167 1153 1289 1197 conces·

172 1251 210 1295 sn
231 1241 277 1295 est
294 1231 415 1313 protis,
439 1234 642 1298 reducuntur
662 1235 701 1295 ad
725 1253 755 1298 v.
779 1233 828 1298 lu.
851 1243 926 1296 sont
952 1234 1036 1297 enim
1064 1237 1202 1298 eonncbi
1223 1250 1286 1304 etc.

172 1333 234 1414 qni
250 1343 351 1414 potest
369 1352 490 1414 copore,
501 1333 622 1415 papini.
641 1335 782 1416 ldeoque
802 1336 884 1397 dicta
908 1337 939 1396 in
962 1338 1067 1399 medio
1082 1346 1189 1402 notate
1205 1359 1212 1400 s
1229 1337 1287 1416 qni

171 1434 331 1501 dimiserit
351 1455 484 1500 onorem
503 1456 596 1501 suom
616 1436 684 1499 sine
704 1456 804 1499 conso
830 1435 997 1511 criminis,
1018 1437 1186 1520 faciteam
1207 1453 1288 1523 snoe-

170 1536 266 1601 cbnri
276 1581 289 1613 ,
311 1539 396 1602 band
419 1540 550 1601 aliunde
571 1540 653 1603 idest
674 1559 716 1604 ex
738 1537 828 1623 cuv.
853 1543 1024 1610 resistenda
1048 1550 1141 1614 sunt,
1165 1546 1218 1602 sed
1241 1561 1283 1604 ex

171 1640 323 1720 praelato
354 1661 381 1704 c.
404 1640 492 1703 xlx.
519 1660 547 1702 r.
569 1638 600 1706 9.
630 1643 806 1703 secundum
840 1655 997 1702 vetustam
1030 1652 1063 1704 et
1093 1644 1283 1722 originalem

170 1760 323 1822 graecam
345 1742 528 1804 ellatinum
552 1744 745 1805 lectionem:
769 1739 827 1821 qui
846 1739 1001 1803 dimiserit
1023 1759 1154 1804 nocerem
1175 1761 1285 1817 suain,

169 1852 303 1923 excepto
323 1863 421 1906 conso
441 1841 680 1924 fornicationis,
702 1841 782 1922 socii
802 1861 870 1904 eom
892 1840 1060 1905 moechari.

251 1943 283 2009 S.
307 1943 451 2007 Hilarius
472 1947 741 2007 commentarium
762 1943 798 2004 in
820 1941 1014 2006 Mottboenrn
1035 1944 1145 2018 edidit,
1163 1943 1193 2004 in
1214 1961 1282 2022 nuo

164 2064 327 2111 summam
350 2047 621 2126 interpretationis
641 2064 720 2109 suae
739 2043 909 2107 adornavit
936 2065 978 2110 cx
1005 2045 1159 2125 Origene,
1182 2046 1279 2124 eujus

165 2150 301 2213 eosdem
321 2166 433 2211 sensns
456 2150 580 2211 notarit
595 2165 633 2210 sc
649 2147 814 2213 transtulit
829 2150 862 2210 in
874 2165 953 2210 suos
966 2146 1077 2209 libros.
1094 2147 1146 2209 Bis
1159 2165 1187 2208 s.
1205 2145 1283 2223 lipi-

164 2269 286 2331 scopus
319 2252 399 2312 hanc
430 2251 525 2312 diluit
553 2252 775 2329 quaestionem
797 2252 827 2311 io
849 2267 878 2311 c.
901 2247 939 2311 V.
964 2258 996 2311 et
1018 2251 1050 2311 in
1070 2266 1098 2310 c.
1120 2245 1208 2311 xlx.
1230 2265 1279 2313 se·¹

168 2352 314 2415 cundum
338 2350 503 2430 Evangelii
526 2351 682 2413 ordinem.
706 2349 768 2413 Ex.
791 2370 818 2414 o.
842 2347 881 2411 V.
903 2350 1027 2428 inquit:
1052 2370 1068 2408 u
1089 2346 1216 2411 Dictum
1235 2356 1282 2411 est

166 2461 296 2516 nutem:
319 2451 508 2534 quicumque
528 2450 683 2515 dimiserit
701 2469 833 2513 onorem
851 2468 954 2522 mom,
970 2449 1020 2511 det
1039 2447 1092 2511 illi
1111 2449 1281 2528 repudium

167 2565 232 2619 etc.
259 2555 407 2617 Aetatem
429 2557 460 2616 in
482 2574 592 2617 omnes
614 2555 811 2628 conciliaus,
835 2571 966 2615 manere
991 2570 1062 2614 eam
1085 2554 1225 2615 maxime
1246 2554 1278 2616 iu

166 2657 398 2738 conjugiorum
422 2675 500 2734 pace
523 2659 709 2737 proecepit,
731 2656 795 2736 legi
816 2655 935 2717 addens
957 2654 1078 2734 plura,
1101 2656 1133 2715 in
1155 2654 1203 2716 his
1224 2652 1279 2718 de·

165 2775 268 2820 mens.
286 2755 353 2820 Nec
374 2774 449 2825 sane
471 2757 636 2834 proiectus
657 2758 750 2834 argui
772 2761 886 2834 potest.
903 2751 984 2818 Nam
1007 2771 1081 2816 cnm
1102 2753 1158 2817 lex
1178 2754 1278 2816 liber·

166 2869 268 2922 tatem
289 2858 383 2921 dandi
406 2859 532 2936 repudii
554 2875 595 2918 ex
621 2856 735 2918 libelli
751 2857 947 2918 auctoritate
973 2854 1158 2928 tribuisset,
1191 2873 1278 2918 nunc

164 2962 286 3023 marito
307 2959 384 3021 fides
405 2959 591 3038 evangelica
617 2976 680 3020 non
701 2957 807 3020 solnm
831 2956 1031 3018 voluntatem
1046 2958 1132 3036 pacis
1146 2957 1274 3034 indixit,

165 3080 284 3125 vorum
306 3062 402 3123 eliam
425 3071 552 3124 reatum
575 3068 708 3124 coactae
723 3062 754 3123 iu
767 3058 966 3122 adulterium
983 3059 1095 3120 uxoris
1110 3042 1274 3136 imposuit,

162 3165 190 3225 si
213 3165 269 3225 alii
287 3183 327 3226 ex
350 3163 550 3224 discessionis
572 3163 759 3225 necessitate
780 3159 929 3222 nubenda
949 3160 989 3221 sil
1000 3178 1012 3236 3
1029 3159 1152 3222 nullam
1175 3161 1273 3222 aliam

163 3283 297 3327 cansam
320 3265 482 3327 desinendi
505 3263 697 3356 aponjngio
719 3262 940 3343 perscribens,
963 3278 1047 3341 quae
1069 3261 1177 3325 virum
1202 3279 1277 3341 pro·

161 3369 297 3429 stitntae
320 3367 434 3430 uxoris
455 3367 610 3428 societate
632 3365 807 3445 pollueret.
830 3381 847 3422 o

247 3467 367 3532 Deinde
389 3488 430 3530 ex
452 3485 479 3530 c.
503 3465 590 3531 XlX.
613 3468 655 3532 ila
678 3468 709 3531 in
730 3465 859 3532 Conone
880 3466 1049 3545 expressit.
1075 3459 1206 3527 Transit
1225 3462 1275 3550 Je-

160 3588 219 3632 sos
239 3567 274 3632 iss
298 3567 500 3632 Golr'loeome
521 3587 653 3631 onorem
682 3586 746 3631 non
774 3568 877 3631 debere
906 3568 1026 3632 dimitti
1037 3589 1047 3629 .·
1069 3568 1104 3629 de
1124 3565 1275 3629 ennoebis

159 3678 224 3733 elo.
239 3668 282 3732 El
304 3671 365 3732 hoc
386 3670 543 3732 adversus
565 3670 749 3748 pharisaeos
771 3671 1016 3748 interrogantes,
1032 3666 1060 3730 si
1074 3667 1146 3729 lieet
1166 3665 1272 3729 dimit-

160 3780 227 3834 tere
246 3788 380 3833 noorem
402 3789 598 3851 quocumque
619 3789 659 3832 eo
678 3789 787 3833 conso.
818 3770 943 3847 Quibus
976 3769 1157 3850 respondit:
1182 3768 1273 3831 nnlla

158 3888 322 3935 excausa
354 3872 432 3934 licet
463 3871 636 3950 repudiare
668 3889 829 3935 uxorem:
861 3871 945 3951 qnod
971 3869 1052 3932 Dens
1081 3865 1269 3949 conjunxit,

157 3972 251 4036 borno
271 3990 335 4035 non
353 3982 483 4053 separet.
506 3971 626 4036 Deinde
651 3972 683 4035 in
713 3974 945 4036 commentario
977 3973 1140 4034 remittens
1168 3970 1270 4034 leolo-

159 4092 231 4139 rem
254 4075 293 4137 ad
317 4075 532 4155 Apostolum,
555 4075 680 4154 innuite
705 4073 803 4139 «Sed
835 4091 892 4137 nos
923 4075 1026 4138 seculi
1058 4072 1269 4154 apostolicam

155 4178 410 4256 anctoritatem,
431 4177 488 4258 qui
520 4176 581 4258 hoo
607 4175 797 4261 mysterium
827 4191 977 4254 magnum
1007 4192 1075 4237 esse
1105 4171 1271 4253 protessus
