2886 4784
180 339 239 413 ttd

253 444 406 510 Ceterum
428 445 734 525 quomodocumque
757 440 935 525 putandum
958 443 996 502 sit
1020 441 1059 503 de
1082 439 1144 505 hoc
1159 435 1273 507 hiesu

174 546 213 606 sii
235 546 365 608 decreto
388 564 426 607 ac
448 545 553 608 multu
574 551 675 624 magis
696 545 735 605 tle
756 547 818 606 alio
842 543 976 620 epistola
994 543 1099 604 eidem
1116 546 1272 622 inscripta:

174 653 204 706 et
237 645 384 726 quamvis
416 644 489 708 ideo
520 646 561 706 ab
593 645 742 726 Aegypto
767 642 980 720 Theophilus,
1004 651 1034 704 et
1063 659 1081 703 a
1107 641 1273 705 Palaestina

175 745 393 827 Hieronymus
413 729 585 810 clarnariut
607 748 793 808 damnatum
817 747 846 805 in
868 746 1057 833 Occidente,
1083 745 1172 823 quod
1195 747 1222 807 in
1239 744 1276 806 0·

176 851 278 909 rieule
300 848 485 909 damnatum
510 848 583 923 luit,
608 847 757 909 viilelicet
778 845 963 923 origenem,
982 845 1084 925 libros
1105 845 1193 925 ejus,
1208 843 1276 906 llul·

97 992 100 996 -
174 947 273 1009 haurn
305 949 515 1024 interpretem
538 956 569 1009 et
594 955 726 1009 currules
756 945 844 1006 illius
873 945 1057 1007 defensores
1085 945 1189 1011 veluti
1215 946 1278 1007 hae·

177 1048 319 1109 reticos:
344 1048 552 1110 nihilominus
572 1049 598 1109 si
622 1047 710 1108 illius
732 1047 844 1106 aetatis
867 1053 898 1105 et
920 1047 1104 1107 immediate
1136 1046 1278 1109 successi·

176 1166 234 1210 rae
256 1134 336 1210 idest
356 1150 458 1211 seculi
482 1146 517 1208 V.
540 1147 802 1209 consuluerimus
825 1143 985 1223 cujusque
1008 1147 1150 1223 regionis
1177 1155 1278 1207 aucte·

173 1266 245 1310 rum
269 1249 562 1311 ecclesiasticorum
586 1249 789 1319 testimonia,
811 1246 1027 1306 diversimode
1060 1263 1200 1323 prorsus
1229 1262 1278 1322 pu·

172 1350 303 1411 tandum
326 1360 373 1411 est
394 1350 435 1411 ab
458 1368 520 1423 eo,
542 1349 628 1427 quod
653 1345 790 1425 praelati
812 1347 1037 1408 existimarunt
1065 1345 1189 1408 lactum
1219 1363 1278 1408 esse

170 1447 293 1510 Romae
316 1450 354 1510 do
375 1450 524 1528 (trigenis
546 1467 694 1528 persona,
718 1450 757 1508 de
778 1448 869 1509 libris
886 1446 1029 1527 ejusdem
1052 1457 1085 1508 et
1108 1449 1256 1526 patronis.

248 1547 399 1613 Sedulins
422 1550 592 1632 presbyter
613 1552 697 1611 circa
721 1567 770 1609 an.
793 1542 865 1617 430,
891 1559 984 1610 vocat
1005 1547 1182 1626 Origenem
1204 1547 1277 1626 peri·

170 1652 327 1712 tissimum
350 1653 475 1712 divinae
497 1652 603 1730 legis3
631 1668 668 1712 ao
699 1650 811 1710 laudes
838 1658 1048 1711 consecuturo
1082 1668 1155 1711 esse
1187 1651 1274 1722 dicit,

168 1752 255 1827 quod
280 1760 456 1828 proventus
478 1755 614 1830 posteris
648 1753 831 1829 reliquisset
861 1752 1104 1828 cognoscendae
1129 1752 1273 1812 veritatis.

167 1848 259 1912 Circa
284 1852 365 1913 hanc
386 1861 524 1913 aetatem
548 1851 668 1915 Ductor
699 1853 825 1929 insignis
858 1849 980 1913 Sollius
1003 1851 1204 1928 Apollinaris
1232 1867 1276 1932 sy·

165 1952 280 2012 donius
310 1972 326 2010 a
354 1951 615 2034 Hieronymum,
640 1953 856 2030 Augustiaurn
886 1950 1031 2012 celebrat
1054 1960 1087 2012 et
1110 1949 1274 2029 (trigenum

164 2051 249 2111 inter
275 2049 455 2113 Bibliurum
478 2056 670 2130 interpretes
692 2061 723 2112 et
744 2051 884 2113 salubris
906 2051 1072 2112 droctrinae
1102 2052 1272 2129 magistros.

162 2154 212 2212 Ac
233 2152 372 2239 amplius
396 2152 517 2213 llornae
541 2154 617 2229 lubi
640 2153 740 2233 paulo
755 2162 828 2213 ante
843 2150 1021 2213 secundum
1044 2149 1271 2232 Hieronymum

164 2260 197 2311 ct
217 2246 433 2328 Theophilum
456 2253 623 2314 decretum
646 2260 728 2314 esset
750 2252 919 2313 anathema
942 2255 973 2313 in
995 2251 1170 2330 Origeneni
1193 2262 1227 2312 et·
1241 2251 1272 2309 li·

53 2343 56 2347 ’
164 2350 240 2412 bros
262 2353 357 2431 eius)
379 2354 409 2413 in
433 2353 530 2431 hujus
553 2355 642 2415 urbis
665 2336 832 2414 Athenaeo
857 2353 967 2414 scribit
993 2373 1009 2410 <r
1034 2371 1095 2413 una
1119 2373 1196 2416 cum
1215 2352 1271 2414 Au·

162 2450 278 2527 gnstini
301 2462 332 2512 et
356 2451 519 2512 l'rudeotii
540 2452 644 2524 libris,
668 2450 740 2512 lidei
763 2461 891 2512 nostrae
913 2452 1103 2524 lectoribus,
1134 2454 1267 2532 inspicio.-

163 2548 261 2610 batur
283 2550 492 2610 Adamantius
513 2551 681 2627 Origenes,
704 2552 818 2611 sedulo
841 2549 1003 2614 't‘nrnano
1026 2551 1160 2615 Rullino
1182 2555 1265 2615 inter·

164 2660 318 2724 prelatus,
336 2669 352 2705 u
378 2647 445 2710 lloc
470 2653 685 2712 testimonium
708 2652 882 2712 admodum
905 2663 1016 2714 nostro
1038 2656 1135 2714 sicuti
1159 2673 1214 2732 pro
1232 2653 1267 2715 0·

162 2751 270 2828 rigene
295 2751 334 2808 ita
359 2759 389 2808 et
415 2769 472 2826 pre
499 2749 625 2810 lintheo
646 2749 800 2811 satisfacit
822 2762 1025 2827 argumente.
1054 2750 1266 2815 'theodoretus

161 2867 256 2927 saepe
272 2848 420 2926 Origeuis
438 2852 594 2925 ureuririit,
614 2853 763 2911 eumdem
779 2851 938 2911 haeresum
953 2854 1184 2931 constitutorem
1201 2862 1266 2915 nun·

165 3085 182 3123 a
199 3087 244 3125 me
261 3072 304 3126 vel
321 3072 514 3143 improbabilia
532 3075 727 3145 praetermissa
745 3073 873 3139 fuerant,
894 3073 1021 3129 inseruit.
1042 3073 1121 3130 Hine
1143 3075 1202 3148 jam
1216 3087 1262 3127 nun

162 3161 253 3216 solum
272 3162 433 3234 Origenem,
453 3164 502 3218 sed
522 3165 661 3236 meipsum
672 3168 701 3220 in
714 3165 904 3237 suspicionem
924 3166 1047 3222 haeresis
1060 3175 1177 3222 conatur
1188 3163 1262 3221 addu-

163 3270 234 3309 cere.
256 3277 269 3303 a
290 3255 352 3310 Hae
379 3273 446 3311 saue
469 3257 696 3314 circumstantiae
714 3265 849 3329 perpetuo
868 3258 903 3312 eb
922 3258 1017 3313 oculos
1041 3260 1200 3314 criticorum
1218 3257 1261 3311 ha·

161 3343 268 3398 beudae
287 3351 355 3400 aurit
372 3345 402 3400 iu
420 3347 625 3418 disquirendis,
646 3365 717 3418 ryuoe
736 3349 903 3403 Anastasius
923 3348 997 3420 Papa
1013 3354 1083 3403 tunc
1101 3349 1219 3405 decrevit
1233 3346 1260 3400 de

158 3435 245 3490 latina
263 3435 417 3494 Periurchon
428 3440 654 3510 interpretatione
673 3458 689 3494 a
708 3440 822 3494 Ruffino
841 3441 960 3511 expleta.
977 3441 1062 3496 Porro
1074 3441 1109 3496 de
1121 3438 1257 3499 nonnullis·

61 3601 64 3607 Ι
159 3545 231 3600 quae
249 3528 380 3585 Ruffiuus
397 3531 427 3584 iu
445 3530 599 3586 Periurcltun
617 3532 723 3587 notavit
739 3530 926 3603 improbabilia,
941 3531 983 3587 rel
997 3549 1070 3604 quae
1087 3532 1143 3588 sibi
1155 3527 1256 3586 taliani·

160 3619 306 3688 debentur,
327 3620 421 3676 confer
439 3623 560 3677 Tornurn
579 3623 617 3680 11.
636 3641 663 3679 c.
684 3621 738 3677 111.

229 3710 359 3782 Insuper,
379 3729 435 3766 non
455 3713 545 3767 solum
564 3731 605 3781 ca,
627 3731 698 3786 quae
717 3713 908 3786 Hieronymus
926 3719 960 3767 ut
976 3713 1064 3784 impia
1084 3709 1254 3769 refutavitiu

157 3799 323 3868 Pericrchun,
337 3820 393 3857 non
410 3804 481 3876 legit
500 3805 663 3876 Pamphilus
677 3805 708 3860 in
726 3806 770 3860 his
788 3805 867 3860 libris
877 3825 885 3871 ;
906 3804 955 3859 sad
974 3811 1002 3858 et
1020 3805 1158 3860 nonnulla
1174 3800 1252 3859 unffi·

157 3908 194 3947 ne
212 3893 403 3964 improbabilia
420 3896 488 3963 risa,
509 3896 614 3969 absque
632 3914 751 3954 censura
768 3896 926 3969 praeterivit
944 3913 968 3951 s.
990 3897 1109 3970 Martyr,
1124 3898 1254 3952 sabama·

160 3985 246 4052 scius,
265 3985 369 4056 quippe
386 4003 504 4058 graecus
523 3993 551 4044 et
569 4005 686 4061 graecae
703 3989 853 4046 locutionis
870 3987 1070 4060 origenianae,
1090 4007 1106 4044 c
1124 3985 1254 4046 codicibus

158 4074 292 4147 gennims
309 4083 413 4143 erutae,
432 4073 549 4149 peritus,
568 4096 602 4137 oa
619 4081 694 4137 baud
712 4097 774 4138 esse
793 4098 844 4138 neo
862 4081 904 4136 uti
923 4079 1021 4153 impia,
1034 4096 1086 4138 uec
1104 4081 1148 4138 uli
1164 4080 1253 4150 impio·

159 4165 262 4223 bubilia
280 4169 461 4242 corripienda.
