2886 4784
1171 330 1212 397 33

94 423 246 490 dictitant
274 425 431 490 mnndum
453 444 524 489 esse
543 443 643 489 unum
666 426 697 487 in
721 433 784 489 tres
806 432 914 505 partes
938 426 1087 492 divisum.
1110 429 1215 512 cnjus

93 528 278 605 tripartitae
295 527 460 589 divisionis
475 527 679 606 principium,
695 543 810 588 eorum
825 528 996 601 sententia,
1012 537 1059 592 est
1075 548 1209 611 magnus

92 625 227 704 quius'm
250 625 343 698 ions,
367 644 464 705 quem
488 626 570 687 ratio
593 625 624 687 in
645 635 805 704 segmenta
829 629 949 692 intinita
974 630 1133 694 dissecare
1155 651 1212 711 po·

94 733 167 789 test.
195 725 339 790 Primum
361 735 575 805 segmentum,
600 726 700 806 quod,
723 729 912 791 auctoribus
934 731 992 805 iis,
1017 733 1208 810 praecellit,
1235 726 1239 733 ’

92 827 171 890 trias
192 833 258 891 est:
275 828 370 907 cnjus
386 846 459 904 pars
482 827 583 905 prima
607 827 787 905 perfectum
805 828 926 891 bouum
942 849 979 894 ac
996 841 1127 911 paterna
1144 853 1210 897 ma·

92 926 228 1004 gnitndo
244 936 392 990 vocatur.
406 926 552 992 Secunda
568 933 617 989 est
633 927 724 990 vetut
738 928 904 992 innumera
922 932 1080 1010 quaedam
1098 943 1210 1010 poten·

92 1028 215 1091 tiaram
236 1029 425 1104 multitudo,
442 1046 582 1107 quarum
604 1028 688 1090 aliae
707 1047 747 1090 ex
763 1029 833 1091 aliis
851 1032 975 1107 genitae
996 1041 1080 1094 sunt.
1097 1029 1207 1096 Tertia

90 1143 129 1190 ea
152 1135 211 1204 est,
228 1146 312 1208 qnae
329 1129 466 1190 formam
482 1130 590 1191 habet.
617 1126 657 1191 Et
669 1131 772 1208 prima
793 1131 922 1208 quidem
941 1138 989 1192 est
1005 1132 1100 1207 iilud,
1116 1136 1205 1213 qnod

90 1239 141 1292 est
162 1228 307 1307 bunum,
328 1228 469 1292 secunda
501 1239 611 1293 antem
644 1230 732 1309 quod
766 1239 812 1292 est
844 1239 1033 1309 generatum
1055 1252 1096 1295 ex
1117 1252 1152 1296 se
1172 1244 1213 1298 et

89 1329 236 1392 honum:
254 1332 347 1393 tertia
362 1332 449 1410 quod
464 1338 653 1409 generatam
669 1338 738 1392 est:
761 1331 844 1394 nnde
857 1331 1016 1393 affirmant
1034 1343 1098 1396 tres
1113 1333 1203 1410 deos,

91 1431 156 1493 triu
178 1431 291 1506 verba,
316 1440 380 1494 tres
401 1439 534 1507 mentes,
559 1439 623 1495 tres
645 1433 801 1494 homiues.
823 1430 907 1495 Nam
924 1435 1207 1513 unicuiqnemun·

88 1531 121 1593 di
145 1532 302 1609 pariinm,
326 1531 482 1594 divisione
504 1531 661 1611 periente,
684 1532 760 1594 dant
781 1540 813 1595 ct
844 1533 920 1595 deos
952 1543 983 1595 et
1018 1535 1137 1610 verba,
1171 1543 1204 1598 et

85 1640 211 1700 mentes
232 1641 265 1695 et
286 1633 429 1694 homines
449 1640 482 1694 et
502 1641 621 1695 cetera.
646 1652 662 1689 a
685 1630 773 1695 Haec
802 1633 914 1696 eadem
945 1634 1041 1696 tradit
1070 1654 1204 1716 quoqne

87 1727 327 1794 Theodoretns.

166 1831 202 1893 ln
224 1830 286 1893 tine
309 1849 387 1893 vero
409 1829 506 1912 hujus
528 1831 665 1916 capitis,
683 1831 809 1892 diverse
842 1831 881 1892 dc
913 1831 1032 1893 eisdem
1061 1835 1196 1897 scribit:

85 1951 104 1992 v
125 1927 169 1994 Ut
189 1938 299 1994 nutem
322 1932 465 1995 breviter
488 1935 671 1996 nniversam
701 1932 879 1994 doctrinam
910 1951 1025 1994 eornm
1057 1935 1196 2014 explica·

84 2050 170 2108 mus,
194 2032 274 2095 haec
295 2032 414 2095 addere
429 2050 548 2110 operae
563 2034 702 2111 pretium
719 2035 791 2095 erit.
807 2031 1002 2096 Universum
1017 2036 1197 2099 secundnm

82 2151 141 2197 eus
161 2139 285 2196 constat
308 2132 402 2196 Patre
424 2143 455 2195 et
479 2131 561 2195 Filio
583 2142 615 2196 et
630 2132 784 2195 Materia:
805 2152 946 2212 quorum
964 2135 1060 2195 trium
1081 2154 1196 2210 nuum,
1229 2182 1235 2199 ,

82 2240 116 2297 et
137 2235 224 2314 quod
247 2232 385 2296 infinitas
406 2237 437 2296 iu
459 2252 492 2296 se
514 2240 687 2312 potestates
708 2235 858 2296 continet.
883 2231 978 2295 Sedet
998 2235 1098 2312 igitur
1129 2255 1195 2298 me·

81 2332 155 2395 dius
177 2333 260 2396 inter
281 2332 450 2396 Materiam
467 2339 499 2395 et
514 2332 643 2395 Patrem
659 2331 774 2406 Filius,
792 2330 949 2406 Verbum,
965 2331 1117 2410 Serpens:
1136 2335 1193 2414 qni

79 2434 167 2497 inter
190 2432 317 2496 Patrem
340 2436 522 2507 immotum,
546 2440 577 2494 et
599 2442 718 2496 motum
741 2435 908 2496 materiam
930 2452 1057 2513 semper
1074 2453 1108 2496 se
1125 2454 1193 2498 mu·

82 2541 147 2597 vet.
172 2535 339 2597 Interdum
361 2536 399 2596 ad
418 2535 546 2598 Patrem
562 2536 776 2610 convertitur,
794 2544 826 2598 et
840 2536 954 2613 recipit
970 2537 999 2596 in
1014 2555 1105 2599 snam
1122 2555 1194 2614 per·

79 2649 192 2696 sunam
213 2642 409 2714 potestates;
433 2634 545 2697 deinde
569 2652 659 2709 vero,
691 2635 827 2712 receptis
848 2634 878 2694 in
900 2652 934 2695 se
957 2636 1191 2713 potestatibus,

77 2735 283 2797 convertitur
303 2735 342 2795 ad
366 2733 536 2796 Materiam
549 2754 560 2812 3
583 2752 666 2812 quae
688 2735 841 2813 quidem,
865 2753 966 2812 quum
993 2737 1060 2797 sine
1081 2737 1188 2815 quati·

78 2834 145 2890 tate
168 2828 234 2889 uita
257 2834 289 2888 et
310 2830 377 2889 sine
400 2827 503 2889 iurma
527 2828 594 2890 nlla
616 2829 679 2901 sit,
703 2827 790 2889 ideas
811 2826 931 2906 effingit
952 2844 969 2887 a
994 2826 1077 2890 Filio
1100 2847 1188 2892 rece·

77 2937 162 3007 ptus,
186 2928 243 3005 qni
265 2945 318 2988 eas
340 2946 356 2988 a
380 2927 476 2990 Patre
497 2934 643 3005 acceptas
664 2929 822 3004 expressit
844 2937 905 2989 etc.
929 2946 945 2984 a

157 3023 209 3088 Ex
231 3044 295 3104 qua
317 3025 481 3088 locutione
503 3032 626 3086 constat
643 3024 848 3106 anonymum
864 3025 990 3086 diversa
1007 3024 1046 3086 de
1069 3028 1188 3102 peratis

73 3126 269 3190 documenta
290 3127 404 3205 legisse
426 3135 457 3187 et
480 3127 730 3201 transcripsisse,
754 3124 834 3184 adeo
856 3133 892 3184 ut
913 3124 954 3184 ab
976 3125 1065 3186 initio
1089 3127 1185 3187 aliam

73 3226 113 3289 de
135 3225 200 3288 illis
223 3225 336 3304 prodat
358 3227 398 3286 ab
420 3244 469 3299 ea,
486 3244 582 3305 quam
606 3226 637 3286 in
659 3223 865 3286 conclusione
886 3223 1063 3300 praesefert
1088 3225 1185 3305 hujus

72 3327 245 3390 haereseos
266 3325 507 3402 definitionem,
539 3327 570 3386 in
592 3325 696 3387 medio
719 3325 851 3403 insuper
872 3325 1026 3386 consertis
1051 3325 1090 3386 de
1112 3325 1185 3387 Ser·

74 3433 170 3507 pente
191 3427 354 3506 phrygum
376 3411 550 3507 mysteriis.¹

153 3524 291 3588 Domum
314 3544 408 3588 nemo
430 3528 556 3606 ignoret
571 3537 699 3601 cuncta,
718 3529 848 3607 quaein
863 3527 1024 3590 huclibro
1040 3528 1078 3589 de
1094 3546 1184 3590 naas·

69 3626 167 3700 senis,
190 3625 230 3688 de
252 3628 385 3704 peratis,
408 3626 447 3688 de
467 3628 619 3689 sethianis
641 3637 672 3688 et
694 3627 732 3688 de
754 3626 883 3689 Justino
907 3636 1024 3690 tractat
1045 3646 1082 3691 ac
1100 3629 1183 3688 vari·

69 3726 166 3789 mode
187 3726 321 3804 exponit
343 3726 553 3808 Anonpmus,
582 3725 810 3804 comprehendi
832 3727 862 3786 iu
885 3729 1104 3803 gnosticorum
1126 3726 1183 3785 do·

69 3828 197 3902 ctrina,
229 3826 316 3906 quud
349 3845 463 3889 nomen
498 3835 649 3907 tanquam
682 3827 839 3904 sapientes
859 3826 918 3888 sibi
941 3828 1181 3902 adscripserunt

68 3929 226 4008 primaevi
250 3928 416 3999 haeretici,
434 3946 474 3990 ax
497 3929 714 3990 hebraeorum
730 3926 862 3989 sabbata
878 3934 909 3987 et
925 3944 1116 4004 graecorum
1134 3926 1180 3987 ia·

68 4027 153 4091 bntis
174 4029 288 4107 impias
309 4027 470 4090 doctrinas
493 4027 682 4106 turpissimis
705 4028 829 4090 actibus
849 4027 985 4088 sociatas
1018 4042 1178 4086 commen·

68 4128 133 4189 tati.
157 4127 219 4192 Sed
242 4145 305 4189 non
325 4128 431 4200 sotum
454 4128 505 4191 hic
526 4128 608 4190 liber
629 4130 683 4190 sed
706 4128 800 4189 etiam
822 4133 992 4204 sequentes
1014 4125 1178 4186 abundant

65 4226 225 4292 similibus
246 4227 461 4291 illusionibus.
959 4223 980 4287 3
1019 4306 1023 4317 .
1047 4252 1049 4257 ·
