2886 4784
1224 341 1265 415 di

152 447 281 510 torsisse
311 437 470 524 aVigilio
499 440 742 526 lastinianum3
774 454 805 508 et
836 447 955 526 Papam
988 450 1100 510 contra
1132 465 1262 510 sensum

150 567 245 611 sunm
269 546 344 609 talia
367 547 532 626 scripsisse
553 547 593 611 de
614 567 648 612 se
669 556 702 612 et
724 547 951 628 imperatore,
982 557 1018 608 ut
1049 546 1197 610 fidelibus
1224 549 1262 611 il·

149 649 290 712 luderet.

225 747 314 811 Etsi
336 749 442 810 obiter
462 748 654 812 admittatur
676 747 829 829 Vigilinm
851 748 992 841 epistolis
1015 748 1119 808 citatis
1135 756 1166 808 et
1182 746 1263 809 Con-

148 850 263 914 stituto
295 849 470 912 novissimo
502 848 729 930 subscripsisse
761 868 824 912 noo
855 869 896 911 ex
926 850 1119 912 conscicntia
1146 849 1199 907 sad
1222 867 1263 907 en

150 959 238 1015 metu
260 950 447 1026 Iustiniani,
461 969 524 1015 cnr
537 961 646 1032 postea
665 949 814 1031 Pelagius
831 951 854 1013 1.
876 951 1023 1029 Pelagius
1041 948 1080 1011 ll.
1097 959 1166 1012 ets.
1184 946 1265 1012 Gre-

149 1055 261 1132 gorius
283 1050 406 1115 Romae
427 1052 589 1132 degentes,
608 1054 704 1116 liberi
717 1055 747 1114 in
762 1054 904 1115 muneris
926 1050 1115 1130 pontificalis
1137 1052 1261 1112 enerci-

152 1155 209 1229 tio,
232 1171 291 1216 nec
312 1153 444 1232 quidem
467 1156 569 1232 ignari
591 1173 705 1217 eorum
723 1197 732 1228 ,
752 1173 846 1233 quac*
869 1152 1146 1229 Constantinopoli
1180 1151 1262 1212 tacta

149 1264 257 1330 erant,
279 1271 383 1332 quare
404 1256 553 1316 obtestati
581 1273 642 1316 non
665 1256 873 1318 declararunt
895 1256 1004 1316 irritas
1029 1263 1092 1314 tem
1114 1254 1264 1331 epistolas

150 1373 247 1435 quam
270 1353 490 1418 Constitutum
507 1357 567 1416 rin
585 1353 702 1434 Vigilio
723 1365 874 1418 exactum
891 1354 1139 1417 indemnatione
1163 1358 1261 1416 trium

151 1455 407 1536 Capitutorum'?
433 1455 474 1519 Et
500 1475 561 1518 cur
591 1466 759 1537 tantopere
789 1457 903 1519 deinde
935 1466 1181 1537 propugnarunt
1210 1473 1263 1517 co·

153 1573 221 1620 ram
245 1558 526 1620 schismaticorum
561 1559 741 1637 pervicacia
768 1558 956 1638 synodalem
987 1558 1203 1621 definitionem
1233 1564 1266 1619 et

156 1657 263 1738 Papae
295 1656 521 1722 sanctionem?
547 1656 587 1721 El
608 1675 670 1722 cur
690 1658 821 1720 demum
842 1678 868 1721 s.
892 1657 1071 1739 Gregorius
1100 1659 1265 1738 imperitos

157 1768 274 1836 vocat,
296 1761 352 1837 qui
375 1776 412 1820 ea
434 1757 583 1837 Capitule
606 1758 846 1822 defendebant?

227 1859 343 1940 Neque
365 1860 413 1922 bis
435 1861 612 1938 perspicuis
634 1860 834 1923 documentis
849 1862 967 1935 obstat,
983 1861 1070 1942 quod
1088 1862 1165 1924 mibi
1182 1859 1261 1939 obji-

151 1963 194 2025 cit
213 1981 241 2025 c.
260 1961 382 2026 Censor
403 1980 444 2023 ex
459 1958 567 2039 Vigilii
582 1963 715 2042 epistola
733 1963 770 2022 ad
789 1962 1002 2023 Aurelianum
1021 1965 1261 2040 depromptum,

154 2064 208 2125 ubi
238 2065 323 2124 inter
353 2073 461 2124 cetere
493 2064 594 2124 dicit:
623 2084 639 2122 a
668 2063 729 2127 Sed
759 2071 916 2142 quantum
945 2080 1115 2142 possumus
1145 2080 1203 2140 per
1231 2061 1266 2122 ii·

153 2164 233 2226 lium
257 2172 404 2226 nostrum
426 2163 644 2237 Anastasium,
668 2164 707 2225 de
730 2165 776 2225 bis
798 2182 882 2242 quae
906 2172 993 2242 gesta
1014 2173 1107 2236 sunt,
1124 2163 1267 2225 breviter

154 2285 211 2329 nos
233 2267 376 2328 indicare
399 2285 525 2329 neccsse
548 2276 605 2329 est.
628 2265 765 2329 Etcum
789 2284 844 2328 nos
867 2264 1020 2327 Dominus
1042 2264 1128 2326 lilius
1159 2274 1268 2326 nostor

153 2367 422 2430 clementissimus
445 2367 638 2445 Imperator,
660 2370 744 2429 sicut
767 2368 925 2445 promisit,
944 2365 1023 2444 Dec,
1040 2368 1095 2445 qui
1119 2383 1176 2428 cor
1196 2366 1267 2446 ejus

154 2480 253 2545 tenet,
273 2470 421 2550 jurante,
446 2472 566 2532 reverti
591 2472 814 2550 praeceperit,
837 2471 998 2531 bominem
1027 2470 1082 2547 qui
1112 2468 1201 2531 vobis
1226 2468 1265 2528 ad

153 2572 281 2651 singula
303 2571 467 2633 subtiliter
488 2572 677 2646 innotescat,
695 2569 762 2633 Deo
778 2572 931 2652 propitio,
948 2571 1155 2633 destinemus.
1172 2568 1266 2645 Quod

153 2673 227 2736 ideo
250 2673 356 2735 adbuc
379 2690 440 2733 non
463 2671 610 2746 fecimus,
632 2675 708 2751 quia
731 2683 762 2734 et
785 2674 896 2734 hiemis
912 2674 1079 2752 asperitas,
1094 2683 1125 2734 et
1142 2670 1266 2745 italiae,

153 2793 240 2854 quae
265 2793 319 2835 ros
342 2791 404 2834 non
426 2773 524 2847 latet,
548 2775 718 2835 necessitas
741 2775 960 2853 praepedivit:
985 2773 1087 2835 donec
1107 2773 1269 2834 serenissi-

155 2896 225 2940 mus
250 2875 412 2955 Princeps,
437 2874 521 2938 sicut
543 2875 715 2951 desiderat,
740 2875 875 2938 Domino
896 2876 954 2937 sibi
978 2876 1169 2949 auxiliante,
1193 2873 1291 2936 sub·'

157 2980 315 3042 veniat.»

235 3077 287 3141 Ex
309 3080 368 3141 bac
391 3080 541 3158 pericope
564 3097 626 3140 non
648 3088 695 3141 est
717 3087 752 3141 ut
774 3080 989 3159 suspicemur,
1011 3076 1134 3156 aliquid
1158 3077 1268 3139 occul-

156 3188 225 3243 tare
251 3180 390 3242 votuisse
414 3179 599 3243 Pontificem
622 3181 778 3243 adversus
800 3180 1031 3255 iustinianom,
1055 3179 1146 3258 quasi
1169 3178 1209 3238 ab
1230 3195 1269 3238 eo

157 3283 220 3344 rim
245 3300 357 3361 passus
378 3282 420 3344 sit
440 3279 593 3345 in‘trium
622 3281 848 3361 capitulorum
881 3281 1095 3341 anathemate.
1121 3277 1155 3339 ln
1178 3296 1271 3357 prae·

157 3385 258 3446 missis
280 3386 362 3446 enim
387 3385 484 3464 nujus
505 3384 660 3463 epistolae
682 3384 785 3462 inquit
809 3382 893 3461 Papa
909 3403 943 3445 se
958 3401 994 3443 ea
1011 3379 1159 3461 Capitula
1182 3379 1270 3440 dam-

159 3503 262 3560 nasse,
285 3486 403 3547 addens
426 3503 484 3564 per
506 3485 587 3545 banc
609 3484 842 3545 damnationem
867 3486 987 3562 integra
1011 3499 1141 3544 manere
1163 3479 1272 3543 defini·

159 3597 187 3647 te
210 3589 242 3647 in
265 3594 411 3664 quatuor
430 3587 558 3670 synodis
580 3585 795 3664 generalibus.
820 3585 959 3646 Proinde
981 3588 1011 3646 in
1035 3586 1094 3645 bac
1115 3593 1187 3646 oret
1205 3582 1272 3644 du·

158 3687 318 3749 reliacum
341 3696 378 3749 ul
398 3696 531 3750 cunctos
554 3688 720 3767 episcopos
743 3688 908 3758 hortetur,
932 3706 971 3748 ne
993 3705 1009 3746 a
1034 3685 1121 3746 falsis
1143 3684 1270 3761 scriptis

160 3788 209 3850 vei
232 3789 440 3850 mendacibus
466 3790 569 3849 verbis
594 3789 786 3862 turbentur,
803 3795 835 3850 et
858 3789 981 3849 bocer
1005 3794 1096 3864 parte
1118 3786 1270 3847 schisma-

162 3892 313 3952 ticorum.
338 3887 480 3969 ideoque
502 3909 576 3952 cnm
599 3890 736 3968 ingenue
761 3891 803 3950 ita
826 3890 959 3962 scribit,
984 3895 1113 3950 nonest
1138 3904 1269 3964 praesu-

158 3989 309 4051 mendum
332 3991 362 4051 in
384 3991 593 4070 sequentibus
610 3993 708 4070 ipsius
728 3991 821 4054 dictis
842 3990 963 4070 aliquid
987 3988 1161 4063 occultari,
1178 4006 1272 4065 supe·

161 4078 302 4152 rioribus
322 4090 388 4152 suis
410 4090 630 4153 contradicens
653 4090 958 4166 contestationibus3
983 4089 1063 4149 idest
1087 4088 1125 4148 dc
1150 4086 1270 4150 violen-

163 4189 216 4265 tia,
242 4189 293 4253 val
316 4207 469 4266 carcere,
493 4209 577 4268 quae
600 4209 710 4270 passus
732 4197 813 4254 esset
836 4189 1006 4254 iustiniani
1031 4190 1147 4269 iussu,
1172 4189 1272 4250 donec
1378 4173 1387 4188 ’
