2886 4784
248 473 323 542 Nou
344 474 441 550 enim,
464 474 608 554 inquam,
632 473 763 555 proprio
786 480 992 538 tentaverunt
1009 473 1182 540 Dominum
1203 377 1282 559 phio?

171 577 266 640 risaei
288 577 328 639 de
349 593 400 650 ae,
417 574 505 655 quod
528 574 647 637 marito
668 573 826 652 agendum
848 584 945 650 asset,
960 585 1130 657 postquam
1151 577 1194 640 ob
1216 596 1283 643 ram

170 686 302 759 turpem
325 675 509 757 repudiavit
532 690 683 749 uxorem,
706 676 773 737 sive
798 675 908 752 vellet,
931 678 999 739 sive
1021 677 1122 740 nollet
1147 679 1283 742 alteram

168 781 301 843 desere.
317 777 379 843 Sed
401 776 623 840 difficultatem
644 777 836 858 objecerunt
857 779 885 841 ei
908 780 918 856 l
929 788 1059 859 sumpto
1081 780 1220 844 themate
1242 801 1283 844 ex

168 878 415 944 Deuteronomii
437 878 550 953 dictis,
572 886 602 939 ot
621 895 686 940 aon
706 875 863 941 inaruerit
883 877 1022 958 pretium
1043 878 1079 943 ia
1101 877 1203 944 oeulis
1218 881 1285 945 suis

167 983 204 1044 ob
225 980 370 1064 aliquam
390 978 588 1063 foeditatem)
605 983 642 1043 in
664 982 798 1061 singolis
820 981 1028 1045 decernendis
1062 984 1188 1056 oensis,
1212 986 1283 1064 qni-

172 1087 233 1148 bus
255 1085 369 1149 liceret
390 1083 519 1164 judaeis
539 1101 613 1146 sues
635 1084 810 1162 repudiare
833 1084 998 1159 mulieres,
1016 1084 1055 1148 be
1069 1102 1132 1166 qua
1150 1104 1185 1148 re
1208 1094 1284 1148 tnnc

170 1187 265 1250 raldo
286 1185 513 1265 disputabatur
528 1202 543 1246 a
559 1201 741 1269 synogogae
764 1186 933 1263 magistris.
950 1183 993 1247 Et
1012 1204 1087 1249 sane
1110 1189 1280 1250 mosaicam

167 1287 432 1353 constitutionem
455 1286 546 1347 brevi
569 1293 601 1349 et
621 1286 763 1349 obscuro
784 1303 932 1348 sermone
953 1287 1118 1372 dictatam,
1135 1289 1189 1350 alii
1210 1293 1283 1353 stri·

168 1398 243 1460 cte,
268 1389 422 1451 latissima
443 1389 500 1450 alii
522 1389 724 1467 interpretati
745 1397 843 1462 sunt,
866 1390 908 1449 ita
931 1398 968 1450 ut
990 1392 1084 1466 primi
1106 1390 1148 1452 ob
1169 1408 1282 1454 canses

168 1491 373 1570 gravissimas
395 1488 618 1552 tantummodo
641 1490 856 1569 repudiandas
881 1507 1003 1552 uxores
1035 1491 1188 1554 docerent
1200 1513 1210 1571 ;
1233 1512 1282 1555 sa·

166 1594 266 1658 eundi
289 1610 367 1654 vero
388 1593 430 1654 ob
451 1609 676 1671 quascumque
698 1609 811 1655 causas
835 1591 932 1654 etiam
954 1591 1132 1656 levissimas
1159 1612 1282 1656 assere-

165 1702 239 1759 rent
260 1694 476 1756 dimittendas.

246 1795 387 1860 loannes
410 1795 600 1860 bextorfius
625 1813 736 1858 rarum
763 1795 969 1877 J'edaieerum
994 1797 1227 1875 peritissimos,
1251 1800 1282 1861 in

166 1899 399 1960 Dissertatieua
421 1895 465 1958 Do
486 1897 685 1976 sponsalibus
716 1907 744 1958 ol
775 1896 921 1960 diuortiis
942 1917 971 1958 n.
993 1897 1044 1964 89.
1071 1900 1280 1961 rabbinorum

163 2002 339 2064 sententias
359 2000 490 2079 collegit
514 2002 600 2063 eirca
624 2000 754 2063 divortii
777 2018 900 2064 causas.
925 2002 979 2063 Ait
1004 2002 1110 2064 enim:
1136 2000 1281 2062 «Diver-

166 2122 223 2166 sae
245 2111 354 2166 autem
377 2111 455 2166 sunt
473 2103 512 2164 de
535 2103 582 2163 his
604 2104 791 2178 sententiae,
811 2114 879 2164 tum
904 2113 1062 2178 veterum,
1082 2112 1149 2165 tum
1173 2120 1282 2164 recen-

165 2211 301 2271 tiorum.
318 2203 458 2280 Quidam
481 2203 673 2266 arbitrariae
688 2222 763 2266 esse
787 2205 912 2276 volunt,
931 2206 975 2266 ita
999 2213 1035 2267 ut
1058 2206 1162 2268 cuivis
1183 2205 1283 2266 liene·

164 2309 207 2371 rit
230 2325 291 2386 pro
312 2306 419 2368 lubitu
443 2308 485 2367 ob
507 2307 700 2368 levissimam
724 2323 853 2368 oausam
879 2307 928 2366 vel
951 2305 1094 2383 eulpam,
1112 2306 1163 2366 rel
1185 2309 1279 2367 etiam

162 2409 207 2472 ob
230 2389 367 2480 neblens,
390 2409 488 2469 uxori
512 2406 683 2487 repudium
708 2408 845 2466 mittere.
872 2406 934 2468 alit
959 2423 1038 2468 vero
1059 2407 1157 2484 paulo
1184 2408 1279 2467 alitor

164 2509 469 2585 sentiun13etuon
492 2510 549 2570 nisi
574 2525 705 2586 gravem
736 2508 778 2569 ob
810 2525 939 2570 oausam
973 2508 1145 2585 repudium
1175 2509 1271 2569 uxori

164 2609 357 2672 mittendum
379 2615 519 2669 censent.
548 2606 698 2686 Plerique
733 2617 838 2668 tomen
859 2611 890 2670 in
914 2609 1053 2684 priorem
1086 2610 1276 2669 sententiam

164 2727 282 2772 resera
303 2709 470 2783 inclinant,
491 2718 526 2770 ut
548 2728 589 2770 ox
611 2710 820 2788 sequentibus
842 2710 1020 2786 apparebit.
1039 2707 1119 2771 ilino
1141 2710 1279 2786 legimus

162 2953 250 3010 sicuti
268 2969 369 3026 graeca
386 2951 553 3009 ἀποστάσιον
572 2951 682 3028 debebo,
692 2951 813 3018 dimissio,
825 2953 969 3009 sublatius
986 2953 1122 3028 soporatio,
1134 2953 1275 3021 divortium,

159 3044 289 3110 discessio,
309 3051 411 3101 cuneta
429 3047 497 3101 haee
514 3046 628 3102 nomina
646 3062 695 3118 pro
714 3046 903 3119 etymologiae
922 3047 959 3113 vi,
980 3049 1033 3102 etsi
1059 3047 1137 3102 varia
1163 3064 1198 3101 ex
1225 3048 1278 3101 lin·

161 3155 285 3212 guarum
302 3137 465 3206 differentia,
486 3145 580 3193 tamen
600 3156 648 3209 par
666 3156 695 3194 se
715 3137 865 3210 loquendo,
879 3137 954 3193 haud
972 3139 1113 3193 notionem
1132 3137 1215 3192 talem
1233 3154 1278 3192 ea-

161 3234 264 3304 piunb,
284 3237 317 3286 ut
333 3247 383 3303 per
400 3248 432 3286 ea
451 3229 627 3304 intelligatur
645 3230 807 3286 indistincte
827 3233 964 3302 separatio
984 3231 1033 3284 viri
1052 3235 1087 3286 ab
1115 3248 1222 3296 uxore,
1242 3250 1274 3285 ac

161 3323 249 3380 simul
266 3340 332 3378 cum
349 3323 436 3378 altera
452 3322 574 3378 foemina
592 3324 767 3396 conjugium.
782 3322 851 3378 Hoc'
864 3330 955 3378 autem
975 3323 1090 3378 abusive
1107 3323 1214 3378 dictem
1234 3330 1277 3377 est

161 3418 198 3472 ab
216 3416 343 3472 hebraeis
361 3423 390 3472 ab
402 3417 475 3490 juris
493 3418 602 3471 romani
619 3415 827 3488 interpretibus
840 3416 888 3488 qui
901 3417 987 3489 vulgo
999 3414 1072 3471 hanc
1084 3416 1168 3470 latam
1188 3415 1277 3488 signi-

161 3509 324 3565 ficationem
343 3508 387 3564 his
406 3508 549 3565 vocabulis
568 3508 702 3566 indidere.
722 3509 845 3580 ideoque
869 3511 979 3580 quoties
1004 3510 1076 3564 hane
1095 3527 1189 3564 vocem
1217 3510 1275 3564 sive

163 3601 261 3676 graeci
278 3603 336 3657 siva
354 3601 433 3656 latim
452 3601 593 3658 Ecclesiae
612 3602 707 3656 Patres
726 3602 755 3655 in
773 3603 833 3656 suis
851 3601 929 3657 libris
947 3601 1146 3673 praetulerunt,
1167 3602 1275 3672 proprie

161 3699 192 3749 et
209 3694 305 3749 stricte
318 3695 401 3768 juxta
418 3695 487 3750 Jesu
506 3699 534 3749 et
553 3695 750 3766 Apostolorum
766 3711 882 3750 sensum
893 3693 1169 3766 comprehendentes,
1186 3694 1220 3748 de
1233 3711 1275 3747 se-

160 3784 305 3858 paratione
322 3791 432 3841 tantum
451 3787 607 3860 conjugum
625 3785 799 3856 interpretati
818 3792 893 3841 sunt.
917 3787 953 3840 Et
971 3785 1108 3858 siquando
1135 3802 1167 3840 aa
1188 3801 1272 3839 voea-

155 3879 226 3935 bula
241 3878 354 3934 citarint
371 3879 426 3934 labo
445 3896 540 3945 sensu,
560 3896 595 3934 ex
612 3878 772 3933 immediato
786 3886 879 3934 tamen
897 3886 1031 3934 contextu
1047 3879 1182 3935 sermonis
1194 3878 1274 3932 facile

156 3971 275 4034 eruitur,
292 3987 322 4025 se
340 3988 375 4025 ex
389 3969 556 4042 judaeorum
575 3977 604 4025 et
621 3969 772 4042 gentilium
793 3978 885 4024 moute
908 3970 994 4042 loqui,
1015 3970 1182 4042 subjunctis,
1206 3987 1277 4041 quae

155 4064 245 4137 hujus
276 4063 480 4137 intelligentiae
509 4064 686 4119 interessent.
707 4062 789 4129 Quod
816 4080 881 4135 prae
909 4065 1009 4119 ceteris
1029 4063 1221 4136 Hieronymus
1247 4074 1275 4116 et

157 4157 381 4230 Chrysostomus
399 4157 567 4226 indicarunt,
592 4166 752 4231 pugnantes
782 4155 914 4214 adsersus
943 4158 1052 4212 divortii
1085 4155 1205 4212 absoluti
1232 4174 1280 4227 pa-

156 4260 272 4306 tronos.
