2886 4784
169 462 353 536 generales,
368 459 483 518 nature
506 461 538 516 et
562 471 622 515 non
645 452 818 533 adoptione
841 446 942 516 Filius
964 460 1023 513 est.
1040 444 1143 515 Natus
1158 457 1253 516 estad·

169 568 230 620 tem
253 579 294 621 ex
316 559 384 637 ipsa
406 557 510 620 Petris
532 567 660 631 mente,
690 557 784 618 sicuti
809 556 960 617 voluntas
993 574 1033 618 cr
1067 563 1184 618 mente.
1204 553 1257 619 Noe

166 661 249 720 enim
272 658 438 721 divisibilis
459 665 507 719 est
528 656 636 718 divina
659 664 773 719 natura
788 658 868 718 idest
884 657 1016 735 ingeniti
1032 657 1151 732 Patris,
1167 663 1258 735 utpu-

167 769 271 823 temus
294 759 345 822 rel
366 759 523 821 divisione
543 776 603 820 seu
624 758 847 820 imminutione
869 757 1067 821 substantiae
1083 757 1155 839 ejus
1178 758 1262 821 lilium

167 879 235 922 csse
257 862 459 941 progenitum
482 867 544 923 etc.
569 877 585 916 e
610 858 657 921 dc
678 862 720 920 ita
744 859 871 920 disserit
894 859 994 938 probe
1016 859 1264 940 distinguerent

168 963 260 1042 aiunt
281 961 462 1041 Theologi‚
485 980 567 1040 opus
589 960 647 1023 Del
669 960 818 1024 abiatra
839 962 880 1022 ab
902 978 1001 1040 opere
1023 969 1186 1024 externo:
1207 979 1265 1042 per·

166 1080 242 1124 sona
264 1063 387 1125 scilicet
410 1059 484 1126 Filii
505 1047 654 1126 distincta
676 1081 693 1123 a
718 1061 836 1135 Patre,
861 1061 1039 1124 substantia
1064 1079 1144 1124 vero
1167 1053 1224 1125 nna
1242 1066 1268 1123 et

168 1166 279 1228 eadem
305 1165 476 1242 utriusque
498 1171 669 1236 manente,
693 1182 730 1225 ue
749 1160 840 1224 ¹llens
863 1163 1067 1224 divideretur
1093 1165 1130 1231 ¹iu
1161 1169 1267 1241 perles.

169 1265 279 1342 Quare
301 1265 509 1331 concluditur
529 1263 766 1348 Hieronymum
786 1273 816 1326 et
832 1282 905 1327 cum
922 1283 960 1325 eo
975 1261 1197 1344 Theophilum
1215 1281 1268 1326 eou

170 1389 210 1431 ex
233 1369 377 1449 genuinis
394 1365 547 1430 Auctoris
568 1366 660 1429 dictis
683 1367 770 1428 bunc
792 1367 991 1428 haereticum
1008 1374 1040 1427 et
1055 1367 1267 1445 impiumcoe

167 1475 352 1546 demnassc‚
374 1470 493 1533 seder
515 1468 634 1533 eisdem
655 1469 774 1530 libellis
793 1469 860 1548 jam
882 1484 899 1528 a
924 1466 1094 1547 Pamphilo
1126 1468 1268 1549 amplissi·

168 1593 219 1636 me
243 1572 402 1633 refutatis.

247 1673 384 1748 loterea,
408 1691 485 1751 pree
507 1673 623 1736 ceteris
643 1674 905 1736 criminationum
927 1673 1111 1750 capitibus,
1134 1690 1215 1752 quae
1232 1669 1264 1731 ab

167 1775 237 1851 ipso
259 1775 428 1853 Pamphilo
451 1776 511 1837 rite
534 1775 716 1854 meritoque
737 1771 980 1853 expugnentur,
1003 1781 1114 1836 nostra
1137 1776 1211 1836 eatis
1228 1775 1264 1834 in·

168 1883 279 1949 terest,
302 1885 502 1954 postremum
522 1884 679 1939 excutere
701 1886 799 1956 ceput
820 1878 859 1937 de
880 1874 1172 1953 metempepcboseoe
1186 1891 1265 1937 erro·

167 1993 204 2038 re
224 1977 327 2038 eidem
342 1977 475 2055 Origeni
493 1977 659 2055 inscripto,
677 1986 714 2039 ut
730 1975 856 2048 tandem
873 1976 1049 2055 aliquando
1066 1984 1190 2039 constet
1202 1975 1264 2053 (rd-

170 2094 284 2139 versus
307 2088 436 2139 nostrae
461 2079 575 2141 aetatis
606 2078 823 2157 quorumdam
857 2077 1093 2156 pervicaciam)
1128 2093 1263 2156 graecum

168 2177 365 2242 Perimelen
387 2180 554 2252 codicem,
578 2198 675 2258 quem
698 2197 775 2260 prae
798 2180 944 2242 manibus
975 2178 1089 2240 babuit
1122 2177 1263 2260 Hieronp-

168 2299 254 2354 mes,
276 2281 375 2343 aliter
394 2299 492 2361 quam
515 2283 689 2360 genuinum
713 2281 930 2360 reputandum
952 2298 1034 2356 esse,
1056 2280 1112 2342 sed
1140 2281 1263 2358 undique

166 2383 320 2444 lalsatnm
336 2392 369 2444 et
384 2382 553 2446 erroribus
568 2383 775 2444 intersertum
792 2384 926 2456 eisdem,
943 2401 1026 2460 quos
1040 2402 1067 2445 s.
1082 2380 1208 2464 Martyr
1221 2398 1258 2442 re·

166 2501 314 2560 nemone,
332 2483 409 2564 iure
432 2484 616 2546 refutaret:
638 2502 676 2545 ac
698 2484 830 2562 proinde
862 2489 1037 2562 genuinum
1071 2483 1256 2547 retinendum

164 2599 319 2659 graecum
334 2584 525 2661 ,exemplem
547 2602 614 2662 quo
637 2602 715 2646 usus
736 2593 784 2646 est
807 2582 1007 2665 Pamphilus,
1022 2601 1060 2645 ao
1077 2583 1180 2664 ¹latiae
1201 2597 1256 2643 rer·

168 2671 204 2744 ti't
225 2681 395 2758 Bullinus3
418 2692 449 2745 et
472 2693 507 2746 ut
527 2685 568 2746 ab
590 2686 651 2747 boc
674 2703 739 2746 uno
760 2685 844 2747 idem
875 2685 1035 2747 inferatur
1066 2685 1108 2748 de
1140 2682 1257 2762 reliquis

44 2811 46 2815 ’
166 2785 334 2847 erroribus
354 2784 485 2865 Origeni
507 2787 548 2848 eb
570 2790 638 2864 ipso
661 2784 860 2868 Hieronymo
882 2787 1053 2865 inscriptis.

247 2885 288 2948 Et
310 2889 498 2966 ecquidem
520 2906 619 2962 rere,
647 2896 816 2966 postquam
840 2891 869 2949 in
891 2907 937 2951 cc.
962 2886 1033 2949 Vll.
1057 2897 1089 2950 et
1113 2885 1197 2949 Vlll.
1217 2883 1256 2947 lt·

166 2989 216 3051 bri
239 2987 264 3050 l.
291 2987 484 3051 Praetutium
507 2989 647 3052 fideliter
667 2990 859 3062 inhaerens,
883 2991 1001 3052 diserte
1023 2990 1065 3053 de
1084 2993 1206 3053 daturis
1224 2988 1258 3048 iu·

165 3090 331 3166 corporeis
352 3100 384 3152 et
405 3093 591 3169 corporeis,
613 3090 653 3152 de
674 3090 794 3166 angelis
816 3101 847 3153 et
870 3091 1051 3153 bominibus
1074 3088 1256 3172 dispulerit,

167 3192 226 3254 bos
248 3191 322 3254 boui
344 3201 375 3255 et
397 3193 472 3254 meli
495 3209 628 3271 capaces
644 3209 661 3252 a
679 3190 749 3253 lieo
770 3202 896 3254 creatos
917 3201 1082 3268 statuens,
1101 3200 1134 3256 et
1150 3194 1257 3254 bincer

166 3294 326 3356 arbitratu
348 3313 409 3356 suo
431 3293 469 3354 ed
493 3311 594 3355 unum
619 3294 670 3355 vel
692 3294 730 3354 ad
753 3293 841 3356 allud
865 3295 1010 3356 converti
1033 3312 1144 3373 posse:
1163 3294 1192 3355 in
1211 3290 1258 3351 irre

164 3411 193 3456 c.
215 3392 304 3456 vtlt.
329 3396 435 3457 varios
458 3393 577 3472 gradus
599 3395 632 3455 in
652 3396 758 3455 anime
781 3394 920 3456 bumana
942 3395 1087 3472 designat
1111 3395 1163 3457 vel
1185 3389 1258 3455 mali·

163 3496 229 3558 tiae
251 3495 303 3558 rel
322 3497 511 3570 sanctitatis,
528 3496 610 3558 adeo
626 3504 662 3558 ut
675 3497 801 3558 animae
822 3495 981 3576 quaedam
1003 3496 1045 3556 ob
1067 3506 1258 3576 progressum

161 3597 195 3659 in
216 3599 392 3676 nequitiam
414 3597 623 3661 doemonibus
645 3605 676 3660 et
697 3597 780 3660 aliae
801 3598 844 3658 ob
865 3598 1014 3674 pietatem
1031 3597 1154 3675 augelis
1168 3593 1257 3659 coele

163 3697 266 3760 stibus
288 3698 517 3761 assimilentur.
542 3699 692 3761 Attamen
715 3699 789 3760 binc
813 3699 947 3769 veritus,
964 3696 1141 3759 nonnullos
1161 3701 1257 3760 contra

163 3806 303 3860 mentem
323 3815 416 3860 suam
433 3799 514 3860 banc
536 3797 634 3861 luisse
656 3800 862 3878 exposituros
884 3796 1131 3870 discussionem,
1146 3795 1259 3859 subdite

164 3919 181 3958 a
203 3897 265 3960 llla
285 3916 363 3962 sane
383 3918 440 3961 nos
462 3917 668 3980 nequaquam
691 3900 872 3980 recipienda
896 3917 1082 3972 censemus,
1098 3916 1185 3977 quae
1203 3902 1261 3959 eta

163 3998 357 4077 quibusdem
377 3999 544 4080 superduc
574 4000 626 4063 rel
648 4001 796 4080 requiri,
820 3999 871 4061 vel
902 4000 1005 4062 astrui
1037 3999 1165 4062 solent:
1193 3995 1262 4059 idest

159 4097 247 4177 quod
263 4100 388 4163 animae
401 4103 433 4162 ln
450 4111 572 4165 tantum
586 4103 637 4165 sni
653 4103 802 4165 decessus
815 4101 955 4175 veniant,
970 4110 1007 4162 ut
1023 4108 1162 4163 naturae
1177 4096 1277 4161 ratio·

158 4200 271 4264 nabilis
292 4219 331 4264 ao
350 4202 513 4282 dignitatis
530 4204 663 4280 oblitae,
679 4205 775 4269 etiam
792 4206 824 4265 in
840 4202 985 4267 ordinem
1002 4199 1264 4297 irrationabilior

129 4468 145 4507 b
