2886 4784
1217 406 1278 475 tos

158 529 301 592 eosque,
320 510 375 590 qui
391 511 646 575 auscultaverint
660 517 690 574 et
706 509 912 584 crediderint,
928 516 1135 582 peccatorum
1155 512 1279 573 veniam

158 621 418 687 consecuturos,
441 614 623 693 etquidem
647 611 806 672 diversam
829 609 870 669 ab
894 609 950 670 illa
985 613 1196 688 pcccatorum
1229 628 1281 672 rc·

160 717 335 784 missione,
356 730 455 792 quam
485 710 580 775 lesus
608 709 755 774 Christus
783 709 971 787 impertivit.
996 707 1058 773 Sed
1085 710 1124 771 de
1146 711 1194 772 his
1225 711 1282 770 ha·

164 823 332 879 ctenus.»

244 915 337 979 Circa
360 915 443 976 hauc
463 915 621 977 haeresim
646 918 735 996 prius
758 915 934 979 notandum
957 924 1006 979 est
1036 921 1187 993 tempos,
1210 934 1279 996 quo

164 1019 248 1080 hanc
269 1018 464 1079 instauravit
486 1015 679 1079 Alcibiades.
706 1015 876 1094 Eusebius,
900 1018 956 1097 qui
979 1035 1088 1079 rorum
1113 1017 1279 1080 historiam

164 1117 335 1193 descripsit
361 1116 454 1196 juxta
485 1118 599 1178 aetatis
628 1117 767 1190 seriem,
798 1136 863 1198 qua
895 1117 1106 1191 acciderunt,
1129 1118 1159 1178 in
1181 1115 1282 1181 Libro

164 1218 266 1278 citato
289 1216 391 1294 inquit
413 1214 501 1276 illam
524 1216 696 1278 invaluisse
719 1217 831 1278 eodem
856 1225 1014 1295 tempore,
1039 1216 1119 1279 idest
1141 1214 1280 1297 Philippi

165 1316 335 1380 Caesaries
351 1316 407 1395 qui
422 1317 594 1393 imperium
612 1319 714 1378 tenuit
728 1319 814 1378 circa
832 1317 999 1380 dimidium
1014 1316 1116 1380 seculi
1134 1315 1192 1379 tlt.
1207 1315 1279 1380 Hac

163 1434 245 1496 ergo
266 1418 334 1494 ipsa
355 1423 461 1478 aetate
483 1416 599 1477 vixisse
623 1416 789 1480 videretur
811 1417 938 1480 Auctor
959 1417 1278 1496 Philosophcmeeeoa,
1399 1454 1401 1459 >

162 1536 241 1581 cum
262 1517 307 1578 ait
328 1535 363 1579 se
384 1515 540 1579 adversus
563 1516 655 1579 illum
680 1518 845 1592 restitisse,
869 1517 988 1581 multos
1010 1528 1159 1580 avertens
1179 1518 1219 1579 ab
1233 1519 1281 1595 ip·

163 1621 233 1682 sius
254 1619 433 1691 erroribus,
448 1619 543 1680 sicuti
566 1627 792 1697 praesumptae
815 1621 938 1682 haeresi
960 1620 1160 1682 callistianae
1181 1621 1279 1682 obsti·

167 1723 241 1783 iisse
264 1727 385 1781 narrat.
409 1717 568 1781 Eusebius
589 1738 690 1799 porro
712 1738 785 1782 cum
809 1721 853 1780 ait
873 1727 948 1782 ωηο
964 1723 995 1783 in
1012 1718 1086 1782 Asia
1103 1719 1278 1800 quemdam

165 1821 417 1884 helcesaitarum
441 1820 599 1882 baeresim
617 1823 771 1884 innovare
785 1821 960 1894 studuisse,
975 1831 1008 1882 et
1024 1820 1122 1899 paulo
1138 1828 1209 1899 post
1225 1840 1282 1883 cx·

166 1923 298 1984 tinctam
322 1921 433 1998 luisse,
457 1940 519 1984 uua
536 1922 666 1997 indicat,
684 1940 742 1984 nec
757 1921 868 2000 plures
885 1922 1034 1984 habuisse
1053 1923 1203 1996 asseclas,
1219 1939 1278 1984 uec

163 2022 233 2085 late
254 2021 413 2085 diffusam.
436 2021 538 2103 Cujus
559 2023 746 2084 auctoritati
770 2023 865 2086 lacile
887 2031 999 2086 contra
1024 2022 1184 2106 Anonymi
1206 2040 1280 2084 aar·

164 2122 330 2193 rationem⁴
344 2110 511 2185 assentior.
536 2120 633 2183 Plura
656 2140 794 2202 namque
812 2130 897 2184 stant
918 2127 1107 2200 argumenta
1130 2121 1170 2182 ab
1192 2120 1284 2201 ojus·-

166 2227 241 2288 dem
268 2232 377 2287 sectae
404 2223 557 2287 institutis
584 2225 708 2304 petita,
739 2225 837 2304 ipsius
867 2224 1088 2303 propagationi
1114 2224 1278 2285 contraria

162 2328 358 2408 praesertim
382 2326 525 2404 Romae3
554 2327 757 2388 observantia
786 2344 898 2403 nempe
929 2325 1021 2405 Legis
1055 2330 1212 2391 mosaicae
1241 2335 1273 2387 et

161 2432 239 2494 hinc
261 2430 343 2492 ritus
365 2428 632 2501 circumcisionis,
654 2446 692 2489 ac
713 2428 909 2505 astrologiae
924 2439 956 2490 et
972 2431 1093 2507 magiae
1115 2430 1272 2491 studium.

245 2527 348 2592 Nemo
369 2548 444 2591 sane
463 2531 603 2608 ignorat,
621 2529 711 2608 quali
734 2530 934 2591 restrictione
951 2528 1070 2591 Romae
1088 2536 1161 2592 tunc
1184 2530 1276 2592 licuit

160 2652 244 2696 usus
266 2632 542 2704 circumcisionis,
564 2631 659 2693 sicuti
683 2631 880 2694 tantumdem
903 2631 1034 2693 cohibiti
1058 2640 1132 2694 sunt
1155 2633 1277 2694 matbe-

162 2733 273 2794 matici
295 2739 327 2793 et
347 2731 511 2810 astrologi.
531 2731 709 2793 Antoninus
729 2730 817 2805 Pius,
834 2738 914 2793 teste
933 2729 1115 2793 Modestiae
1132 2731 1162 2791 iu
1179 2729 1279 2794 Libro

159 2831 219 2896 Vt.
241 2831 439 2912 Regularum
459 2834 502 2895 ed
522 2830 631 2911 Legem
656 2829 834 2896 Corneliam
849 2833 885 2894 de
900 2830 1037 2908 sicariis,
1059 2832 1279 2896 circumcisio·

160 2953 237 2998 nem
261 2941 383 2997 tautum
405 2935 491 3014 epod
515 2934 670 2997 hebraeos
699 2934 879 3012 permisisse
909 2933 1041 3012 legitur.
1065 2934 1113 2998 Αο
1138 2941 1278 2999 tantum·

160 3038 236 3099 dem
259 3055 299 3099 ex
321 3035 412 3100 lulio
435 3035 537 3099 Paulo
558 3036 589 3096 iu
612 3033 709 3097 Libro
732 3032 770 3096 V.
793 3032 854 3096 Tit.
879 3033 923 3096 De
942 3030 1116 3105 seditiosis,
1138 3034 1277 3115 legimus

160 3146 270 3199 morte
291 3136 442 3199 mulctari
464 3135 600 3214 aliisque
623 3135 743 3213 poenis,
760 3136 816 3214 qui
839 3153 879 3196 ex
899 3134 1025 3213 iudaeis
1049 3138 1152 3196 civem
1170 3152 1276 3198 roma·

159 3254 240 3298 num
262 3237 527 3307 circumcidisset,
550 3242 607 3296 aut
621 3253 753 3298 servom
768 3234 867 3296 illius.
883 3232 956 3298 Non
972 3235 1056 3296 enim
1071 3234 1210 3309 amplius
1226 3251 1277 3298 re·

159 3337 291 3416 ligionis
312 3334 365 3398 sed
387 3335 549 3397 seditionis
573 3344 691 3397 tessera
715 3345 790 3398 tunc
811 3334 896 3413 apud
921 3352 1070 3398 romanos
1097 3333 1275 3412 putabatur

159 3436 416 3498 circumcisionis
439 3436 531 3497 ritus.
558 3432 637 3495 item
663 3434 869 3497 asserendum
891 3443 939 3498 est
959 3434 998 3496 de
1022 3433 1276 3508 mathematicis,

159 3536 203 3598 de
226 3536 407 3614 astrologis,
425 3535 463 3596 de
479 3535 591 3613 magis,
614 3552 756 3612 quornm
780 3534 922 3598 artificiis
945 3534 1191 3597 devorabantur
1213 3532 1276 3595 tto·

160 3654 236 3698 mae
256 3635 406 3716 discipuli
430 3634 615 3706 Alcibiadis,
639 3637 745 3714 inquit
761 3634 971 3720 Anonymnsj
989 3654 1062 3698 cum
1085 3645 1189 3697 tameo
1212 3638 1277 3715 pri·

160 3756 218 3802 sca
241 3756 452 3800 romanorum
476 3737 673 3817 perstiterint
694 3737 824 3800 decreta
846 3737 1003 3798 adversos
1025 3736 1165 3810 eosdem,
1182 3733 1279 3798 Seve-

161 3857 203 3901 ro
227 3839 435 3917 imperatore,
453 3840 640 3902 instaurata.
657 3836 877 3913 Quamobrem
900 3837 1072 3899 convenire
1088 3837 1186 3897 nolim
1203 3855 1278 3898 cum

161 3937 349 4022 Anonymo,
372 3940 448 4002 dum
471 3939 585 4002 asserit
607 3939 718 4016 plnres
734 3939 872 4000 asseclas
888 3939 946 3999 sibi
962 3935 1084 4000 Romae
1098 3954 1280 4015 comparas·

159 4057 197 4102 se
214 4038 414 4101 Alcibiadem
436 4040 503 4100 sive
524 4038 564 4100 da
586 4039 769 4117 gentilibus,
793 4039 860 4100 sive
881 4038 921 4100 de
947 4038 1149 4100 christianis:
1173 4056 1278 4116 eoque

161 4139 283 4220 magis,
307 4140 407 4204 veluti
431 4140 591 4218 praemisi,
609 4140 696 4220 quod
719 4159 811 4203 uemo
834 4157 874 4202 ex
897 4139 1068 4210 historicis,
1084 4146 1222 4220 excepto
1239 4139 1281 4202 Α·

162 4258 323 4326 nonymo,
346 4241 428 4308 banc
448 4252 567 4308 sectam
589 4243 779 4307 memorarit
800 4240 829 4302 iu
852 4239 933 4304 urbe
953 4237 1137 4304 invaluisse.
