2886 4784
160 407 258 476 verba
281 429 356 476 cnm
378 411 553 492 pharisaeis
582 411 620 476 de
652 411 792 476 divortio
814 429 854 474 ox
879 404 1035 476 Matthaei
1058 429 1087 475 c.
1111 410 1199 475 xix.
1226 415 1271 474 iu·

159 523 370 595 terpretatus,
393 514 570 577 secundum
594 522 671 578 tunc
692 516 723 576 in
745 513 891 578 Ecclesia
912 512 1055 577 airicane
1072 513 1271 579 invalescen-

160 623 224 678 tem
247 613 500 694 Evangeliorum
525 616 703 678 versionem
732 616 774 678 ita
809 622 900 677 notai
922 633 951 677 v.
974 611 1005 680 9.
1033 612 1193 689 Quoniam
1213 615 1270 698 qni

157 715 319 781 dimiserit
339 734 467 780 umorem
488 736 580 779 soom
598 728 822 797 praeterquam
843 736 882 780 eu
903 735 1003 780 conso
1015 716 1182 797 adulterii,
1193 719 1275 799 sarit

158 837 229 884 eom
250 817 437 882 adulterari.

241 921 434 985 Philastrins
456 920 629 984 brixiensis
650 918 736 982 circs
757 937 808 980 an.
830 915 901 984 380.
925 918 1059 982 Haeresi
1080 914 1131 985 ti.
1153 922 1214 984 sub
1237 921 1275 983 ti·

160 1023 233 1088 tulo
254 1022 454 1096 abstinentes,
476 1022 515 1084 de
537 1021 656 1085 Christi
679 1038 753 1082 cum
776 1020 951 1099 pharisaeis
973 1024 1162 1100 quaestione
1178 1025 1275 1086 disse·

160 1143 237 1189 rens
252 1144 293 1189 ex
309 1144 336 1186 c.
355 1122 440 1187 XlX.
459 1121 629 1196 Matthaei,
651 1123 783 1185 scribit:
800 1121 857 1202 qni
871 1119 1024 1186 dimiserit
1038 1142 1169 1188 acorem
1184 1142 1277 1188 suam

158 1223 232 1289 sine
253 1223 400 1288 criminis
418 1243 528 1299 consu,
550 1224 630 1303 sacis
650 1241 717 1285 eum
736 1221 905 1285 moechari.

242 1326 493 1410 chrysostomus
515 1326 547 1386 in
568 1323 708 1388 Homilia
732 1323 777 1386 Ile
797 1325 898 1388 decem
919 1323 1060 1389 millibus
1081 1328 1277 1392 talentorum

161 1444 193 1488 n.
214 1425 246 1492 3.
269 1428 396 1507 inquit:
425 1426 592 1490 «Rursus
615 1425 653 1486 de
676 1426 880 1502 matrimonio
901 1437 933 1489 et
956 1447 1060 1491 uxore
1092 1431 1276 1508 disputante

162 1526 293 1591 Christo
310 1529 509 1593 aedicantes
533 1521 583 1593 ὅτι
607 1521 753 1594 ἀπολύων
776 1522 837 1603 rab
859 1522 1111 1615 quietissimis
1128 1524 1280 1628 παρεκτὸς
1295 1525 1298 1534 ”

158 1626 257 1719 λόγου
280 1627 432 1727 πορνείας
456 1631 539 1700 notit
564 1624 666 1709 ἀυτήν
691 1629 920 1721 μοιχευθῆναι.
940 1633 1095 1715 quonium
1116 1636 1278 1700 dimittens

160 1755 292 1798 onorem
311 1756 413 1810 snum,
430 1748 559 1817 excepto
580 1755 679 1799 conso
701 1735 939 1815 fornicationis,
955 1736 1119 1818 faciteam
1139 1737 1280 1800 moeclia-

161 1836 215 1910 ri;
237 1847 270 1900 ct
300 1857 427 1902 omnem
460 1841 615 1902 malitiam
648 1840 761 1901 uxoris
795 1840 959 1901 terendam
988 1860 1057 1904 esse
1086 1840 1279 1903 admonente

162 1945 295 2016 praeter
317 1941 439 2002 crimen
463 1941 698 2014 fornicationis,
724 1939 860 2014 Petrus,
883 1941 954 2003 aliis
975 1941 1124 2004 omnibus
1147 1943 1280 2004 tacenti·

162 2039 237 2115 bns,
260 2039 427 2104 Christum
450 2042 655 2120 alloquitur:
677 2040 706 2102 si
725 2038 906 2102 istiusmodi
936 2050 981 2103 est
1012 2061 1111 2105 conso
1142 2038 1280 2104 bominis

160 2160 233 2204 cnm
253 2140 405 2217 mulime,
426 2162 491 2205 non
513 2144 638 2222 expedit
658 2144 771 2205 nubere
789 2152 844 2204 etc.
869 2162 884 2200 u
907 2141 949 2206 Ei
971 2144 1024 2206 hic
1044 2160 1177 2224 qnoque
1209 2154 1279 2207 ium

161 2261 188 2306 s.
210 2240 361 2306 Doctoris
382 2257 610 2323 argumentum
634 2255 703 2308 tum
726 2246 880 2308 orationis
900 2248 1013 2322 series,
1036 2264 1110 2309 cnm
1133 2238 1279 2326 praecia·

163 2345 289 2408 rissime
311 2347 482 2425 respiciant
503 2349 541 2409 ed
565 2358 663 2428 eaput
684 2346 772 2409 ΧΙΧ.
798 2345 968 2423 Matthaei,
991 2349 1067 2424 satis
1092 2348 1280 2412 luculenter

163 2464 298 2525 quoqne
317 2447 487 2511 lectionem
510 2449 654 2528 pandunt
674 2449 804 2511 aliama
828 2449 961 2530 vulgato
982 2450 1083 2514 latino
1104 2455 1137 2513 et
1159 2466 1279 2530 graeco

165 2554 269 2611 textu.

181 2735 183 2739 y
247 2645 327 2711 item
342 2667 368 2712 s.
384 2647 601 2734 Hieronymus
616 2651 658 2715 ob
680 2653 794 2717 oculos
821 2651 948 2717 codices
979 2669 1112 2731 graecos
1133 2649 1281 2739 Evange-

164 2748 288 2813 liornm
310 2749 350 2811 ah
371 2750 512 2828 Origene
533 2753 671 2817 collatos
693 2762 726 2817 et
746 2756 909 2834 expositos
935 2754 1068 2829 hebens,
1091 2757 1122 2816 in
1144 2752 1280 2832 epistola

164 2851 205 2912 sd
229 2850 425 2928 Amandum,
449 2854 511 2916 hoc
535 2855 617 2916 idem
639 2853 796 2918 Matthaei
819 2874 944 2920 comma
977 2858 1055 2918 citat
1086 2864 1119 2917 et
1148 2854 1281 2934 quidem

165 2970 270 3017 nona
299 2956 404 3034 capite
435 2954 473 3016 V.
497 2958 695 3037 descriptum
727 2959 782 3019 sed
804 2977 823 3020 e
848 2959 951 3037 capite
974 2956 1063 3020 XlX.
1087 2957 1142 3020 hit
1173 2957 1281 3020 cuim:

168 3052 277 3119 «Nec
309 3055 487 3137 Apostolus
523 3057 604 3120 baec
633 3059 764 3139 propria
799 3059 994 3120 anctoritate
1026 3058 1168 3120 decernit
1179 3077 1191 3137 3
1226 3057 1283 3119 sed

166 3155 297 3220 Christo
318 3158 349 3218 in
369 3176 403 3219 se
425 3157 591 3237 loquente,
607 3157 726 3221 Christi
750 3157 848 3223 verba
871 3167 1003 3220 secutus
1022 3165 1090 3236 est;
1106 3161 1162 3236 qni
1183 3160 1229 3219 ait
1250 3159 1282 3219 in

166 3257 361 3336 Evangelio,
384 3259 439 3338 qui
460 3257 591 3322 dimittit
610 3278 739 3322 onorem
768 3279 879 3336 soom,
902 3269 1030 3341 exceptu
1055 3256 1283 3339 fornicationis

168 3378 279 3435 consu,
300 3358 465 3440 faciteam
487 3362 664 3435 moecliari·
686 3360 792 3443 etqui
813 3361 975 3425 dimissum
995 3360 1169 3440 occeperit,
1192 3359 1285 3423 udul-

167 3471 214 3522 ter
234 3470 288 3524 est.
309 3462 539 3525 Animadverte
562 3464 638 3543 qnid
662 3465 759 3540 dicat,
776 3462 833 3545 qni
847 3463 1007 3527 dimissum
1023 3461 1178 3544 occeperit·
1192 3460 1284 3523 odol-

168 3571 215 3622 ter
236 3571 289 3622 est.
312 3560 387 3624 Sive
411 3566 480 3642 ipsa
503 3563 661 3628 dimiserit
685 3566 812 3643 virum,
835 3569 941 3629 siren
966 3566 1036 3626 viro
1067 3565 1193 3626 dimisse
1219 3564 1283 3640 sii,

168 3662 301 3726 adulter
321 3672 381 3738 est,
404 3667 460 3744 qui
483 3682 553 3727 eam
576 3668 749 3745 acceperit.
771 3664 862 3731 Unde
884 3666 1031 3745 Apostoli
1053 3682 1184 3742 gravem
1209 3682 1285 3727 con·

166 3763 248 3845 jugii
271 3765 430 3827 sarcinam
454 3764 682 3845 intelligentes,
703 3765 733 3828 ei
753 3765 800 3830 ito
819 3776 875 3842 est,
892 3767 1054 3846 inquiunt,
1071 3781 1136 3826 non
1161 3761 1285 3845 impedit

168 3861 293 3928 homini
322 3883 456 3927 onorem
486 3865 637 3945 accipere.
662 3887 678 3924 o
701 3866 782 3932 Gnm
816 3871 927 3947 itaque
958 3886 983 3928 s.
1012 3863 1136 3928 Doctor
1165 3864 1284 3928 ibidem

168 3967 276 4028 stetim
298 3967 434 4031 subdat:
457 3965 488 4028 si
508 3964 555 4029 ito
575 3976 646 4044 est,
669 3985 734 4030 non
755 3969 878 4048 inpedit
899 3965 1020 4029 homini
1050 3961 1285 4030 umoremncei·

164 4085 251 4147 pere,
275 4070 507 4132 connexionem
532 4069 674 4133 ostendit
696 4069 849 4155 versiculi
871 4066 901 4133 9.
924 4087 951 4131 c.
975 4065 1063 4130 XlX.
1079 4087 1153 4131 cnm
1176 4057 1286 4130 immo·

169 4169 255 4231 diate
277 4178 431 4250 sequente
456 4188 484 4233 v.
501 4165 550 4234 10.
572 4169 752 4234 secundum
774 4169 979 4250 evangelicae
1000 4168 1173 4232 locutionis
1198 4168 1286 4232 ordi·

170 4286 243 4332 nom
266 4269 325 4332 sibi
348 4285 505 4333 exsecro
527 4269 637 4334 codice
660 4269 803 4335 obvium.
