2886 4784
239 356 282 425 tid

239 459 501 524 orthodoxorum
524 456 741 536 interpretum
762 454 916 516 sententia
928 472 940 532 3
960 452 1017 532 qni
1033 445 1218 514 clausulam
1241 447 1306 513 nisi
1326 450 1358 512 od

237 559 478 643 fornicationem
499 560 539 621 ad
571 559 673 622 solam
706 557 892 620 retulerunt
923 554 1113 619 laenitatem
1146 555 1354 616 dimittendae

239 665 422 739 adulterae,
445 680 509 725 uon
530 668 639 724 autem
660 661 700 723 ad
722 661 884 721 licentiam
908 675 1011 721 norae
1032 657 1202 720 ducendae
1221 659 1334 720 uxoris
1344 679 1356 737 3

240 767 337 841 uude,
354 766 494 828 admisso
515 764 629 828 uxoris
650 761 830 835 adulterio,
845 763 1045 841 permittitur
1065 761 1200 840 quidem
1224 762 1288 823 tori
1310 779 1355 822 sc·

238 869 378 949 paratio,
400 884 463 931 non
486 883 565 930 raro
587 865 766 929 divortium
787 864 997 941 absolutum,
1019 864 1088 927 sivo
1110 863 1256 926 alterum
1281 880 1353 926 con·

238 972 377 1053 jogium.

320 1071 352 1137 Si
376 1089 455 1135 vero
475 1072 555 1135 hacc
577 1071 803 1149 interpretatio
824 1070 909 1134 haud
931 1072 978 1134 eis
1004 1070 1212 1143 satisfecerit,
1236 1073 1356 1152 qnippe

239 1182 275 1238 ot
295 1174 354 1253 ipsi
376 1174 539 1237 immerito
560 1173 747 1254 opinantur,
771 1181 883 1237 contra
905 1190 1076 1237 commune
1099 1172 1228 1236 dicendi
1256 1193 1355 1253 genus

241 1277 391 1350 venians,
416 1293 454 1340 ac
485 1274 557 1339 ideo
588 1276 785 1338 incessanter
814 1282 950 1355 pergant
980 1275 1111 1339 diuortii
1138 1276 1284 1338 absoluti
1317 1277 1356 1339 ob

237 1374 437 1440 adulterium
458 1375 623 1439 licentiam
645 1382 908 1456 propugnantcs3
925 1384 1002 1439 tunc
1016 1377 1134 1438 omissa
1151 1379 1272 1456 prima,
1290 1377 1354 1438 ani·

238 1495 328 1540 mum
347 1496 445 1540 suum
467 1482 659 1541 convertant
679 1476 718 1538 ad
741 1476 879 1540 alteram
901 1478 1160 1557 expositionem3
1186 1478 1242 1540 ubi
1266 1495 1358 1558 prae·

241 1586 349 1641 textus
372 1578 501 1642 tollitur
520 1579 655 1640 iliorum
677 1580 901 1658 pervicaciae,
918 1586 951 1642 el
972 1580 1101 1642 omuino
1126 1588 1232 1643 cessat
1254 1583 1358 1644 incer·

238 1681 365 1755 titudo,
388 1680 496 1743 divino
524 1681 707 1743 testimonio
728 1680 768 1743 ad
790 1700 883 1744 suam
905 1682 1094 1761 originalem
1109 1683 1288 1744 lectionem
1311 1700 1357 1745 rc·

237 1782 374 1845 stitulo:
397 1780 455 1862 qui
475 1780 632 1845 dimiserit
651 1800 781 1844 uxorem
801 1792 904 1857 suum,
920 1792 1046 1862 exceptu
1067 1801 1167 1845 causo
1188 1781 1355 1858 adulterii,

237 1882 317 1962 fucit
346 1902 413 1947 cam
442 1883 609 1947 moechari.
632 1883 783 1960 Quorum
808 1886 985 1948 verborum
1018 1904 1147 1948 sensum
1177 1887 1357 1965 Apostolus

241 1991 274 2046 at
295 1983 405 2048 Patres
427 1987 550 2067 antiqui
575 1987 753 2049 traditionis
778 1984 943 2049 Ecclesiae
967 1985 1117 2048 custodes
1140 1994 1174 2048 et
1197 1990 1356 2066 interpre-

239 2095 308 2164 tes,
331 2089 494 2150 commnoi
516 2087 671 2168 suffragio
693 2090 736 2150 ita
760 2097 1007 2168 exposuerunt,
1039 2096 1077 2151 ut
1108 2089 1189 2169 jura
1220 2093 1358 2154 maritus

237 2205 375 2251 uxorem
397 2189 574 2251 dimitteret
595 2188 779 2251 adulteram
791 2209 803 2268 3
829 2198 947 2262 tamen,
971 2190 1103 2251 vinculo
1123 2191 1293 2270 conjugali
1317 2193 1359 2252 iu·

238 2300 288 2353 ter
308 2310 363 2353 eos
385 2300 635 2369 perseverante,
658 2292 844 2366 subdidere,
868 2293 986 2355 nemini
1010 2292 1143 2354 illorum
1170 2312 1229 2356 nec
1252 2294 1359 2358 dimis-

238 2411 305 2471 sae,
328 2414 387 2459 nec
407 2398 589 2472 dimittenti,
612 2415 733 2460 norum
756 2396 836 2459 inire
857 2396 1045 2476 conjugium
1067 2395 1195 2458 licere.-
