2886 4784
228 451 332 517 Porro
357 452 461 515 falsati
485 450 679 516 Periaruhoa
703 449 843 524 codicis,
875 467 971 528 quom
1007 466 1099 529 prae·
1118 451 1263 514 manibus

140 553 263 619 habuit
283 573 308 616 s.
331 552 561 634 Hieronymus,
577 552 676 615 latine
700 552 806 623 vertit,
822 569 860 612 ac
877 549 1005 613 Ruffino
1027 559 1064 612 ut
1087 552 1262 628 genuinum

140 656 282 737 objecit,
306 666 338 717 et
358 673 455 734 quem
479 655 605 717 Auctor
626 652 713 727 libri,
737 649 998 716 Praedeeh'aatas
1022 651 1140 727 titulo,
1162 653 1267 732 legit,

140 761 279 823 nullum
302 760 471 836 hucusque
493 757 661 834 exemplar
683 756 827 818 invenire
858 756 1044 835 potuimus,
1078 757 1136 817 uisi
1170 755 1265 820 Gadi·

143 879 216 925 cem
242 857 333 922 vlit·
353 857 571 920 Bibliothecae
596 856 699 918 Photii
734 858 922 936 inscriptum
955 855 1101 936 Oriqeaa's
1134 856 1265 919 Periur-

145 962 247 1024 rhea:
273 961 367 1040 cujus
392 968 495 1023 lamen
516 960 730 1022 summarium
759 959 964 1022 solummodo
995 961 1115 1021 tradit:
1139 979 1156 1018 a
1180 958 1268 1023 Lecti

146 1073 235 1136 suut,
259 1064 377 1142 inquit,
400 1061 548 1140 Origeois
571 1059 767 1122 Periarchoa
791 1060 863 1120 iibri
887 1069 1040 1139 quatuor.
1059 1059 1185 1122 florum
1202 1062 1266 1139 pri·

148 1184 221 1229 mus
244 1167 284 1227 de
308 1161 401 1227 Patre
424 1173 456 1225 et
478 1159 563 1224 Filio
585 1172 617 1223 et
639 1161 762 1241 Spiritu
785 1160 901 1223 Sancto
923 1163 997 1239 agit.
1017 1159 1090 1236 Quo
1113 1164 1144 1224 in
1168 1159 1267 1223 Libro

146 1268 290 1345 plurima
313 1266 496 1343 blasphema
521 1264 643 1336 scribit,
669 1272 705 1326 ui
727 1261 847 1325 Filium
870 1282 886 1324 a
912 1261 1005 1324 Patre
1029 1263 1175 1337 iactum,
1198 1262 1267 1340 Sui·

149 1370 251 1431 ritum
275 1385 291 1426 a
316 1364 422 1426 Filio:
446 1375 477 1427 et
500 1365 628 1428 Patrem
651 1365 781 1443 quidem
799 1366 989 1441 peromoia‚
1009 1383 1093 1442 quae
1110 1366 1264 1439 existunt,

149 1469 353 1548 pervader03
378 1467 496 1530 Filium
522 1486 599 1530 vero
622 1468 799 1548 pervadere
823 1466 1025 1528 rationabilia
1043 1474 1181 1538 tantum,
1198 1465 1266 1544 Spi-

148 1571 251 1632 ritum
276 1588 353 1632 vero
375 1570 528 1633 Sanctum
550 1589 585 1632 ea
611 1578 746 1644 tantum,
765 1587 849 1648 quae
870 1568 959 1628 salva
982 1567 1064 1628 iacta
1084 1575 1168 1628 sunt.
1188 1564 1266 1627 Tra·

149 1671 196 1731 rlit
216 1679 249 1733 et
269 1671 332 1732 alia
355 1672 487 1733 nimium
509 1672 647 1733 absurda
678 1681 710 1732 et
731 1670 902 1749 impietatis
933 1670 1047 1747 plena,
1079 1672 1261 1731 animarum

150 1774 359 1851 migrationes
381 1782 412 1835 ct
434 1775 571 1834 animata
593 1774 722 1848 sidera,
752 1772 909 1851 pleraque
930 1771 959 1831 id
983 1789 1082 1850 genus
1111 1780 1261 1849 nugatus.

150 1873 188 1936 ln
211 1877 319 1953 primo
341 1885 401 1936 etc.
425 1894 441 1933 »

234 1975 274 2037 lit
297 1978 348 2039 hic
369 1981 416 2039 est
439 1976 573 2039 ialsatus
597 1975 790 2038 Periarehoa
813 1977 939 2048 codex,
961 1994 1059 2055 quem
1081 1975 1112 2036 in
1133 1974 1267 2038 Oriente

151 2072 288 2137 Photius
309 2079 478 2154 comperit,
498 2085 530 2138 ei
552 2076 645 2157 cujus
661 2077 745 2139 istud
760 2077 974 2139 summarium
997 2075 1186 2154 descripsit:
1212 2076 1267 2136 ubi

150 2176 284 2255 vestigia
308 2176 473 2239 luculenta
497 2186 654 2257 apparent
676 2179 762 2241 illius
785 2178 899 2251 libelli,
923 2196 1018 2257 quem
1042 2196 1058 2238 a
1082 2174 1264 2255 Theophila

149 2286 321 2355 acceptum
344 2274 561 2362 Hieronymus
590 2278 688 2341 latine
712 2280 832 2352 vertit,
854 2297 890 2339 ac
912 2279 1006 2340 alteri
1036 2280 1187 2358 opposuit
1214 2297 1267 2357 ge·

150 2377 250 2439 uuino
272 2373 588 2458 graeoo'exemplari
604 2378 823 2443 Bibliothecae
838 2381 1016 2445 Caesareae
1033 2381 1117 2443 lecto
1132 2387 1165 2441 et
1181 2391 1268 2442 trau·

148 2479 271 2557 scripto
293 2497 311 2540 a
334 2480 521 2560 Pamphilo,
544 2491 576 2544 et
597 2500 614 2543 a
638 2481 765 2545 Ruffioo
788 2482 928 2546 fideliter
953 2483 1120 2544 translato.
1145 2479 1187 2543 El
1208 2480 1266 2544 illc

150 2586 197 2641 cst
220 2580 495 2659 concursatorias,
521 2583 575 2644 ubi
598 2583 692 2644 iidem
715 2592 869 2646 notantur
889 2584 1022 2661 origem
1045 2581 1196 2660 adscripti
1211 2600 1262 2644 cr·

149 2696 255 2755 rores,
279 2699 360 2759 quos
384 2683 531 2760 vulgatos
552 2683 631 2761 legit
653 2683 874 2763 relolavitque
895 2703 920 2746 s.
937 2683 1066 2768 Martyr
1088 2685 1119 2747 in
1143 2681 1265 2761 Apulo·
1308 2725 1313 2735 ·

148 2784 276 2859 getico-2
300 2791 332 2844 et
352 2801 434 2861 quos
456 2792 565 2861 postea
588 2785 786 2847 zizaniorum
808 2795 898 2848 sator
919 2788 1004 2848 circa
1028 2792 1166 2848 aetatem
1182 2783 1267 2849 Coo·

147 2885 213 2946 cilii
238 2881 279 2945 V.
301 2902 319 2946 c
342 2885 478 2963 pulvere
500 2888 654 2947 excitavit
684 2890 714 2949 io
740 2885 936 2949 Palaestinae
969 2886 1194 2962 monasteriis,
1229 2894 1265 2949 ut

144 2984 257 3047 denuo
280 2985 512 3046 innovarentur
530 2983 596 3062 jam
620 2987 722 3063 sopita
745 2986 904 3048 scandala.

232 3084 281 3146 Ac
305 3102 417 3147 revera
439 3085 478 3146 ab
502 3103 566 3147 uno
589 3087 768 3165 eodemque
797 3086 949 3166 perfidiae
982 3087 1069 3148 lonte
1100 3103 1265 3149 emanasse

142 3186 301 3265 vulgatos
324 3195 549 3266 praesumptos
571 3185 727 3265 Origenes
748 3206 899 3263 errores,
919 3206 1023 3266 supra
1046 3205 1128 3266 quos
1149 3195 1263 3247 extru-

140 3299 237 3352 ctum
263 3287 522 3350 initnelandum
547 3287 644 3369 hujus
669 3291 728 3351 viri
751 3295 993 3351 monumentum
1017 3290 1126 3367 (quoti
1144 3288 1266 3350 hucus-

140 3570 229 3634 dam3
256 3584 289 3622 ac
309 3570 509 3642 propemodum
528 3587 625 3626 omnes
641 3571 718 3628 illius
738 3578 829 3629 tomos
847 3572 891 3629 his
914 3570 1011 3644 plenos
1033 3588 1094 3628 esee
1113 3570 1261 3627 erroribus.

140 3661 232 3728 Quod
247 3660 431 3717 falsissimum
450 3681 511 3719 csse
531 3663 561 3718 in
583 3664 669 3733 Temo
689 3664 712 3721 1.
726 3665 910 3734 ostendimus,
925 3666 969 3720 usi
989 3665 1150 3736 praesertim
1173 3663 1263 3737 ipsius

140 3754 284 3828 Origenis
303 3755 537 3812 obtestationibus
556 3757 687 3813 adversus
706 3759 777 3812 hanc
797 3759 964 3814 calumniam
981 3759 1007 3814 ei
1025 3758 1175 3826 inflictam,
1195 3776 1262 3814 eru-

140 3850 181 3904 tis
204 3865 242 3902 ex
263 3847 390 3919 Epistola
410 3868 462 3905 sua
483 3850 518 3905 ad
539 3851 654 3906 Amicos
670 3852 874 3920 alexandrinos,
898 3855 945 3909 ubi
968 3853 1080 3909 scribit:
1105 3875 1118 3903 a
1140 3849 1264 3909 ri1aleriici

140 3941 210 3999 miti
229 3940 376 3998 casalium
395 3943 562 4017 blasphemiae
581 3943 683 4012 emurch,
705 3945 771 4018 quod
789 3963 806 4000 a
823 3945 894 4002 nobie
906 3963 1035 4020 uunquam
1048 3945 1182 4002 audieruut
1200 3985 1206 3997 .
1229 3982 1236 3996 .
1257 3985 1262 3994 .

140 4045 295 4098 asserentes,
316 4053 353 4090 roe
369 4048 466 4109 patrem
484 4037 597 4093 malitiae
616 4055 646 4093 ae
660 4037 810 4111 perditionis
829 4057 923 4105 eoram,
943 4038 989 4112 qai
1007 4039 1035 4094 de
1057 4055 1132 4112 raquo
1151 4036 1200 4095 Dei
1218 4035 1263 4109 eji-

140 4129 253 4195 ciantur,
274 4127 337 4184 idest
356 4128 493 4196 diabolum,
513 4129 594 4186 dicere
612 4148 663 4188 esee
681 4132 838 4188 calcandam.
852 4132 924 4201 Quod
935 4149 965 4189 ae
978 4131 1074 4206 aliquis
1087 4131 1186 4205 quidm
1197 4147 1265 4187 cart-

140 4232 161 4280 ie
181 4231 269 4279 motus
288 4230 310 4278 et
327 4221 457 4294 manifeste
476 4222 605 4280 insaniem
625 4224 704 4281 dicere
719 4234 808 4297 putea.
831 4246 842 4274 a
