<?xml version="1.0" encoding="UTF-8"?>
<!DOCTYPE html PUBLIC "-//W3C//DTD XHTML 1.0 Transitional//EN"
    "http://www.w3.org/TR/xhtml1/DTD/xhtml1-transitional.dtd">
<html xmlns="http://www.w3.org/1999/xhtml" xml:lang="en" lang="en">
 <head>
  <title>
</title>
<meta http-equiv="Content-Type" content="text/html;charset=utf-8" />
  <meta name='ocr-system' content='tesseract 3.04.00' />
  <meta name='ocr-capabilities' content='ocr_page ocr_carea ocr_par ocr_line ocrx_word'/>
</head>
<body>
  <div class='ocr_page' id='page_1' title='image "./insgregoriinyss00vincgoog/insgregoriinyss00vincgoog_0174.png"; bbox 0 0 2886 4784; ppageno 0'>
   <div class='ocr_carea' id='block_1_1' title="bbox 89 434 1221 4264">
    <p class='ocr_par' dir='ltr' id='par_1_1' title="bbox 90 434 1218 908">
     <span class='ocr_line' id='line_1_1' title="bbox 90 434 1217 520; baseline 0.002 -18"><span class='ocrx_word' id='word_1_1' title='bbox 90 437 340 502; x_wconf 84' lang='lat' dir='ltr'><strong>haererlarchae</strong></span> <span class='ocrx_word' id='word_1_2' title='bbox 356 435 396 497; x_wconf 90' lang='lat' dir='ltr'><strong>de</strong></span> <span class='ocrx_word' id='word_1_3' title='bbox 411 434 575 499; x_wconf 72' lang='lat' dir='ltr'><strong>creatione</strong></span> <span class='ocrx_word' id='word_1_4' title='bbox 597 436 808 517; x_wconf 82' lang='lat' dir='ltr'><strong>disputantes,</strong></span> <span class='ocrx_word' id='word_1_5' title='bbox 831 435 1101 516; x_wconf 83' lang='lat' dir='ltr'><strong>philosophorum</strong></span> <span class='ocrx_word' id='word_1_6' title='bbox 1124 459 1217 520; x_wconf 87' lang='lat' dir='ltr'><strong>grae-</strong></span> 
     </span>
     <span class='ocr_line' id='line_1_2' title="bbox 90 534 1215 620; baseline 0.002 -16"><span class='ocrx_word' id='word_1_7' title='bbox 90 557 212 604; x_wconf 86' lang='lat' dir='ltr'><strong>corum</strong></span> <span class='ocrx_word' id='word_1_8' title='bbox 236 536 367 616; x_wconf 71' lang='lat' dir='ltr'><strong>remigia</strong></span> <span class='ocrx_word' id='word_1_9' title='bbox 389 543 540 612; x_wconf 78' lang='lat' dir='ltr'><strong>sectator,</strong></span> <span class='ocrx_word' id='word_1_10' title='bbox 563 537 715 601; x_wconf 85' lang='lat' dir='ltr'><strong>ridiculas</strong></span> <span class='ocrx_word' id='word_1_11' title='bbox 736 534 889 600; x_wconf 87' lang='lat' dir='ltr'><strong>conllaace</strong></span> <span class='ocrx_word' id='word_1_12' title='bbox 911 538 1060 602; x_wconf 75' lang='lat' dir='ltr'>haereses</span> <span class='ocrx_word' id='word_1_13' title='bbox 1072 560 1084 620; x_wconf 83' lang='lat'>3</span> <span class='ocrx_word' id='word_1_14' title='bbox 1107 544 1215 606; x_wconf 87' lang='lat' dir='ltr'><strong>nescio</strong></span> 
     </span>
     <span class='ocr_line' id='line_1_3' title="bbox 93 637 1218 722; baseline -0.004 -16"><span class='ocrx_word' id='word_1_15' title='bbox 93 659 175 706; x_wconf 86' lang='lat' dir='ltr'><strong>num</strong></span> <span class='ocrx_word' id='word_1_16' title='bbox 198 639 297 716; x_wconf 79' lang='lat' dir='ltr'><strong>magia</strong></span> <span class='ocrx_word' id='word_1_17' title='bbox 320 637 457 708; x_wconf 89' lang='lat' dir='ltr'><strong>ridicula</strong></span> <span class='ocrx_word' id='word_1_18' title='bbox 481 639 622 715; x_wconf 87' lang='lat' dir='ltr'><strong>putanda</strong></span> <span class='ocrx_word' id='word_1_19' title='bbox 644 639 718 708; x_wconf 85' lang='lat' dir='ltr'><strong>sint,</strong></span> <span class='ocrx_word' id='word_1_20' title='bbox 741 655 825 715; x_wconf 86' lang='lat' dir='ltr'><strong>quaa</strong></span> <span class='ocrx_word' id='word_1_21' title='bbox 845 638 953 699; x_wconf 77' lang='lat' dir='ltr'>scribit</span> <span class='ocrx_word' id='word_1_22' title='bbox 977 640 1166 722; x_wconf 79' lang='lat' dir='ltr'><strong>dnonpmus</strong></span> <span class='ocrx_word' id='word_1_23' title='bbox 1184 645 1218 705; x_wconf 90' lang='lat' dir='ltr'><strong>iu</strong></span> 
     </span>
     <span class='ocr_line' id='line_1_4' title="bbox 95 739 1215 820; baseline 0.001 -17"><span class='ocrx_word' id='word_1_24' title='bbox 95 743 161 805; x_wconf 86' lang='lat' dir='ltr'><strong>hoe</strong></span> <span class='ocrx_word' id='word_1_25' title='bbox 183 739 400 820; x_wconf 73' lang='lat' dir='ltr'><strong>paragrapho,</strong></span> <span class='ocrx_word' id='word_1_26' title='bbox 421 756 519 817; x_wconf 82' lang='lat' dir='ltr'><strong>quam</strong></span> <span class='ocrx_word' id='word_1_27' title='bbox 542 757 627 818; x_wconf 86' lang='lat' dir='ltr'><strong>quae</strong></span> <span class='ocrx_word' id='word_1_28' title='bbox 649 739 756 816; x_wconf 86' lang='lat' dir='ltr'><strong>graeci</strong></span> <span class='ocrx_word' id='word_1_29' title='bbox 779 747 811 801; x_wconf 90' lang='lat' dir='ltr'><strong>et</strong></span> <span class='ocrx_word' id='word_1_30' title='bbox 832 739 985 820; x_wconf 71' lang='lat' dir='ltr'><strong>haeretiei</strong></span> <span class='ocrx_word' id='word_1_31' title='bbox 1008 745 1215 806; x_wconf 87' lang='lat' dir='ltr'><strong>commentati</strong></span> 
     </span>
     <span class='ocr_line' id='line_1_5' title="bbox 92 839 738 908; baseline -0.012 0"><span class='ocrx_word' id='word_1_32' title='bbox 92 852 173 908; x_wconf 88' lang='lat' dir='ltr'><strong>sunt</strong></span> <span class='ocrx_word' id='word_1_33' title='bbox 193 843 233 903; x_wconf 93' lang='lat' dir='ltr'><strong>de</strong></span> <span class='ocrx_word' id='word_1_34' title='bbox 253 842 343 904; x_wconf 87' lang='lat' dir='ltr'><strong>initio</strong></span> <span class='ocrx_word' id='word_1_35' title='bbox 365 849 397 901; x_wconf 90' lang='lat' dir='ltr'><strong>et</strong></span> <span class='ocrx_word' id='word_1_36' title='bbox 418 839 533 901; x_wconf 91' lang='lat' dir='ltr'><strong>ordine</strong></span> <span class='ocrx_word' id='word_1_37' title='bbox 555 839 738 902; x_wconf 63' lang='lat' dir='ltr'><strong>creationis.</strong></span> 
     </span>
    </p>

    <p class='ocr_par' dir='ltr' id='par_1_2' title="bbox 91 937 1221 2239">
     <span class='ocr_line' id='line_1_6' title="bbox 175 937 1216 1019; baseline 0.003 -14"><span class='ocrx_word' id='word_1_38' title='bbox 175 941 332 1006; x_wconf 85' lang='lat' dir='ltr'><strong>Similiter</strong></span> <span class='ocrx_word' id='word_1_39' title='bbox 353 941 383 999; x_wconf 92' lang='lat' dir='ltr'><strong>ic</strong></span> <span class='ocrx_word' id='word_1_40' title='bbox 405 940 510 1003; x_wconf 91' lang='lat' dir='ltr'><strong>altero</strong></span> <span class='ocrx_word' id='word_1_41' title='bbox 533 940 738 1019; x_wconf 77' lang='lat' dir='ltr'><strong>paragrapho</strong></span> <span class='ocrx_word' id='word_1_42' title='bbox 757 937 807 1004; x_wconf 85' lang='lat'><strong>33.</strong></span> <span class='ocrx_word' id='word_1_43' title='bbox 831 941 870 1004; x_wconf 90' lang='lat' dir='ltr'><strong>de</strong></span> <span class='ocrx_word' id='word_1_44' title='bbox 893 939 1049 1004; x_wconf 86' lang='lat' dir='ltr'><strong>Creatore</strong></span> <span class='ocrx_word' id='word_1_45' title='bbox 1070 953 1102 1005; x_wconf 90' lang='lat' dir='ltr'><strong>et</strong></span> <span class='ocrx_word' id='word_1_46' title='bbox 1123 961 1216 1008; x_wconf 86' lang='lat' dir='ltr'><strong>eree·</strong></span> 
     </span>
     <span class='ocr_line' id='line_1_7' title="bbox 94 1039 1216 1125; baseline -0.002 -17"><span class='ocrx_word' id='word_1_47' title='bbox 94 1050 182 1109; x_wconf 87' lang='lat' dir='ltr'><strong>tione</strong></span> <span class='ocrx_word' id='word_1_48' title='bbox 203 1044 347 1113; x_wconf 81' lang='lat' dir='ltr'><strong>locutus,</strong></span> <span class='ocrx_word' id='word_1_49' title='bbox 363 1040 490 1101; x_wconf 86' lang='lat' dir='ltr'><strong>diverse</strong></span> <span class='ocrx_word' id='word_1_50' title='bbox 513 1059 529 1099; x_wconf 89' lang='lat' dir='ltr'><strong>a</strong></span> <span class='ocrx_word' id='word_1_51' title='bbox 554 1041 706 1120; x_wconf 84' lang='lat' dir='ltr'><strong>praelatis</strong></span> <span class='ocrx_word' id='word_1_52' title='bbox 728 1043 758 1100; x_wconf 93' lang='lat' dir='ltr'><strong>iu</strong></span> <span class='ocrx_word' id='word_1_53' title='bbox 782 1060 810 1100; x_wconf 93' lang='lat' dir='ltr'><strong>u.</strong></span> <span class='ocrx_word' id='word_1_54' title='bbox 832 1039 884 1104; x_wconf 76' lang='lat'><strong>32.</strong></span> <span class='ocrx_word' id='word_1_55' title='bbox 909 1045 1012 1121; x_wconf 86' lang='lat' dir='ltr'><strong>inquit</strong></span> <span class='ocrx_word' id='word_1_56' title='bbox 1035 1040 1138 1110; x_wconf 84' lang='lat' dir='ltr'><strong>ileum</strong></span> <span class='ocrx_word' id='word_1_57' title='bbox 1161 1064 1216 1125; x_wconf 88' lang='lat' dir='ltr'><strong>ge·</strong></span> 
     </span>
     <span class='ocr_line' id='line_1_8' title="bbox 94 1138 1218 1240; baseline -0.001 -31"><span class='ocrx_word' id='word_1_58' title='bbox 94 1148 204 1209; x_wconf 86' lang='lat' dir='ltr'><strong>unisse</strong></span> <span class='ocrx_word' id='word_1_59' title='bbox 224 1138 322 1230; x_wconf 72' lang='grc' dir='ltr'>λόγον</span> <span class='ocrx_word' id='word_1_60' title='bbox 344 1145 466 1240; x_wconf 67' lang='grc' dir='ltr'><strong><em>πρῶςον</em></strong></span> <span class='ocrx_word' id='word_1_61' title='bbox 495 1139 621 1203; x_wconf 89' lang='lat' dir='ltr'><strong>Verbum</strong></span> <span class='ocrx_word' id='word_1_62' title='bbox 638 1139 795 1218; x_wconf 83' lang='lat' dir='ltr'><strong>primum,</strong></span> <span class='ocrx_word' id='word_1_63' title='bbox 816 1159 882 1202; x_wconf 85' lang='lat' dir='ltr'><strong>non</strong></span> <span class='ocrx_word' id='word_1_64' title='bbox 913 1141 1036 1206; x_wconf 84' lang='lat' dir='ltr'><strong>Verbum</strong></span> <span class='ocrx_word' id='word_1_65' title='bbox 1057 1143 1154 1224; x_wconf 78' lang='lat' dir='ltr'><strong>queri</strong></span> <span class='ocrx_word' id='word_1_66' title='bbox 1166 1166 1218 1208; x_wconf 87' lang='lat' dir='ltr'><strong>cc·</strong></span> 
     </span>
     <span class='ocr_line' id='line_1_9' title="bbox 91 1237 1217 1333; baseline -0.002 -23"><span class='ocrx_word' id='word_1_67' title='bbox 91 1268 159 1311; x_wconf 85' lang='lat' dir='ltr'><strong>cem</strong></span> <span class='ocrx_word' id='word_1_68' title='bbox 179 1250 233 1311; x_wconf 82' lang='lat' dir='ltr'><strong>aed</strong></span> <span class='ocrx_word' id='word_1_69' title='bbox 252 1242 438 1315; x_wconf 64' lang='lat' dir='ltr'><strong>{citabere</strong></span> <span class='ocrx_word' id='word_1_70' title='bbox 460 1244 516 1311; x_wconf 73' lang='grc' dir='ltr'><strong>τὸυ</strong></span> <span class='ocrx_word' id='word_1_71' title='bbox 537 1239 656 1322; x_wconf 80' lang='grc' dir='ltr'><strong><em>παντὸς</em></strong></span> <span class='ocrx_word' id='word_1_72' title='bbox 679 1237 839 1333; x_wconf 72' lang='grc' dir='ltr'><strong>λογισμόν</strong></span> <span class='ocrx_word' id='word_1_73' title='bbox 856 1241 1046 1307; x_wconf 76' lang='lat' dir='ltr'><strong>¹interiorem</strong></span> <span class='ocrx_word' id='word_1_74' title='bbox 1073 1244 1217 1310; x_wconf 82' lang='lat' dir='ltr'><strong>unicerre&#39;</strong></span> 
     </span>
     <span class='ocr_line' id='line_1_10' title="bbox 92 1347 1216 1427; baseline -0.001 -14"><span class='ocrx_word' id='word_1_75' title='bbox 92 1351 263 1415; x_wconf 81' lang='lat' dir='ltr'><strong>rationem.</strong></span> <span class='ocrx_word' id='word_1_76' title='bbox 282 1351 375 1414; x_wconf 82' lang='lat' dir='ltr'><strong>Hanc</strong></span> <span class='ocrx_word' id='word_1_77' title='bbox 396 1350 496 1413; x_wconf 80' lang='lat' dir='ltr'><strong>aciem</strong></span> <span class='ocrx_word' id='word_1_78' title='bbox 518 1367 557 1411; x_wconf 78' lang='lat' dir='ltr'><strong>eu</strong></span> <span class='ocrx_word' id='word_1_79' title='bbox 577 1347 783 1423; x_wconf 71' lang='lat' dir='ltr'><strong>existentibus</strong></span> <span class='ocrx_word' id='word_1_80' title='bbox 802 1348 974 1427; x_wconf 79' lang='lat' dir='ltr'><strong>pancracii.</strong></span> <span class='ocrx_word' id='word_1_81' title='bbox 999 1348 1060 1420; x_wconf 81' lang='lat' dir='ltr'><strong>ilc,</strong></span> <span class='ocrx_word' id='word_1_82' title='bbox 1080 1349 1216 1427; x_wconf 83' lang='lat' dir='ltr'><strong>jubente</strong></span> 
     </span>
     <span class='ocr_line' id='line_1_11' title="bbox 95 1450 1213 1524; baseline -0.003 -9"><span class='ocrx_word' id='word_1_83' title='bbox 95 1452 211 1524; x_wconf 86' lang='lat' dir='ltr'><strong>Patre,</strong></span> <span class='ocrx_word' id='word_1_84' title='bbox 233 1450 378 1515; x_wconf 84' lang='lat' dir='ltr'><strong>Verbum</strong></span> <span class='ocrx_word' id='word_1_85' title='bbox 402 1453 481 1514; x_wconf 85' lang='lat' dir='ltr'><strong>dicit</strong></span> <span class='ocrx_word' id='word_1_86' title='bbox 500 1451 655 1515; x_wconf 87' lang='lat' dir='ltr'><strong>muudum</strong></span> <span class='ocrx_word' id='word_1_87' title='bbox 679 1466 830 1520; x_wconf 87' lang='lat' dir='ltr'><strong>creasse,</strong></span> <span class='ocrx_word' id='word_1_88' title='bbox 853 1461 1021 1512; x_wconf 87' lang='lat' dir='ltr'><strong>creaturas</strong></span> <span class='ocrx_word' id='word_1_89' title='bbox 1045 1451 1123 1511; x_wconf 83' lang='lat' dir='ltr'><strong>elias</strong></span> <span class='ocrx_word' id='word_1_90' title='bbox 1147 1469 1213 1512; x_wconf 91' lang='lat' dir='ltr'><strong>ma·</strong></span> 
     </span>
     <span class='ocr_line' id='line_1_12' title="bbox 92 1552 1216 1630; baseline 0 -14"><span class='ocrx_word' id='word_1_91' title='bbox 92 1555 203 1616; x_wconf 80' lang='lat' dir='ltr'><strong>aculae</strong></span> <span class='ocrx_word' id='word_1_92' title='bbox 217 1555 299 1616; x_wconf 84' lang='lat' dir='ltr'><strong>aliae</strong></span> <span class='ocrx_word' id='word_1_93' title='bbox 315 1554 467 1617; x_wconf 83' lang='lat' dir='ltr'><strong>lemiooae</strong></span> <span class='ocrx_word' id='word_1_94' title='bbox 485 1563 597 1630; x_wconf 87' lang='lat' dir='ltr'><strong>utpote</strong></span> <span class='ocrx_word' id='word_1_95' title='bbox 612 1552 814 1628; x_wconf 88' lang='lat' dir='ltr'><strong>generationi</strong></span> <span class='ocrx_word' id='word_1_96' title='bbox 828 1555 1046 1629; x_wconf 58' lang='lat' dir='ltr'><strong>necessariam</strong></span> <span class='ocrx_word' id='word_1_97' title='bbox 1063 1552 1141 1613; x_wconf 80' lang='lat' dir='ltr'><strong>aliae</strong></span> <span class='ocrx_word' id='word_1_98' title='bbox 1156 1571 1216 1616; x_wconf 88' lang='lat' dir='ltr'><strong>noe</strong></span> 
     </span>
     <span class='ocr_line' id='line_1_13' title="bbox 94 1651 1213 1731; baseline 0 -13"><span class='ocrx_word' id='word_1_99' title='bbox 94 1656 258 1719; x_wconf 81' lang='lat' dir='ltr'><strong>masculas</strong></span> <span class='ocrx_word' id='word_1_100' title='bbox 280 1674 339 1718; x_wconf 88' lang='lat' dir='ltr'><strong>uec</strong></span> <span class='ocrx_word' id='word_1_101' title='bbox 361 1656 524 1718; x_wconf 78' lang='lat' dir='ltr'><strong>femineas.</strong></span> <span class='ocrx_word' id='word_1_102' title='bbox 549 1651 698 1728; x_wconf 85' lang='lat' dir='ltr'><strong>Quarum</strong></span> <span class='ocrx_word' id='word_1_103' title='bbox 722 1656 824 1731; x_wconf 91' lang='lat' dir='ltr'><strong>prima</strong></span> <span class='ocrx_word' id='word_1_104' title='bbox 847 1652 1020 1728; x_wconf 86' lang='lat' dir='ltr'><strong>elementa,</strong></span> <span class='ocrx_word' id='word_1_105' title='bbox 1043 1675 1085 1716; x_wconf 80' lang='lat' dir='ltr'><strong>ex</strong></span> <span class='ocrx_word' id='word_1_106' title='bbox 1111 1651 1213 1718; x_wconf 87' lang='lat' dir='ltr'><strong>uillilo</strong></span> 
     </span>
     <span class='ocr_line' id='line_1_14' title="bbox 95 1757 1217 1834; baseline 0.003 -17"><span class='ocrx_word' id='word_1_107' title='bbox 95 1757 196 1828; x_wconf 85' lang='lat' dir='ltr'><strong>laeta,</strong></span> <span class='ocrx_word' id='word_1_108' title='bbox 218 1758 312 1833; x_wconf 85' lang='lat' dir='ltr'><strong>ignia,</strong></span> <span class='ocrx_word' id='word_1_109' title='bbox 329 1776 397 1829; x_wconf 86' lang='lat' dir='ltr'><strong>aer,</strong></span> <span class='ocrx_word' id='word_1_110' title='bbox 414 1775 497 1834; x_wconf 90' lang='lat' dir='ltr'><strong>aqua</strong></span> <span class='ocrx_word' id='word_1_111' title='bbox 520 1763 553 1816; x_wconf 87' lang='lat' dir='ltr'><strong>et</strong></span> <span class='ocrx_word' id='word_1_112' title='bbox 575 1762 675 1825; x_wconf 84' lang='lat' dir='ltr'><strong>terra,</strong></span> <span class='ocrx_word' id='word_1_113' title='bbox 697 1772 772 1816; x_wconf 89' lang='lat' dir='ltr'><strong>curu</strong></span> <span class='ocrx_word' id='word_1_114' title='bbox 794 1773 852 1816; x_wconf 89' lang='lat' dir='ltr'><strong>nec</strong></span> <span class='ocrx_word' id='word_1_115' title='bbox 875 1757 1019 1818; x_wconf 84' lang='lat' dir='ltr'><strong>mascula</strong></span> <span class='ocrx_word' id='word_1_116' title='bbox 1042 1775 1100 1820; x_wconf 90' lang='lat' dir='ltr'><strong>nee</strong></span> <span class='ocrx_word' id='word_1_117' title='bbox 1123 1759 1217 1820; x_wconf 86' lang='lat' dir='ltr'><strong>lemi-</strong></span> 
     </span>
     <span class='ocr_line' id='line_1_15' title="bbox 93 1855 1212 1940; baseline 0.004 -22"><span class='ocrx_word' id='word_1_118' title='bbox 93 1877 156 1919; x_wconf 81' lang='lat' dir='ltr'><strong>nea</strong></span> <span class='ocrx_word' id='word_1_119' title='bbox 176 1861 251 1931; x_wconf 88' lang='lat' dir='ltr'><strong>eici,</strong></span> <span class='ocrx_word' id='word_1_120' title='bbox 275 1858 360 1919; x_wconf 88' lang='lat' dir='ltr'><strong>haud</strong></span> <span class='ocrx_word' id='word_1_121' title='bbox 384 1857 556 1936; x_wconf 87' lang='lat' dir='ltr'><strong>prolerunt</strong></span> <span class='ocrx_word' id='word_1_122' title='bbox 578 1855 760 1916; x_wconf 87' lang='lat' dir='ltr'><strong>masculum</strong></span> <span class='ocrx_word' id='word_1_123' title='bbox 781 1874 838 1917; x_wconf 86' lang='lat' dir='ltr'><strong>eeu</strong></span> <span class='ocrx_word' id='word_1_124' title='bbox 865 1855 1212 1940; x_wconf 77' lang='lat' dir='ltr'><strong>lernineum,nisi‚1&#39;u·</strong></span> 
     </span>
     <span class='ocr_line' id='line_1_16' title="bbox 94 1955 1221 2037; baseline 0.004 -17"><span class='ocrx_word' id='word_1_125' title='bbox 94 1960 191 2021; x_wconf 87' lang='lat' dir='ltr'><strong>beute</strong></span> <span class='ocrx_word' id='word_1_126' title='bbox 213 1958 293 2032; x_wconf 82' lang='lat' dir='ltr'><strong>lieo,</strong></span> <span class='ocrx_word' id='word_1_127' title='bbox 316 1956 460 2020; x_wconf 85' lang='lat' dir='ltr'><strong>Verbum</strong></span> <span class='ocrx_word' id='word_1_128' title='bbox 483 1959 526 2019; x_wconf 88' lang='lat' dir='ltr'><strong>ita</strong></span> <span class='ocrx_word' id='word_1_129' title='bbox 550 1956 657 2018; x_wconf 85' lang='lat' dir='ltr'><strong>iaciat.</strong></span> <span class='ocrx_word' id='word_1_130' title='bbox 680 1955 797 2017; x_wconf 88' lang='lat' dir='ltr'><strong>Subdii</strong></span> <span class='ocrx_word' id='word_1_131' title='bbox 819 1957 932 2017; x_wconf 90' lang='lat' dir='ltr'><strong>deinde</strong></span> <span class='ocrx_word' id='word_1_132' title='bbox 954 1978 995 2019; x_wconf 86' lang='lat' dir='ltr'><strong>ex</strong></span> <span class='ocrx_word' id='word_1_133' title='bbox 1018 1961 1088 2037; x_wconf 84' lang='lat' dir='ltr'><strong>igne</strong></span> <span class='ocrx_word' id='word_1_134' title='bbox 1110 1960 1221 2024; x_wconf 81' lang='lat' dir='ltr'><strong>iactoa&#39;</strong></span> 
     </span>
     <span class='ocr_line' id='line_1_17' title="bbox 92 2054 1212 2139; baseline 0.002 -17"><span class='ocrx_word' id='word_1_135' title='bbox 92 2078 165 2122; x_wconf 84' lang='lat' dir='ltr'><strong>esee</strong></span> <span class='ocrx_word' id='word_1_136' title='bbox 185 2060 318 2139; x_wconf 75' lang='lat' dir='ltr'><strong>angelos</strong></span> <span class='ocrx_word' id='word_1_137' title='bbox 337 2061 405 2120; x_wconf 83' lang='lat' dir='ltr'><strong>siue</strong></span> <span class='ocrx_word' id='word_1_138' title='bbox 427 2058 564 2119; x_wconf 83' lang='lat' dir='ltr'><strong>leminis.</strong></span> <span class='ocrx_word' id='word_1_139' title='bbox 588 2054 696 2118; x_wconf 89' lang='lat' dir='ltr'><strong>Solem</strong></span> <span class='ocrx_word' id='word_1_140' title='bbox 722 2073 820 2131; x_wconf 88' lang='lat' dir='ltr'><strong>vero,</strong></span> <span class='ocrx_word' id='word_1_141' title='bbox 846 2057 955 2118; x_wconf 88' lang='lat' dir='ltr'><strong>lunam</strong></span> <span class='ocrx_word' id='word_1_142' title='bbox 978 2068 1009 2120; x_wconf 90' lang='lat' dir='ltr'><strong>et</strong></span> <span class='ocrx_word' id='word_1_143' title='bbox 1038 2061 1142 2121; x_wconf 83' lang='lat' dir='ltr'><strong>sidera</strong></span> <span class='ocrx_word' id='word_1_144' title='bbox 1170 2080 1212 2124; x_wconf 86' lang='lat' dir='ltr'><strong>ex</strong></span> 
     </span>
     <span class='ocr_line' id='line_1_18' title="bbox 93 2156 1211 2239; baseline -0.003 -18"><span class='ocrx_word' id='word_1_145' title='bbox 93 2163 168 2239; x_wconf 86' lang='lat' dir='ltr'><strong>igne</strong></span> <span class='ocrx_word' id='word_1_146' title='bbox 189 2170 222 2223; x_wconf 86' lang='lat' dir='ltr'><strong>et</strong></span> <span class='ocrx_word' id='word_1_147' title='bbox 242 2179 319 2223; x_wconf 87' lang='lat' dir='ltr'><strong>aere</strong></span> <span class='ocrx_word' id='word_1_148' title='bbox 340 2160 422 2222; x_wconf 89' lang='lat' dir='ltr'><strong>lacta</strong></span> <span class='ocrx_word' id='word_1_149' title='bbox 446 2159 647 2232; x_wconf 89' lang='lat' dir='ltr'><strong>arbitratur,</strong></span> <span class='ocrx_word' id='word_1_150' title='bbox 671 2174 730 2218; x_wconf 88' lang='lat' dir='ltr'><strong>nec</strong></span> <span class='ocrx_word' id='word_1_151' title='bbox 751 2156 796 2218; x_wconf 89' lang='lat' dir='ltr'><strong>eis</strong></span> <span class='ocrx_word' id='word_1_152' title='bbox 818 2158 930 2219; x_wconf 76' lang='lat' dir='ltr'><strong>adesse</strong></span> <span class='ocrx_word' id='word_1_153' title='bbox 953 2158 1085 2222; x_wconf 85' lang='lat' dir='ltr'><strong>luminas</strong></span> <span class='ocrx_word' id='word_1_154' title='bbox 1107 2172 1168 2224; x_wconf 86' lang='lat' dir='ltr'><strong>etc.</strong></span> <span class='ocrx_word' id='word_1_155' title='bbox 1194 2181 1211 2218; x_wconf 82' lang='lat' dir='ltr'><strong>n</strong></span> 
     </span>
    </p>

    <p class='ocr_par' dir='ltr' id='par_1_3' title="bbox 89 2259 1215 4264">
     <span class='ocr_line' id='line_1_19' title="bbox 177 2259 1213 2340; baseline 0.001 -17"><span class='ocrx_word' id='word_1_156' title='bbox 177 2259 288 2336; x_wconf 81' lang='lat' dir='ltr'><strong>Quare</strong></span> <span class='ocrx_word' id='word_1_157' title='bbox 310 2262 341 2323; x_wconf 91' lang='lat' dir='ltr'><strong>in</strong></span> <span class='ocrx_word' id='word_1_158' title='bbox 364 2263 424 2322; x_wconf 89' lang='lat' dir='ltr'><strong>hnc</strong></span> <span class='ocrx_word' id='word_1_159' title='bbox 445 2260 588 2322; x_wconf 82' lang='lat' dir='ltr'><strong>secundo</strong></span> <span class='ocrx_word' id='word_1_160' title='bbox 611 2259 685 2319; x_wconf 91' lang='lat' dir='ltr'><strong>loeo</strong></span> <span class='ocrx_word' id='word_1_161' title='bbox 709 2259 909 2340; x_wconf 76' lang='lat' dir='ltr'><strong>Anonymus,</strong></span> <span class='ocrx_word' id='word_1_162' title='bbox 932 2277 1006 2321; x_wconf 89' lang='lat' dir='ltr'><strong>cum</strong></span> <span class='ocrx_word' id='word_1_163' title='bbox 1029 2260 1142 2322; x_wconf 86' lang='lat' dir='ltr'><strong>eadem</strong></span> <span class='ocrx_word' id='word_1_164' title='bbox 1161 2280 1213 2324; x_wconf 89' lang='lat' dir='ltr'><strong>re·</strong></span> 
     </span>
     <span class='ocr_line' id='line_1_20' title="bbox 92 2359 1210 2442; baseline 0 -17"><span class='ocrx_word' id='word_1_165' title='bbox 92 2372 185 2442; x_wconf 88' lang='lat' dir='ltr'><strong>petat</strong></span> <span class='ocrx_word' id='word_1_166' title='bbox 205 2363 244 2424; x_wconf 88' lang='lat' dir='ltr'><strong>de</strong></span> <span class='ocrx_word' id='word_1_167' title='bbox 265 2362 422 2428; x_wconf 82' lang='lat' dir='ltr'><strong>Creatore</strong></span> <span class='ocrx_word' id='word_1_168' title='bbox 444 2371 474 2424; x_wconf 92' lang='lat' dir='ltr'><strong>et</strong></span> <span class='ocrx_word' id='word_1_169' title='bbox 498 2362 536 2422; x_wconf 89' lang='lat' dir='ltr'><strong>de</strong></span> <span class='ocrx_word' id='word_1_170' title='bbox 558 2359 734 2432; x_wconf 73' lang='lat' dir='ltr'><strong>creatione,</strong></span> <span class='ocrx_word' id='word_1_171' title='bbox 756 2361 786 2419; x_wconf 90' lang='lat' dir='ltr'><strong>in</strong></span> <span class='ocrx_word' id='word_1_172' title='bbox 804 2359 865 2421; x_wconf 92' lang='lat' dir='ltr'><strong>hoc</strong></span> <span class='ocrx_word' id='word_1_173' title='bbox 880 2359 998 2434; x_wconf 79' lang='lat' dir='ltr'><strong>differt,</strong></span> <span class='ocrx_word' id='word_1_174' title='bbox 1016 2363 1102 2441; x_wconf 86' lang='lat' dir='ltr'><strong>quod</strong></span> <span class='ocrx_word' id='word_1_175' title='bbox 1118 2371 1210 2425; x_wconf 90' lang='lat' dir='ltr'><strong>antea</strong></span> 
     </span>
     <span class='ocr_line' id='line_1_21' title="bbox 95 2461 1214 2544; baseline -0.003 -17"><span class='ocrx_word' id='word_1_176' title='bbox 95 2462 394 2544; x_wconf 83' lang='lat' dir='ltr'><strong>praemisit‚1leuru</strong></span> <span class='ocrx_word' id='word_1_177' title='bbox 418 2481 531 2532; x_wconf 90' lang='lat' dir='ltr'><strong>unum,</strong></span> <span class='ocrx_word' id='word_1_178' title='bbox 549 2462 703 2540; x_wconf 85' lang='lat' dir='ltr'><strong>primum,</strong></span> <span class='ocrx_word' id='word_1_179' title='bbox 726 2461 868 2520; x_wconf 90' lang='lat' dir='ltr'><strong>omniurn</strong></span> <span class='ocrx_word' id='word_1_180' title='bbox 889 2462 1137 2536; x_wconf 76' lang='lat' dir='ltr'><strong>dominatorem,</strong></span> <span class='ocrx_word' id='word_1_181' title='bbox 1160 2482 1214 2525; x_wconf 88' lang='lat' dir='ltr'><strong>ve·</strong></span> 
     </span>
     <span class='ocr_line' id='line_1_22' title="bbox 94 2559 1211 2644; baseline -0.003 -16"><span class='ocrx_word' id='word_1_182' title='bbox 94 2569 151 2636; x_wconf 74' lang='lat' dir='ltr'><strong>ria,</strong></span> <span class='ocrx_word' id='word_1_183' title='bbox 167 2565 322 2644; x_wconf 82' lang='lat' dir='ltr'><strong>principia</strong></span> <span class='ocrx_word' id='word_1_184' title='bbox 347 2565 536 2626; x_wconf 88' lang='lat' dir='ltr'><strong>iuturorum</strong></span> <span class='ocrx_word' id='word_1_185' title='bbox 558 2579 708 2633; x_wconf 87' lang='lat' dir='ltr'><strong>creasse,</strong></span> <span class='ocrx_word' id='word_1_186' title='bbox 735 2559 883 2622; x_wconf 79' lang='lat' dir='ltr'><strong>absolute</strong></span> <span class='ocrx_word' id='word_1_187' title='bbox 913 2561 1042 2623; x_wconf 82' lang='lat' dir='ltr'><strong>locutus</strong></span> <span class='ocrx_word' id='word_1_188' title='bbox 1073 2563 1113 2624; x_wconf 91' lang='lat' dir='ltr'><strong>de</strong></span> <span class='ocrx_word' id='word_1_189' title='bbox 1144 2562 1211 2630; x_wconf 84' lang='lat' dir='ltr'><strong>lieo</strong></span> 
     </span>
     <span class='ocr_line' id='line_1_23' title="bbox 93 2660 1212 2741; baseline -0.001 -12"><span class='ocrx_word' id='word_1_190' title='bbox 93 2668 241 2729; x_wconf 89' lang='lat' dir='ltr'><strong>omnium</strong></span> <span class='ocrx_word' id='word_1_191' title='bbox 262 2665 442 2739; x_wconf 86' lang='lat' dir='ltr'><strong>corrditore;</strong></span> <span class='ocrx_word' id='word_1_192' title='bbox 459 2662 647 2724; x_wconf 90' lang='lat' dir='ltr'><strong>insecundo</strong></span> <span class='ocrx_word' id='word_1_193' title='bbox 665 2678 742 2721; x_wconf 83' lang='lat' dir='ltr'><strong>vero</strong></span> <span class='ocrx_word' id='word_1_194' title='bbox 763 2661 809 2722; x_wconf 85' lang='lat' dir='ltr'><strong>ait</strong></span> <span class='ocrx_word' id='word_1_195' title='bbox 824 2660 927 2724; x_wconf 85' lang='lat' dir='ltr'><strong>Deum</strong></span> <span class='ocrx_word' id='word_1_196' title='bbox 944 2681 1114 2741; x_wconf 83' lang='lat' dir='ltr'><strong>generasse</strong></span> <span class='ocrx_word' id='word_1_197' title='bbox 1133 2663 1212 2728; x_wconf 89' lang='lat' dir='ltr'><strong>Ver·</strong></span> 
     </span>
     <span class='ocr_line' id='line_1_24' title="bbox 94 2762 1209 2843; baseline -0.001 -14"><span class='ocrx_word' id='word_1_198' title='bbox 94 2769 173 2829; x_wconf 89' lang='lat' dir='ltr'><strong>bum</strong></span> <span class='ocrx_word' id='word_1_199' title='bbox 195 2785 304 2836; x_wconf 83' lang='lat' dir='ltr'><strong>suum,</strong></span> <span class='ocrx_word' id='word_1_200' title='bbox 322 2783 378 2842; x_wconf 91' lang='lat' dir='ltr'><strong>per</strong></span> <span class='ocrx_word' id='word_1_201' title='bbox 393 2766 479 2842; x_wconf 88' lang='lat' dir='ltr'><strong>quod</strong></span> <span class='ocrx_word' id='word_1_202' title='bbox 495 2768 600 2825; x_wconf 91' lang='lat' dir='ltr'><strong>omnia</strong></span> <span class='ocrx_word' id='word_1_203' title='bbox 625 2764 707 2827; x_wconf 87' lang='lat' dir='ltr'><strong>iacta</strong></span> <span class='ocrx_word' id='word_1_204' title='bbox 731 2772 815 2827; x_wconf 89' lang='lat' dir='ltr'><strong>sunt.</strong></span> <span class='ocrx_word' id='word_1_205' title='bbox 836 2762 927 2833; x_wconf 85' lang='lat' dir='ltr'><strong>item,</strong></span> <span class='ocrx_word' id='word_1_206' title='bbox 944 2783 1017 2825; x_wconf 86' lang='lat' dir='ltr'><strong>curn</strong></span> <span class='ocrx_word' id='word_1_207' title='bbox 1037 2768 1126 2843; x_wconf 85' lang='lat' dir='ltr'><strong>prius</strong></span> <span class='ocrx_word' id='word_1_208' title='bbox 1149 2769 1209 2841; x_wconf 91' lang='lat' dir='ltr'><strong>ait,</strong></span> 
     </span>
     <span class='ocr_line' id='line_1_25' title="bbox 92 2860 1213 2956; baseline 0 -26"><span class='ocrx_word' id='word_1_209' title='bbox 92 2867 224 2940; x_wconf 84' lang='lat' dir='ltr'><strong>Deum,</strong></span> <span class='ocrx_word' id='word_1_210' title='bbox 254 2864 396 2929; x_wconf 89' lang='lat' dir='ltr'><strong>Verbum</strong></span> <span class='ocrx_word' id='word_1_211' title='bbox 428 2867 567 2942; x_wconf 92' lang='lat' dir='ltr'><strong>primum</strong></span> <span class='ocrx_word' id='word_1_212' title='bbox 597 2884 751 2944; x_wconf 88' lang='lat' dir='ltr'><strong>generare</strong></span> <span class='ocrx_word' id='word_1_213' title='bbox 773 2862 810 2932; x_wconf 77' lang='grc' dir='ltr'><strong>ὂυ</strong></span> <span class='ocrx_word' id='word_1_214' title='bbox 833 2862 934 2954; x_wconf 70' lang='grc' dir='ltr'>λόγον</span> <span class='ocrx_word' id='word_1_215' title='bbox 956 2860 998 2944; x_wconf 81' lang='grc' dir='ltr'><strong>ὠς</strong></span> <span class='ocrx_word' id='word_1_216' title='bbox 1020 2864 1213 2956; x_wconf 67' lang='lat' dir='ltr'><strong>percrebuere</strong></span> 
     </span>
     <span class='ocr_line' id='line_1_26' title="bbox 97 2966 1210 3048; baseline 0.002 -17"><span class='ocrx_word' id='word_1_217' title='bbox 97 2966 234 3031; x_wconf 80' lang='lat' dir='ltr'><strong>Verbum</strong></span> <span class='ocrx_word' id='word_1_218' title='bbox 253 2967 491 3048; x_wconf 74' lang='lat' dir='ltr'><strong>puori-ocem,</strong></span> <span class='ocrx_word' id='word_1_219' title='bbox 522 2970 708 3046; x_wconf 82' lang='lat' dir='ltr'><strong>paulopost</strong></span> <span class='ocrx_word' id='word_1_220' title='bbox 729 2971 825 3032; x_wconf 85' lang='lat' dir='ltr'><strong>aliter</strong></span> <span class='ocrx_word' id='word_1_221' title='bbox 844 2971 957 3031; x_wconf 76' lang='lat' dir='ltr'><strong>scribit</strong></span> <span class='ocrx_word' id='word_1_222' title='bbox 983 2992 1025 3033; x_wconf 83' lang='lat' dir='ltr'><strong>ex</strong></span> <span class='ocrx_word' id='word_1_223' title='bbox 1053 2972 1210 3034; x_wconf 81' lang='lat' dir='ltr'><strong>Genitore</strong></span> 
     </span>
     <span class='ocr_line' id='line_1_27' title="bbox 96 3063 1212 3160; baseline 0.003 -30"><span class='ocrx_word' id='word_1_224' title='bbox 96 3069 277 3145; x_wconf 82' lang='lat' dir='ltr'><strong>procedere</strong></span> <span class='ocrx_word' id='word_1_225' title='bbox 301 3067 553 3149; x_wconf 77' lang='lat' dir='ltr'><strong>Primogenitum</strong></span> <span class='ocrx_word' id='word_1_226' title='bbox 587 3087 681 3130; x_wconf 88' lang='lat' dir='ltr'><strong>suum</strong></span> <span class='ocrx_word' id='word_1_227' title='bbox 710 3071 829 3132; x_wconf 87' lang='lat' dir='ltr'><strong>iactum</strong></span> <span class='ocrx_word' id='word_1_228' title='bbox 850 3063 955 3160; x_wconf 72' lang='lat' dir='ltr'><strong>pevile</strong></span> <span class='ocrx_word' id='word_1_229' title='bbox 977 3091 1091 3133; x_wconf 86' lang='lat' dir='ltr'><strong>vocem.</strong></span> <span class='ocrx_word' id='word_1_230' title='bbox 1118 3071 1212 3146; x_wconf 81' lang='lat' dir='ltr'><strong>Quae</strong></span> 
     </span>
     <span class='ocr_line' id='line_1_28' title="bbox 92 3170 1208 3253; baseline 0 -20"><span class='ocrx_word' id='word_1_231' title='bbox 92 3172 222 3235; x_wconf 91' lang='lat' dir='ltr'><strong>locutio</strong></span> <span class='ocrx_word' id='word_1_232' title='bbox 235 3171 388 3248; x_wconf 88' lang='lat' dir='ltr'><strong>antilogia</strong></span> <span class='ocrx_word' id='word_1_233' title='bbox 403 3172 541 3231; x_wconf 84' lang='lat' dir='ltr'><strong>laborat.</strong></span> <span class='ocrx_word' id='word_1_234' title='bbox 559 3170 618 3232; x_wconf 85' lang='lat' dir='ltr'><strong>set</strong></span> <span class='ocrx_word' id='word_1_235' title='bbox 635 3173 818 3250; x_wconf 87' lang='lat' dir='ltr'><strong>etamplius</strong></span> <span class='ocrx_word' id='word_1_236' title='bbox 834 3177 1040 3253; x_wconf 84' lang='lat' dir='ltr'><strong>peregrinum</strong></span> <span class='ocrx_word' id='word_1_237' title='bbox 1057 3183 1104 3235; x_wconf 84' lang='lat' dir='ltr'><strong>eat</strong></span> <span class='ocrx_word' id='word_1_238' title='bbox 1121 3174 1208 3251; x_wconf 86' lang='lat' dir='ltr'><strong>quod</strong></span> 
     </span>
     <span class='ocr_line' id='line_1_29' title="bbox 91 3269 1213 3374; baseline -0.003 -37"><span class='ocrx_word' id='word_1_239' title='bbox 91 3274 205 3374; x_wconf 70' lang='lat' dir='ltr'><strong>subdit</strong></span> <span class='ocrx_word' id='word_1_240' title='bbox 227 3274 441 3352; x_wconf 79' lang='lat' dir='ltr'><strong>dnonymm,¹</strong></span> <span class='ocrx_word' id='word_1_241' title='bbox 457 3269 555 3352; x_wconf 60' lang='lat' dir='ltr'><strong>mum</strong></span> <span class='ocrx_word' id='word_1_242' title='bbox 578 3288 731 3350; x_wconf 75' lang='lat' dir='ltr'><strong>generare</strong></span> <span class='ocrx_word' id='word_1_243' title='bbox 760 3271 883 3334; x_wconf 84' lang='lat' dir='ltr'><strong>Verbum</strong></span> <span class='ocrx_word' id='word_1_244' title='bbox 905 3275 1086 3337; x_wconf 83' lang='lat' dir='ltr'><strong>interiorem</strong></span> <span class='ocrx_word' id='word_1_245' title='bbox 1113 3272 1213 3335; x_wconf 80' lang='lat' dir='ltr'><strong>ratio·</strong></span> 
     </span>
     <span class='ocr_line' id='line_1_30' title="bbox 93 3371 1209 3454; baseline -0.001 -18"><span class='ocrx_word' id='word_1_246' title='bbox 93 3395 164 3436; x_wconf 85' lang='lat' dir='ltr'><strong>nem</strong></span> <span class='ocrx_word' id='word_1_247' title='bbox 184 3371 338 3446; x_wconf 77' lang='lat' dir='ltr'><strong>uniuersi,</strong></span> <span class='ocrx_word' id='word_1_248' title='bbox 356 3374 552 3451; x_wconf 86' lang='lat' dir='ltr'><strong>platonicam</strong></span> <span class='ocrx_word' id='word_1_249' title='bbox 572 3390 647 3433; x_wconf 82' lang='lat' dir='ltr'><strong>cane</strong></span> <span class='ocrx_word' id='word_1_250' title='bbox 670 3374 817 3436; x_wconf 83' lang='lat' dir='ltr'><strong>redolens</strong></span> <span class='ocrx_word' id='word_1_251' title='bbox 841 3371 1094 3454; x_wconf 79' lang='lat' dir='ltr'><strong>philoeophiam:</strong></span> <span class='ocrx_word' id='word_1_252' title='bbox 1112 3392 1209 3454; x_wconf 90' lang='lat' dir='ltr'><strong>quam</strong></span> 
     </span>
     <span class='ocr_line' id='line_1_31' title="bbox 92 3458 1210 3556; baseline -0.001 -18"><span class='ocrx_word' id='word_1_253' title='bbox 92 3479 167 3539; x_wconf 90' lang='lat' dir='ltr'><strong>ideo</strong></span> <span class='ocrx_word' id='word_1_254' title='bbox 194 3487 227 3538; x_wconf 89' lang='lat' dir='ltr'><strong>et</strong></span> <span class='ocrx_word' id='word_1_255' title='bbox 249 3476 552 3554; x_wconf 81' lang='lat' dir='ltr'><strong>similia-perpetuo</strong></span> <span class='ocrx_word' id='word_1_256' title='bbox 572 3474 776 3536; x_wconf 83' lang='lat' dir='ltr'><strong>abhorruere</strong></span> <span class='ocrx_word' id='word_1_257' title='bbox 804 3480 892 3538; x_wconf 87' lang='lat' dir='ltr'><strong>citati</strong></span> <span class='ocrx_word' id='word_1_258' title='bbox 921 3477 1115 3556; x_wconf 78' lang='lat' dir='ltr'><strong>Scriptores.</strong></span> <span class='ocrx_word' id='word_1_259' title='bbox 1145 3458 1210 3538; x_wconf 79' lang='lat' dir='ltr'><strong>llo·</strong></span> 
     </span>
     <span class='ocr_line' id='line_1_32' title="bbox 94 3576 1209 3656; baseline -0.002 -16"><span class='ocrx_word' id='word_1_260' title='bbox 94 3596 170 3646; x_wconf 85' lang='lat' dir='ltr'><strong>rum</strong></span> <span class='ocrx_word' id='word_1_261' title='bbox 189 3581 281 3640; x_wconf 82' lang='lat' dir='ltr'><strong>enim</strong></span> <span class='ocrx_word' id='word_1_262' title='bbox 308 3579 453 3645; x_wconf 77' lang='lat' dir='ltr'><strong>dictazde</strong></span> <span class='ocrx_word' id='word_1_263' title='bbox 476 3576 800 3652; x_wconf 85' lang='lat' dir='ltr'><strong>Verbi-generatione</strong></span> <span class='ocrx_word' id='word_1_264' title='bbox 830 3581 1009 3642; x_wconf 82' lang='lat' dir='ltr'><strong>seeundum</strong></span> <span class='ocrx_word' id='word_1_265' title='bbox 1043 3576 1209 3656; x_wconf 76' lang='lat' dir='ltr'><strong>Evangelii</strong></span> 
     </span>
     <span class='ocr_line' id='line_1_33' title="bbox 92 3679 1210 3760; baseline 0 -19"><span class='ocrx_word' id='word_1_266' title='bbox 92 3699 240 3753; x_wconf 83' lang='lat' dir='ltr'><strong>sensum,</strong></span> <span class='ocrx_word' id='word_1_267' title='bbox 261 3680 445 3760; x_wconf 86' lang='lat' dir='ltr'><strong>hujusmodi</strong></span> <span class='ocrx_word' id='word_1_268' title='bbox 468 3687 542 3743; x_wconf 85' lang='lat' dir='ltr'><strong>aunt</strong></span> <span class='ocrx_word' id='word_1_269' title='bbox 564 3686 625 3746; x_wconf 88' lang='lat' dir='ltr'><strong>ut‚.</strong></span> <span class='ocrx_word' id='word_1_270' title='bbox 641 3679 773 3741; x_wconf 80' lang='lat' dir='ltr'><strong>exclusa</strong></span> <span class='ocrx_word' id='word_1_271' title='bbox 795 3681 880 3742; x_wconf 88' lang='lat' dir='ltr'><strong>circa</strong></span> <span class='ocrx_word' id='word_1_272' title='bbox 905 3680 960 3741; x_wconf 83' lang='lat' dir='ltr'><strong>llei</strong></span> <span class='ocrx_word' id='word_1_273' title='bbox 987 3680 1103 3745; x_wconf 82' lang='lat' dir='ltr'><strong>Filium</strong></span> <span class='ocrx_word' id='word_1_274' title='bbox 1126 3681 1210 3742; x_wconf 79' lang='lat' dir='ltr'><strong>Ano·</strong></span> 
     </span>
     <span class='ocr_line' id='line_1_34' title="bbox 92 3776 1215 3863; baseline 0.001 -21"><span class='ocrx_word' id='word_1_275' title='bbox 92 3784 182 3863; x_wconf 78' lang='lat' dir='ltr'><strong>nymi</strong></span> <span class='ocrx_word' id='word_1_276' title='bbox 203 3781 386 3842; x_wconf 86' lang='lat' dir='ltr'><strong>delinitione</strong></span> <span class='ocrx_word' id='word_1_277' title='bbox 406 3777 542 3851; x_wconf 75' lang='lat' dir='ltr'><strong>interior</strong></span> <span class='ocrx_word' id='word_1_278' title='bbox 562 3776 708 3838; x_wconf 74' lang='lat' dir='ltr'><strong>uniuersi</strong></span> <span class='ocrx_word' id='word_1_279' title='bbox 726 3780 825 3855; x_wconf 82' lang='lat' dir='ltr'><strong>ratio,</strong></span> <span class='ocrx_word' id='word_1_280' title='bbox 840 3783 962 3860; x_wconf 83' lang='lat' dir='ltr'><strong>ubique</strong></span> <span class='ocrx_word' id='word_1_281' title='bbox 978 3784 1063 3844; x_wconf 89' lang='lat' dir='ltr'><strong>hunc</strong></span> <span class='ocrx_word' id='word_1_282' title='bbox 1081 3798 1215 3860; x_wconf 54' lang='lat' dir='ltr'><strong>repraef</strong></span> 
     </span>
     <span class='ocr_line' id='line_1_35' title="bbox 91 3873 1207 3967; baseline -0.002 -23"><span class='ocrx_word' id='word_1_283' title='bbox 91 3890 217 3944; x_wconf 79' lang='lat' dir='ltr'><strong>sentent</strong></span> <span class='ocrx_word' id='word_1_284' title='bbox 238 3883 299 3944; x_wconf 85' lang='lat' dir='ltr'><strong>sub</strong></span> <span class='ocrx_word' id='word_1_285' title='bbox 321 3883 368 3942; x_wconf 84' lang='lat' dir='ltr'><strong>hia</strong></span> <span class='ocrx_word' id='word_1_286' title='bbox 391 3880 570 3942; x_wconf 84' lang='lat' dir='ltr'><strong>nominibus</strong></span> <span class='ocrx_word' id='word_1_287' title='bbox 592 3873 687 3967; x_wconf 78' lang='grc' dir='ltr'>λόγος</span> <span class='ocrx_word' id='word_1_288' title='bbox 713 3877 842 3942; x_wconf 82' lang='lat' dir='ltr'><strong>Verbum</strong></span> <span class='ocrx_word' id='word_1_289' title='bbox 866 3881 922 3943; x_wconf 84' lang='lat' dir='ltr'><strong>Dei</strong></span> <span class='ocrx_word' id='word_1_290' title='bbox 952 3881 1087 3954; x_wconf 78' lang='lat' dir='ltr'><strong>Putria,</strong></span> <span class='ocrx_word' id='word_1_291' title='bbox 1119 3879 1207 3944; x_wconf 82' lang='lat' dir='ltr'><strong>Mena</strong></span> 
     </span>
     <span class='ocr_line' id='line_1_36' title="bbox 92 3978 1209 4062; baseline -0.002 -19"><span class='ocrx_word' id='word_1_292' title='bbox 92 3980 166 4061; x_wconf 72' lang='lat' dir='ltr'><strong>nee,</strong></span> <span class='ocrx_word' id='word_1_293' title='bbox 189 3979 284 4043; x_wconf 83' lang='lat' dir='ltr'><strong>llario</strong></span> <span class='ocrx_word' id='word_1_294' title='bbox 308 3980 377 4057; x_wconf 84' lang='lat' dir='ltr'><strong>Dei,</strong></span> <span class='ocrx_word' id='word_1_295' title='bbox 402 3978 507 4056; x_wconf 85' lang='lat' dir='ltr'><strong>Serme</strong></span> <span class='ocrx_word' id='word_1_296' title='bbox 522 3980 602 4062; x_wconf 73' lang='lat' dir='ltr'><strong>Dei,</strong></span> <span class='ocrx_word' id='word_1_297' title='bbox 624 3980 791 4062; x_wconf 77' lang='lat' dir='ltr'><strong>Sapientia</strong></span> <span class='ocrx_word' id='word_1_298' title='bbox 814 3980 885 4056; x_wconf 79' lang='lat' dir='ltr'><strong>Dei,</strong></span> <span class='ocrx_word' id='word_1_299' title='bbox 907 4002 964 4061; x_wconf 85' lang='lat' dir='ltr'><strong>per</strong></span> <span class='ocrx_word' id='word_1_300' title='bbox 985 3999 1082 4061; x_wconf 81' lang='lat' dir='ltr'><strong>quam</strong></span> <span class='ocrx_word' id='word_1_301' title='bbox 1105 3984 1209 4043; x_wconf 87' lang='lat' dir='ltr'><strong>omnia</strong></span> 
     </span>
     <span class='ocr_line' id='line_1_37' title="bbox 92 4083 1210 4162; baseline 0.002 -19"><span class='ocrx_word' id='word_1_302' title='bbox 92 4083 178 4144; x_wconf 85' lang='lat' dir='ltr'><strong>iacta</strong></span> <span class='ocrx_word' id='word_1_303' title='bbox 200 4093 287 4144; x_wconf 86' lang='lat' dir='ltr'><strong>suut.</strong></span> <span class='ocrx_word' id='word_1_304' title='bbox 312 4083 437 4146; x_wconf 89' lang='lat' dir='ltr'><strong>ideirco</strong></span> <span class='ocrx_word' id='word_1_305' title='bbox 461 4083 556 4151; x_wconf 68' lang='lat' dir='ltr'><strong>llater</strong></span> <span class='ocrx_word' id='word_1_306' title='bbox 570 4102 641 4149; x_wconf 51' lang='lat' dir='ltr'><strong>’troo</strong></span> <span class='ocrx_word' id='word_1_307' title='bbox 664 4087 774 4162; x_wconf 82' lang='lat' dir='ltr'><strong>genuit</strong></span> <span class='ocrx_word' id='word_1_308' title='bbox 796 4086 953 4146; x_wconf 82' lang='lat' dir='ltr'><strong>rationem</strong></span> <span class='ocrx_word' id='word_1_309' title='bbox 968 4084 1157 4146; x_wconf 85' lang='lat' dir='ltr'><strong>interiorem</strong></span> <span class='ocrx_word' id='word_1_310' title='bbox 1175 4103 1210 4145; x_wconf 91' lang='lat' dir='ltr'><strong>u·</strong></span> 
     </span>
     <span class='ocr_line' id='line_1_38' title="bbox 89 4182 1210 4264; baseline 0 -20"><span class='ocrx_word' id='word_1_311' title='bbox 89 4183 211 4244; x_wconf 80' lang='lat' dir='ltr'><strong>uiverai</strong></span> <span class='ocrx_word' id='word_1_312' title='bbox 224 4203 236 4260; x_wconf 78' lang='lat'>3</span> <span class='ocrx_word' id='word_1_313' title='bbox 262 4183 315 4245; x_wconf 85' lang='lat' dir='ltr'><strong>aed</strong></span> <span class='ocrx_word' id='word_1_314' title='bbox 339 4185 380 4246; x_wconf 87' lang='lat' dir='ltr'><strong>ah</strong></span> <span class='ocrx_word' id='word_1_315' title='bbox 406 4192 537 4248; x_wconf 85' lang='lat' dir='ltr'><strong>aeterno</strong></span> <span class='ocrx_word' id='word_1_316' title='bbox 573 4187 681 4264; x_wconf 86' lang='lat' dir='ltr'><strong>genuit</strong></span> <span class='ocrx_word' id='word_1_317' title='bbox 708 4182 873 4260; x_wconf 79' lang='lat' dir='ltr'><strong>Verbum,</strong></span> <span class='ocrx_word' id='word_1_318' title='bbox 902 4183 1070 4247; x_wconf 77' lang='lat' dir='ltr'><strong>Rationem</strong></span> <span class='ocrx_word' id='word_1_319' title='bbox 1095 4204 1210 4256; x_wconf 85' lang='lat' dir='ltr'><strong>suern,</strong></span> 
     </span>
    </p>
   </div>
   <div class='ocr_carea' id='block_1_2' title="bbox 0 0 1448 4784">
    <p class='ocr_par' dir='ltr' id='par_1_4' title="bbox 0 0 1448 4784">
     <span class='ocr_line' id='line_1_39' title="bbox 0 0 1448 4784; baseline 0 0"><span class='ocrx_word' id='word_1_320' title='bbox 0 0 1448 4784; x_wconf 95' lang='lat' dir='ltr'><strong> </strong></span> 
     </span>
    </p>
   </div>
  </div>
 </body>
</html>
