2886 4784
164 363 314 530 anfractu
336 482 451 528 suma:
474 465 529 527 sed
547 465 702 540 pecuniae
717 469 814 540 ceput
829 479 922 524 serve
939 463 1031 543 quasi
1049 462 1209 539 integrum
1228 480 1285 543 pe*

166 585 251 629 nem.
275 565 324 630 Ne
346 566 426 628 fabis
444 583 593 629 vescera:
614 565 841 643 ¹magistratum
865 563 953 626 urhis
969 581 1008 624 ne
1022 581 1160 626 assume.
1187 563 1289 627 Fabia.

166 671 251 731 enim
273 669 305 728 in
327 685 366 729 eo
390 675 534 746 tempore
565 667 761 736 utebantur,
784 672 822 727 ut
842 665 1039 726 sortirentur
1062 667 1290 743 magistratus..

165 766 256 830 Haec
276 769 377 846 igitur
396 774 430 829 et
451 767 516 828 alie
537 766 724 846 hujusmodi
741 765 943 847 pythagorici
965 765 1098 827 dicunt:
1114 783 1198 844 quos
1213 767 1284 828 imi·

166 873 222 931 teti
246 869 401 930 haeretici
423 867 617 946 quibusdem
642 867 793 928 videntur
814 865 965 926 sublimia
988 867 1145 927 dicere.»

254 967 395 1046 litenis
424 985 568 1045 unquam
597 966 722 1029 audivit
754 965 828 1027 talia
862 963 1100 1028 Valentinianos
1132 968 1287 1029 docentes

165 1068 261 1148 juxta
296 1067 500 1150 Pythagorae
526 1069 669 1140 dictata,
696 1073 733 1130 ut
761 1069 831 1130 vult
862 1066 1079 1148 heronymus?
1113 1065 1282 1139 Audiatur

168 1168 295 1230 iuterim
318 1169 463 1247 quaeda
486 1166 775 1228 valentinianorum
810 1168 873 1228 vita
907 1175 938 1227 et
970 1167 1116 1229 moribus
1149 1169 1284 1231 tradunt

166 1288 192 1331 s.
218 1267 392 1344 irenaeus,
424 1266 668 1342 Tertullianus,
691 1274 722 1330 et
744 1287 769 1328 s.
803 1266 1002 1347 Epiphanius
1024 1287 1054 1328 n.
1077 1267 1127 1332 ul.
1152 1289 1169 1327 ι(
1192 1266 1281 1344 Quo·

168 1371 267 1444 circa,
290 1370 349 1431 iste
369 1368 426 1443 ait,
449 1369 506 1447 qui
527 1369 611 1429 inter
632 1368 706 1430 illos
727 1369 951 1446 perfectissimi
967 1379 1149 1440 censentur,
1167 1369 1281 1432 illicite

169 1469 288 1540 omnia,
310 1469 502 1547 legibusque
525 1469 621 1531 vetita
644 1469 780 1531 licenter
801 1478 987 1546 perpetrent
1010 1514 1017 1529 .
1037 1513 1045 1529 .
1064 1512 1096 1529 ..
1120 1469 1185 1531 Alii
1202 1469 1280 1532 duur

167 1669 309 1731 carnalia
330 1687 365 1732 se
386 1669 583 1746 carnalibus,
603 1687 640 1732 ec
661 1669 861 1746 spiritalibus
881 1669 1039 1747 spiritalia
1056 1670 1191 1732 reddere
1207 1688 1283 1750 pro·

105 1775 108 1781 '
166 1767 310 1830 litentur.
335 1765 554 1843 Quamobrem
577 1770 723 1831 nonnulli
747 1770 829 1830 clem
853 1776 965 1844 stupra
988 1787 1062 1830 cum
1078 1770 1283 1834 mulierculis

171 1869 358 1948 discipliuae
387 1868 486 1948 hujus
515 1886 594 1932 suae
626 1870 766 1930 alumnis
797 1879 982 1930 exercent.
1007 1911 1015 1928 .
1040 1911 1048 1927 .
1070 1865 1152 1930 Sunt
1172 1875 1203 1930 et
1225 1869 1283 1948 qui

168 1969 294 2046 pudore
316 1970 402 2031 omui
424 1970 541 2049 posito,
557 1988 779 2049 quascumque
796 1968 950 2031 mulieres
966 1967 1157 2038 ademerint,
1168 1968 1282 2046 pelam

166 2087 185 2130 e
210 2071 286 2132 viris
307 2070 464 2132 abductas
487 2088 546 2150 pro
567 2070 717 2149 legitimis
740 2069 900 2131 uxoribus
922 2069 1061 2130 habent.
1082 2067 1202 2133 ..ilici
1218 2088 1281 2132 noa

166 2176 271 2248 polest
292 2187 389 2250 quem
412 2171 509 2250 impia
523 2178 556 2232 ot
570 2171 754 2233 detestanda
772 2170 833 2232 elie
849 2168 968 2247 degitis
982 2171 1182 2232 committant
1197 2189 1283 2250 quae

165 2267 243 2335 dum
265 2270 400 2346 iaciunt,
424 2289 481 2335 uos
501 2271 638 2344 scilicet,
660 2270 716 2348 qui
739 2285 817 2345 prae
840 2269 956 2333 timore
978 2265 1035 2330 Dei
1058 2286 1097 2331 ue
1111 2270 1283 2349 cogitatio

166 2386 207 2432 ue
230 2370 280 2433 vel
301 2389 451 2435 sermone
473 2371 603 2451 quidem
623 2370 732 2433 seclus
754 2368 859 2430 ullum
891 2369 1061 2431 admittere
1086 2369 1282 2446 studemus,

166 2476 319 2549 tauquam
341 2471 456 2536 idiotes
477 2480 508 2534 el
531 2472 697 2549 imperitos
719 2470 877 2546 derident3
893 2489 927 2532 sc
945 2488 1021 2533 vero
1040 2471 1174 2533 mirilico
1190 2489 1284 2551 praa-

165 2569 273 2633 dicant
294 2588 332 2634 ec
354 2573 515 2652 periectos
547 2572 690 2635 homiues
717 2572 920 2649 electamque
945 2573 1078 2648 stirpem
1105 2571 1281 2635 nominent.

168 2677 269 2734 cic.»

245 2769 360 2835 Videat
380 2790 459 2851 ergo
480 2771 682 2857 Anonymus,
699 2773 826 2835 collatis
850 2770 1012 2855 Valentini
1028 2778 1061 2835 et
1077 2771 1283 2853 Pythagorae

166 2872 309 2946 statutis,
330 2875 449 2952 quanta
471 2876 514 2936 sit
535 2875 618 2935 iuter
639 2875 696 2936 hos
719 2872 905 2946 concordie,
925 2875 1007 2934 adeo
1029 2882 1066 2935 ut
1087 2874 1147 2935 hac
1162 2874 1193 2934 iu
1210 2892 1284 2954 par·

166 2981 349 3052 teneoque
373 2975 577 3037 valentiniani
601 2974 803 3056 Pythagorae
827 2975 983 3036 heoredes
1004 2975 1102 3036 inisse
1117 2975 1284 3038 dicentur.

115 3108 118 3115 ·
165 3071 278 3137 Nonne
301 3076 407 3154 potius
429 3095 470 3137 ex
495 3074 627 3154 Epicuri
649 3093 746 3154 quam
769 3094 809 3137 ea
835 3073 1038 3156 Pythagorea
1062 3076 1175 3139 schola
1196 3095 1284 3139 eme·

157 3165 256 3238 ¹name
281 3173 438 3238 Valentini
469 3177 626 3238 haeresim
657 3176 827 3239 dicendum
858 3173 969 3239 ioret'?
1000 3176 1081 3240 Sane
1113 3177 1281 3255 praelatus

164 3271 384 3340 Tertullianus
406 3295 437 3337 u.
461 3274 533 3339 vll.
558 3279 643 3339 hune
665 3277 824 3352 refutans,
847 3279 890 3338 ait
914 3275 1073 3340 Valentini
1104 3277 1228 3355 Bython
1248 3280 1281 3341 iu

111 3384 115 3393 “
163 3377 317 3441 altissime
339 3379 449 3458 quiete
472 3380 594 3441 versari
616 3380 710 3440 sicuti
727 3378 859 3459 Epicuri
881 3379 979 3443 Deus.
996 3378 1153 3444 »Utinam
1171 3381 1228 3442 has
1249 3389 1282 3442 et

166 3477 263 3559 huius
285 3481 410 3558 generis
431 3479 510 3541 elias
530 3480 702 3540 sententies
733 3481 964 3559 sapientissime
997 3481 1160 3560 expositas
1190 3499 1283 3544 ecce·

165 3579 283 3654 piscant
306 3577 534 3652 valentiniani,
557 3578 784 3659 pythagoricos
806 3581 921 3641 imitati
948 3582 1049 3652 iniis,
1072 3596 1158 3658 quae
1174 3582 1283 3644 tentus

162 3674 318 3757 Magister
339 3678 514 3754 discipulos
536 3697 611 3740 suos
633 3680 753 3742 docuit.
773 3678 908 3742 Frustra
931 3682 1003 3743 ideo
1026 3680 1172 3743 clamitat
1195 3677 1281 3744 duo·

163 3793 279 3860 aymus
303 3776 601 3859 Pythagoreorum
627 3774 797 3841 Valentino
819 3779 1037 3841 concordiem.

240 3873 396 3954 Deiuccps
420 3877 450 3939 iu
477 3877 536 3939 hae
568 3877 742 3939 collatione
767 3877 854 3941 aliud
877 3881 1059 3958 speciosum
1084 3879 1176 3942 nohis
1200 3879 1296 3960 obii(

160 3976 268 4051 citur,
291 3977 377 4056 quod
401 3979 512 4041 scribit
534 3978 724 4063 Anonymus
746 3980 881 4043 delebis
903 3998 943 4042 ex
962 3980 1164 4063 Pythagorae
1182 3981 1283 4060 epito-

158 4073 291 4151 rismis,
316 4079 369 4141 ubi
394 4097 453 4159 pro
486 4097 578 4144 more
609 4097 669 4144 suo
702 4081 803 4159 ipsine
835 4079 919 4143 dicta
949 4081 1116 4162 depravat.
1149 4079 1276 4146 Graeca

159 4173 318 4259 Anonymi
348 4180 443 4242 verba
471 4182 514 4243 ite
542 4200 575 4245 se
601 4181 743 4245 hebeni:
779 4181 936 4271 Κιιίμους
960 4178 1010 4272 μή
1033 4177 1128 4252 ἔσθιε.
1147 4172 1284 4282 Ἀρχήι
