2886 4784
160 351 222 424 tas

160 455 368 537 prehenderit
397 453 557 517 haeresim
577 454 609 515 in
633 453 714 517 urhe
736 468 855 533 purum
878 448 952 514 lidel
979 448 1101 515 iontem
1127 464 1254 516 corruu·

162 568 311 637 pentem:
334 576 432 637 quam
456 567 561 619 tamen
582 556 660 620 dicit
680 558 815 618 sensisse
836 553 1028 617 Marcellam
1045 554 1227 616 -ioemiuum

241 660 382 726 Chartae
403 658 633 721 alexandrinae
653 660 694 719 ita
712 664 915 736 occuparunt
929 654 1122 738 Hieronymi
1136 665 1254 716 mentem

161 771 198 826 ui
220 763 252 824 ia
271 762 421 824 omnihus
443 762 662 839 deciperetur,
685 777 769 838 quae
789 759 918 836 scripsit
944 759 983 819 de
1004 756 1148 836 Origene
1169 751 1254 823 iuli·

142 864 229 926 aliris
250 863 407 926 adversus
431 861 609 935 lluffiuum,
633 864 665 924 iu
689 860 824 941 epistola
846 861 885 920 ad
909 858 1155 921 pammachinm
1177 867 1206 922 et
1221 855 1255 920 O·

162 980 321 1039 ceauum,
344 966 374 1026 iu
397 961 496 1025 Libro
525 973 637 1026 contra
669 961 827 1025 Joannem
859 959 1206 1040 hierosolymitanum,
1231 960 1256 1022 lu

32 1092 34 1099 ·
162 1066 297 1148 epistola
328 1066 367 1125 ad
391 1064 604 1143 Principiam,
627 1073 659 1145 et
681 1065 712 1123 ln
733 1063 835 1125 altera
857 1062 897 1122 ad
920 1061 1080 1136 Avitum,
1104 1062 1161 1123 ubi
1182 1078 1257 1140 prat·

160 1169 272 1230 sertim
295 1175 448 1228 notantur
470 1165 618 1244 Origeuis
639 1184 794 1226 errores:
816 1183 899 1242 quos
922 1171 1027 1224 tamen
1048 1180 1091 1224 cx
1110 1162 1257 1241 discipulis

161 1270 228 1331 suis
250 1288 344 1331 nemo
365 1270 405 1331 ab
427 1269 498 1349 ejus
519 1287 576 1330 ore
600 1269 747 1346 audivit3
770 1284 874 1346 neque
896 1268 926 1326 iu
948 1267 1095 1344 genuinis
1126 1264 1256 1346 ejusdem

161 1369 252 1432 libris
274 1387 367 1430 nemo
382 1387 530 1449 unquam
552 1370 675 1447 legerat
699 1379 845 1431 veterum
869 1367 1034 1430 Ecclesiae
1057 1367 1201 1429 Petrum.

243 1468 383 1534 Chartae
405 1470 633 1531 alexandrinae
648 1472 690 1530 ite
707 1473 739 1533 iu
754 1473 859 1531 animo
874 1468 1064 1553 Hieronymi
1082 1468 1257 1548 praevalue-

162 1579 250 1646 runt,
274 1580 310 1634 ut
332 1590 393 1632 non
415 1571 520 1632 solum
546 1573 717 1645 refutaret,
734 1591 818 1650 quae
838 1583 932 1634 antea
953 1590 996 1634 aa
1016 1589 1075 1633 sua
1098 1569 1257 1632 contento·

162 1691 203 1734 ne
225 1671 264 1735 de
285 1672 426 1750 Origene
448 1672 652 1751 adprobavit,
674 1673 728 1735 sed
751 1674 846 1736 etiam
869 1679 905 1736 ul
927 1691 1093 1752 nunquam
1120 1670 1257 1736 suecessi-

162 1792 215 1849 ve,
238 1784 359 1836 mutate
383 1776 555 1853 opinione,
577 1776 636 1836 sihi
658 1783 830 1836 constaret.
854 1773 966 1850 Quare
998 1773 1142 1837 Huetius
1169 1770 1256 1837 iuli·

162 1876 222 1937 hro
255 1873 296 1936 ll.
322 1873 590 1954 Origeniunortem
618 1884 646 1938 c.
677 1873 729 1937 iV.
761 1874 908 1939 Sectione
940 1877 964 1939 l.
996 1895 1027 1938 n.
1056 1874 1111 1942 l‘l.
1139 1875 1255 1939 scribit:

161 1996 178 2036 r
200 1975 350 2055 Optahile
373 1987 477 2038 tamen
500 1977 595 2050 locet,
614 1986 649 2039 ut
663 1979 880 2039 sanctissimus
902 1979 957 2040 ille
980 1977 1106 2041 Ooctor
1121 1987 1253 2040 constan·

163 2079 226 2141 tior
246 2080 343 2140 animi
366 2078 478 2140 luisset
498 2086 529 2140 et
552 2079 751 2140 moderatior
760 2097 772 2158 3
795 2096 899 2157 oeque
922 2089 985 2140 tam
1008 2078 1105 2139 iacile
1120 2080 1255 2155 imagina-

160 2179 255 2241 tionis
276 2197 355 2242 suae
377 2179 499 2242 lervori
523 2180 635 2242 luisset
657 2181 885 2258 morigeratus,
908 2185 945 2241 ui
965 2181 997 2240 in
1020 2180 1184 2241 contraria
1204 2192 1252 2255 pre

161 2297 272 2342 rerum
295 2289 327 2342 et
349 2290 531 2360 temporum
555 2283 678 2343 ratione
697 2282 780 2342 trahi
795 2299 829 2342 se
844 2289 875 2342 et
889 2280 1005 2361 jactari
1020 2281 1178 2353 scivisset,
1192 2294 1255 2340 nou·

160 2398 326 2461 uunquam
346 2385 443 2444 ctiam
467 2384 624 2445 maximos
647 2385 734 2446 viros
756 2367 964 2445 amarissimis
985 2383 1142 2445 conviciis
1161 2377 1253 2460 peria·

159 2484 267 2548 disset.
286 2482 465 2546 Fatendum
488 2486 607 2564 quippe
628 2492 676 2546 est
695 2486 771 2566 iure
793 2503 867 2546 eum
890 2502 986 2563 saepe
1006 2501 1025 2544 a
1048 2481 1178 2546 liuffiuo
1192 2468 1253 2543 luis·

159 2603 193 2647 sa
216 2584 468 2665 reprehensum:
493 2605 588 2666 saepe
609 2588 705 2648 etiam
727 2583 893 2649 Bullinum
914 2584 955 2646 ab
976 2583 1091 2647 eodem
1113 2586 1252 2646 sinecau·

160 2703 196 2749 sa
219 2686 318 2748 luisse
339 2686 518 2765 culpatum.
542 2705 559 2744 >r

185 2780 189 2787 ⁵
239 2788 378 2854 Chartae
400 2789 628 2852 alexandrines
651 2796 735 2852 tauta
759 2787 901 2854 efficacia
919 2787 1109 2870 Hieronymi
1133 2791 1251 2848 mentem

159 2899 362 2970 occuparunt
385 2899 431 2965 ut,
449 2893 597 2970 quamvis
619 2889 806 2952 Methodius
827 2891 1016 2952 seutentiam
1037 2905 1132 2950 suam
1153 2893 1249 2948 contre

160 2990 387 3053 adamantium
411 2992 597 3071 conceptam
621 2991 798 3051 emendarit
810 3011 821 3068 ;
844 2999 942 3070 atque
964 2991 1039 3051 licet
1056 2987 1249 3067 Epiphanius,

157 3100 327 3171 postquam
349 3109 365 3153 a
388 3090 664 3176 Chrysostomo,a
687 3089 869 3164 Theotimo,
888 3092 1060 3153 Ammonio
1082 3101 1115 3153 et
1136 3090 1175 3151 ah
1193 3085 1248 3148 aliis

158 3193 375 3273 reprehensus
396 3192 459 3254 luit
481 3193 522 3252 ob
544 3192 723 3270 opinionem
754 3209 845 3254 snam
876 3192 1007 3271 Origeni
1038 3200 1069 3253 et
1102 3187 1247 3253 monachis

158 3294 322 3367 hostilem,
347 3294 439 3356 valde
461 3293 619 3355 dubitavit
640 3311 679 3353 an
703 3312 815 3354 revera
839 3294 898 3372 ipsi
915 3294 1068 3356 haeretici
1087 3293 1201 3364 iurent,
1214 3291 1247 3352 iit

157 3403 194 3460 ul
215 3404 355 3458 cessaret
377 3415 393 3458 a
417 3395 566 3460 eonllictu
579 3416 589 3474 3
619 3406 651 3458 et
684 3399 830 3475 quamvis
860 3398 927 3476 ipse
957 3394 1159 3474 Theophilus
1179 3394 1249 3455 illittt

156 3503 348 3575 promotor,
372 3498 402 3557 io
430 3497 588 3577 iudicium
614 3503 745 3559 vocatus
768 3498 810 3557 oh
830 3514 891 3570 ea,
914 3514 997 3575 qnae
1018 3496 1177 3557 adversus
1197 3508 1248 3553 uto·

157 3597 276 3658 uachos
299 3607 522 3677 praesumptos
539 3599 718 3660 haereticos
740 3599 849 3677 inique
871 3598 1073 3659 machinatus
1094 3606 1176 3670 erat,
1191 3608 1248 3656 eutr

159 3699 249 3760 iosus
272 3699 408 3777 resipuit
430 3700 486 3760 ille
507 3707 539 3761 et
562 3699 708 3761 monachi
731 3699 878 3761 nonnulli
899 3699 940 3758 ab
961 3714 1000 3759 eo
1021 3696 1169 3771 seducti,
1199 3695 1251 3773 ipse

157 3812 263 3863 tamen
286 3798 504 3882 Hieronymus
524 3800 613 3862 solus
635 3800 773 3877 perstitit
795 3802 824 3861 iu
847 3819 907 3862 suo
925 3799 1073 3879 judicio,
1109 3802 1249 3877 perpetuu

63 3932 66 3937 ·
156 3903 295 3966 clamans
318 3910 429 3962 contra
451 3901 622 3980 Origeuem
645 3911 836 3980 ceterosque
857 3901 1001 3980 eiusdem
1026 3896 1186 3979 patronos.

233 4000 371 4063 Chartae
393 4002 522 4065 demum
544 4003 784 4076 alexandrinae,
807 4020 947 4081 quarum
970 4020 1100 4064 sensum
1124 3993 1252 4080 proludii

155 4101 372 4188 Hieronymus
387 4108 418 4168 in
435 4107 582 4186 pluribus
596 4107 662 4168 suis
677 4105 832 4184 epistolis,
852 4113 937 4166 tante
952 4103 1105 4167 illusione
1124 4105 1253 4182 meteret

157 4201 335 4272 affecerunt
356 4207 387 4270 in
407 4206 590 4274 Occidentis
611 4207 775 4286 ecclesiis,
797 4215 834 4271 ut
863 4204 932 4271 iere
962 4206 1071 4270 cuncti
1099 4203 1254 4285 (praescr
