2886 4784
165 361 227 436 tid

162 466 224 538 dit,
245 464 331 544 quod
354 464 393 525 de
416 482 477 527 una
500 463 678 542 eademque
702 463 766 522 vita
789 478 847 525 sua
871 469 1051 543 utrumque
1073 461 1254 545 loqueretur.

163 564 285 630 Verum
308 564 461 628 Basilides
482 572 527 639 et,
550 565 633 642 siqui
655 582 729 628 cum
752 582 803 637 eo,
827 564 889 626 hoc
910 564 1065 639 sentiunt,
1088 565 1120 626 in
1141 584 1197 628 sua
1214 551 1267 628 im?

164 669 282 749 pietate
305 667 540 752 relinquantur.
564 664 630 729 Nos
652 672 761 728 autem
779 664 926 744 Apostoli
947 683 1078 727 sensum
1099 667 1260 729 secundun

162 769 313 850 pietatem
336 766 723 844 ecelesiastici-dogmatis
744 766 952 829 advertamus
974 774 1037 829 etc.
1064 787 1080 823 ιι

243 865 335 942 Quae
359 868 468 942 verba,
492 887 565 929 cum
589 875 677 928 tanto
701 867 829 946 fulgore
851 876 1037 938 coruscant,
1064 868 1150 945 siqui
1173 867 1264 931 adhuc

164 971 320 1034 adversus
340 969 514 1049 Origeuem
535 970 748 1045 caecutiunt,
773 972 803 1032 in
824 987 882 1032 sua
906 969 1063 1031 coecitate
1094 969 1266 1048 relinquan-

163 1080 229 1135 tur.
251 1068 318 1135 Nos
339 1079 448 1133 autem
470 1070 508 1132 ad
536 1071 740 1147 splendorem
767 1071 855 1132 illius
883 1069 1050 1132 doctrinae
1078 1087 1264 1149 pergamus,

69 1260 71 1264 Ι
165 1175 270 1253 primo
291 1183 322 1236 et
345 1191 443 1253 snpra
466 1182 592 1236 ceteros
608 1174 811 1234 inhaerentes
826 1173 1013 1235 auctoritati
1029 1172 1134 1246 illius,
1149 1172 1205 1251 qni
1218 1188 1268 1250 pro

164 1273 293 1339 Christo
314 1276 462 1356 captivus
485 1275 703 1353 patrocinium
725 1275 817 1336 inivit
837 1273 999 1354 Origenis,
1016 1274 1137 1336 eisdem
1159 1275 1268 1336 calum·

164 1377 260 1438 niosis
282 1377 432 1439 refutatis
454 1376 597 1449 libellis,
619 1394 702 1455 quos
734 1385 842 1453 postea
866 1373 1068 1454 Theophilus
1084 1383 1124 1439 et
1147 1394 1218 1439 cum
1236 1392 1269 1436 ao

164 1475 382 1560 Hieronymus
403 1477 509 1539 denuo
535 1478 732 1555 vulgarunt:
750 1494 808 1538 nec
824 1485 929 1538 tamen
946 1476 1119 1556 reputandi
1133 1496 1191 1540 nec
1205 1475 1266 1539 vul·

163 1577 256 1656 gandi
278 1586 382 1654 erant,
406 1596 479 1640 cum
501 1597 526 1640 s.
553 1576 680 1662 Martyr
702 1577 870 1653 praeclare
895 1577 1073 1640 asseruerit
1094 1595 1113 1639 a
1137 1579 1266 1640 malevo-

163 1677 215 1754 lis,
239 1683 270 1740 et
291 1679 446 1758 imperitis
468 1679 622 1743 confictos
644 1679 742 1741 inisse
764 1699 805 1742 ex
828 1680 971 1758 pravaiis
994 1680 1142 1757 genuinis
1157 1680 1266 1743 Aucto·

165 1780 209 1841 ris
230 1781 404 1845 codicibus.
429 1782 478 1844 hb
499 1782 655 1860 imperitis
678 1782 742 1843 illis
763 1784 808 1844 ait
829 1779 1009 1855 confictos,
1032 1780 1088 1858 qui
1112 1794 1175 1841 nou
1200 1779 1265 1842 satit

143 1881 305 1970 ,studium
328 1882 483 1957 habuere,
504 1891 540 1944 ut
559 1882 760 1944 altitudinem
779 1882 867 1943 illius
880 1874 992 1944 'sensus
1008 1888 1263 1960 assequerentur,

161 1990 194 2046 et
215 2000 232 2045 a
255 1983 423 2046 malevolis
444 1985 477 2047 in
501 1983 653 2047 Auctoris
675 1984 785 2046 odium
808 1991 866 2045 aut
893 2000 972 2045 suae
993 1981 1200 2044 orthodoxae
1217 1979 1264 2042 do·

159 2086 282 2149 ctrinae
297 2084 408 2147 editos.
424 2083 515 2150 Unde
538 2086 657 2148 iactum
676 2094 735 2159 est,
752 2093 786 2147 ut
801 2084 887 2165 quod
903 2082 1061 2162 Origenes
1080 2085 1132 2162 pie
1149 2099 1263 2162 aggres-

159 2206 215 2252 sus
236 2197 284 2250 est
304 2187 499 2250 Periarchon
520 2187 611 2268 Opus
632 2189 663 2249 in
686 2189 862 2249 haeresum
889 2185 1170 2262 confutationem,
1200 2199 1263 2248 coa·

162 2296 349 2352 verteretur
369 2291 401 2351 in
423 2290 597 2367 impiorum
619 2288 806 2368 dogmatum
829 2286 1029 2367 figmentum.

241 2388 396 2468 Alioquin
418 2390 490 2468 quis
513 2389 655 2467 cogitare
677 2389 807 2468 poterit,
824 2406 849 2450 s.
869 2386 1049 2468 Martyrum
1072 2402 1183 2450 coram
1203 2381 1260 2446 Deo

160 2497 193 2555 et
215 2490 396 2555 hominibus
419 2489 545 2552 mentiri
570 2490 721 2565 voluisse,
744 2495 979 2551 asseverantem
1001 2487 1176 2566 Origeuem
1196 2500 1263 2547 uun·

132 2628 134 2634 -
161 2605 258 2667 quam
282 2589 357 2651 talia
380 2588 515 2649 nefanda
538 2588 685 2667 dogmata
709 2588 890 2666 professum
913 2606 1002 2666 esse;
1020 2605 1094 2660 nec,
1110 2583 1262 2664 speciatim

160 2690 192 2751 iu
215 2687 410 2752 Periarcbon
430 2690 534 2763 libris,
566 2691 644 2751 tales
674 2691 809 2769 reperiri
840 2690 1054 2751 insanissimas
1079 2701 1260 2766 graecorum

163 2789 287 2852 fabulas
309 2791 348 2852 de
371 2791 649 2869 transmigratione
671 2793 851 2853 animarum
861 2790 878 2854 ¹?
900 2790 967 2852 hut
988 2810 1028 2853 ex
1050 2789 1188 2852 adverso
1202 2785 1261 2866 quis

162 2897 266 2973 putet,
291 2890 494 2971 Pamphilum
515 2893 678 2972 ignorasse
701 2896 875 2972 praecipua
898 2893 970 2954 fidei
992 2892 1187 2955 christianae
1206 2903 1260 2972 my·

162 2996 272 3067 steria,
295 3003 330 3056 ut
352 2993 618 3080 impiadogmata
641 2995 853 3057 confunderet
875 3013 949 3056 cum
972 2995 1048 3070 piis:
1065 2999 1098 3056 et
1114 2995 1187 3056 hinc
1202 3006 1261 3072 pro·

161 3095 251 3158 baret
274 3113 360 3175 quae
382 3094 584 3173 reprobanda
605 3103 711 3168 erant,
734 3104 791 3157 aut
815 3095 951 3156 vicissim
964 3091 981 3156 ¹?

238 3197 351 3259 Postea
373 3214 432 3258 nec
452 3195 591 3257 alterum
614 3197 827 3257 accusationis
850 3213 949 3275 genus
972 3195 1024 3256 hic
1046 3195 1197 3257 omittere
1214 3207 1259 3269 pu·

91 3318 96 3329 ’
160 3310 208 3377 to;
232 3299 263 3358 in
284 3316 350 3377 qno
372 3296 552 3374 corripitur
572 3294 741 3375 Origenes,
765 3296 851 3377 qnod
875 3313 1001 3356 omnem
1017 3292 1220 3373 Scriptus-am
1237 3290 1259 3350 iu

156 3399 347 3478 allegoriam
371 3400 526 3470 verterit,
547 3398 673 3477 abjecto
695 3417 791 3462 sensu
814 3397 960 3459 litterali.
992 3395 1033 3458 Et
1061 3414 1138 3457 sane
1167 3394 1257 3474 primo

157 3499 353 3571 Methodius,
371 3499 484 3561 deinde
508 3498 694 3562 Eustathius
711 3500 921 3562 antiochenus
937 3507 968 3560 et
985 3497 1198 3577 Epiphanius,
1211 3491 1257 3571 qui

156 3600 358 3664 ablethodio
374 3600 454 3660 hanc
471 3602 726 3662 criminationem
744 3602 1000 3674 haereditarunt,
1018 3600 1164 3662 eamdem
1180 3611 1259 3676 pror·

157 3723 212 3767 aus
234 3710 486 3781 repraesentant,
509 3719 605 3780 quam
627 3722 652 3764 s.
678 3701 864 3781 Pamphilus
886 3713 978 3763 antea
1001 3701 1117 3762 retulit
1137 3718 1178 3762 ex
1201 3694 1260 3757 rul-

160 3809 240 3886 gatis
261 3802 392 3875 libellis,
417 3805 501 3864 etin
523 3823 552 3865 n.
576 3797 606 3868 d.
631 3812 663 3865 et
683 3803 713 3868 6.
738 3823 842 3883 nuper
862 3812 1016 3865 notatam.

238 3901 319 3965 Cum
348 3919 426 3962 vero
448 3902 634 3966 luculenter
655 3906 694 3965 sit
718 3907 796 3966 haec
822 3905 911 3984 prins
935 3906 974 3966 ab
995 3904 1138 3982 Origene
1166 3904 1196 3964 iu
1224 3898 1264 3961 hi·

159 4004 217 4065 bro
240 4000 294 4063 lV.
325 3999 534 4078 periarchon,
556 4004 629 4066 dein
651 4006 690 4066 ab
713 4006 825 4067 eodem
855 4005 1002 4090 Martyre
1025 4004 1192 4076 refutata,
1215 4015 1265 4062 uon

159 4113 206 4166 est
229 4121 355 4166 necesse
377 4105 547 4168 amborum
570 4107 718 4186 prolerre
734 4118 942 4187 argumenta:
960 4116 1035 4170 sunt
1050 4107 1135 4170 enim
1153 4101 1264 4168 unicui·

158 4222 222 4282 que
244 4205 350 4271 obvia.
372 4202 609 4276 Tantummodo
634 4210 733 4280 velim
751 4227 790 4274 ue
813 4208 951 4276 ulterius
974 4209 1172 4275 recentiores
1200 4203 1265 4269 illu·
