2886 4784
232 490 439 571 germinantia
464 489 599 552 transire
621 495 652 550 et
673 488 790 562 iterum
807 490 839 548 iu
861 487 1042 549 humanum
1066 502 1185 564 corpus
1208 481 1350 563 regredi,

231 593 369 670 amplius
389 590 599 653 contunditur
619 598 651 650 et
673 587 825 651 illuditur
841 587 1030 665 Anonymus
1046 594 1161 664 putans
1178 585 1349 647 Platonem

231 712 306 756 cum
338 692 519 776 Pythagora
551 691 698 754 docuisse
725 689 907 750 animarum
942 689 1255 766 transmigrationem
1287 701 1353 744 non
1392 676 1394 681 ’

231 795 337 855 solum
364 793 395 853 in
424 792 633 854 animantium
656 807 796 869 corpora
822 788 877 851 scd
905 789 1001 849 etiam
1025 789 1055 848 iu
1082 789 1229 865 plantas:
1253 801 1354 863 quam

233 895 416 971 opinionem
440 891 651 971 Empedocles
673 889 815 963 admisit,
836 888 891 950 alii
916 898 1121 967 respuerunt.

312 991 373 1056 Sed
396 1000 427 1054 et
449 995 580 1070 insuper
601 989 891 1067 obstupescendum
911 1007 1012 1067 quum
1029 988 1060 1049 in
1077 988 1136 1047 hac
1151 985 1352 1048 discussione

234 1094 423 1177 Anonymus
445 1092 548 1170 iuquit
571 1090 786 1170 Pythagoram
809 1098 842 1150 et
875 1107 949 1151 curn
983 1107 1022 1149 eo
1054 1086 1221 1149 Platonem
1255 1085 1354 1166 huju·

236 1192 339 1254 smodi
362 1194 524 1254 doctrinas
546 1191 740 1270 expressisse
763 1207 822 1265 per
842 1190 1044 1266 aenigmata:
1068 1209 1085 1247 a
1107 1186 1162 1249 Era
1182 1196 1237 1248 tuo
1254 1185 1355 1248 domi·
1404 1199 1409 1204 '

235 1289 302 1364 nio,
324 1292 369 1352 ait
392 1290 601 1371 Pythagoras,
624 1286 654 1350 si
675 1287 877 1367 migraveris,
892 1286 960 1350 noli
980 1286 1106 1350 reuerti.
1122 1284 1156 1350 Si
1172 1284 1355 1361 reuerteris,

236 1389 380 1466 Furiae,
411 1407 493 1467 quae
510 1388 656 1468 iustitiae
677 1372 753 1451 sunt
774 1387 1022 1470 nundinarium,
1050 1398 1078 1450 te
1105 1396 1355 1469 persequentur:

236 1490 413 1552 dominium
436 1508 555 1564 corpus
577 1490 741 1569 appellat3
766 1490 867 1551 lurias
890 1499 1001 1551 antem
1024 1488 1126 1552 malos
1152 1489 1299 1551 allectus.
1322 1486 1354 1552 Si

240 1608 332 1670 ergo,
355 1591 413 1664 ait,
434 1591 634 1668 migraveris,
658 1590 738 1652 idest
759 1610 800 1652 ex
823 1609 962 1670 corpore
984 1609 1131 1669 egressus
1154 1590 1268 1662 lucris,
1286 1589 1354 1652 noli

239 1691 322 1753 illud
352 1690 547 1751 desiderare.
581 1688 705 1750 Etenim
727 1691 751 1752 si
776 1709 890 1752 rursus
921 1692 1140 1768 appetiveris,
1170 1691 1290 1751 iterum
1325 1695 1356 1762 te

240 1790 331 1870 pravi
354 1789 487 1851 allectus
510 1791 539 1849 iu
563 1806 681 1866 corpus
703 1790 878 1851 includant.
894 1789 970 1852 »Et
992 1792 1065 1852 hinc
1087 1789 1252 1854 concludit
1269 1785 1356 1850 huo·

243 1891 440 1972 uymnshos
462 1889 669 1968 philosophos
683 1897 714 1951 et
730 1888 957 1970 Empedoclem
979 1892 1097 1953 docere
1119 1908 1134 1951 a
1158 1889 1355 1966 corporibus

239 1994 362 2054 animas
390 1991 524 2052 transire
552 1990 590 2051 ad
618 1991 692 2051 alia.
723 1989 763 2052 Et
789 1992 865 2069 qnid
896 1995 956 2054 isto
983 1989 1184 2054 absurdius?
1205 1988 1354 2051 hilarum

240 2110 339 2172 porro
370 2094 586 2155 testimonium
617 2091 823 2170 desumptum
850 2100 897 2153 est
919 2111 962 2154 ex
990 2091 1155 2154 Plutarchi
1183 2088 1281 2152 Libro
1312 2089 1354 2151 De

238 2192 358 2268 ecilin,
381 2193 435 2256 uhi
460 2192 663 2275 Pythagorae
684 2198 717 2253 et
738 2189 894 2254 Heracliti
921 2211 1032 2255 seusus
1064 2195 1141 2255 citat
1171 2191 1224 2253 sed
1256 2193 1354 2253 aliter

241 2301 352 2372 captos
374 2293 415 2355 ab'
437 2292 618 2372 Anonymo.
637 2290 833 2355 Plutarchus
855 2311 885 2355 n.
902 2290 953 2355 11.
976 2294 1039 2355 ait:
1064 2313 1080 2351 a
1101 2293 1161 2359 Ἐκ
1181 2292 1241 2370 τῆς
1265 2288 1355 2370 ἰδίης

240 2415 281 2458 ex
304 2396 502 2474 proprietate
524 2396 591 2456 sive
615 2402 667 2455 tua
689 2394 776 2467 sede,
794 2396 819 2456 si
838 2397 1039 2471 migraveris,
1056 2398 1120 2458 noli
1141 2397 1272 2459 reverti.
1291 2397 1352 2460 Cui

242 2496 311 2558 riro
336 2492 423 2562 ἰδίαν
446 2497 609 2574 propriam
631 2493 772 2571 (urhem)
796 2495 927 2557 lortuna
950 2496 1073 2569 adimit,
1090 2499 1119 2560 ei
1135 2498 1282 2559 concedit
1299 2498 1356 2558 ha·

239 2599 344 2659 hilare
367 2616 464 2676 quam
487 2597 653 2675 delegerit.
678 2596 857 2660 Pulchrum
879 2600 961 2659 enim
988 2599 1068 2662 illud
1101 2601 1352 2684 pythagoricum

242 2709 475 2776 praeceptum:
498 2698 603 2776 delige
628 2699 710 2760 vitae
733 2701 890 2759 rationem
913 2701 1065 2776 optimam
1096 2710 1127 2762 et
1161 2701 1215 2762 tihi
1234 2701 1355 2780 jucun·

238 2798 418 2859 dissimum:
442 2800 578 2873 patriam
601 2800 685 2859 enim
714 2799 769 2859 tibi
801 2808 926 2876 tempus
961 2799 1066 2860 laciet.
1091 2820 1107 2856 n
1132 2799 1236 2863 Paulo
1258 2809 1352 2879 posis

241 2918 257 2956 a
281 2899 324 2959 nt
345 2900 402 2975 uui
426 2898 503 2959 loris
525 2899 755 2971 discurrentes,
781 2900 930 2979 vitaeque
948 2900 1103 2980 majorem
1119 2911 1244 2980 partem
1262 2903 1293 2961 in
1309 2901 1356 2962 di·

239 2998 393 3059 versariis
416 2997 552 3076 puhlicis
574 3006 605 3059 et
629 2998 753 3058 teloniis
770 3007 1005 3073 consumentes,
1025 3000 1135 3086 beatos
1153 2999 1355 3079 praedicant,

237 3099 356 3160 similes
377 3109 451 3161 sunt
474 3118 601 3175 corum,
624 3102 679 3178 qui
703 3100 846 3177 planetas
869 3100 1085 3163 inerrantihus
1107 3102 1208 3164 stellis
1223 3102 1351 3165 meliori

237 3208 352 3277 putant
373 3218 441 3262 esse
465 3202 656 3262 conditione.
682 3198 723 3261 Et
756 3211 860 3262 tamen
892 3206 1116 3281 uuusquisque
1146 3202 1353 3281 planetarum

238 3317 298 3363 suo
320 3301 350 3360 in
371 3302 450 3362 urhe
474 3309 625 3379 tauquam
648 3300 750 3361 insula
775 3302 927 3379 quadam,
952 3305 996 3363 ita
1021 3302 1303 3378 circumvertitur,
1317 3312 1354 3365 ul

235 3417 331 3461 suum
353 3410 461 3462 servet
483 3398 640 3460 ordinem.
664 3395 718 3459 sar
738 3399 832 3472 euim,
851 3402 953 3479 inquit
969 3400 1167 3474 Heraclitus,
1184 3419 1353 3481 nunquam

235 3517 309 3560 sues
330 3500 406 3576 fines
427 3496 690 3577 transgredietur.
713 3497 747 3561 Si
766 3500 958 3578 peccaverit,
981 3501 1102 3566 Furiae
1121 3501 1267 3582 justitiae
1296 3503 1353 3564 ad·

229 3596 366 3678 intrices
389 3598 553 3662 invenient
573 3617 651 3660 eam.
676 3598 797 3663 Verum
822 3605 922 3678 haec,
946 3605 1070 3679 amice,
1093 3603 1230 3666 dicimus
1260 3604 1348 3676 illis,
1365 3598 1382 3609 ’

238 3700 371 3779 quihus,
395 3718 468 3760 cnm
492 3700 628 3762 insulam
651 3703 898 3781 commigratum
921 3714 980 3782 est,
1004 3707 1295 3768 commerciacum
1318 3723 1352 3767 a·

239 3800 291 3863 liis
312 3800 478 3881 praecidit.
503 3820 519 3858 a

232 3942 234 3947 ,
316 3899 512 3964 Plutarchus
534 3903 565 3963 iu
586 3905 647 3966 hoc
669 3905 755 3979 loco,
780 3907 826 3969 uti
850 3913 948 3987 patet,
972 3907 1116 3968 homiues
1130 3902 1286 3970 hortalur
1301 3915 1351 3983 ut,

237 3999 265 4059 si
286 3999 372 4063 iorte
395 4003 496 4078 patria
520 4003 738 4080 exulaverint‚
755 4005 852 4067 aliam
868 4008 926 4068 sihi
943 4016 1102 4086 quaerant
1117 4016 1148 4071 et
1161 4009 1205 4070 ihi
1219 4007 1348 4087 degant.

238 4095 359 4160 Deinde
383 4100 445 4162 illis
466 4103 665 4182 exprobrat3
688 4106 744 4183 qui
767 4107 831 4168 huc
852 4105 932 4168 illuc
953 4107 1184 4184 discurrentes,
1200 4108 1260 4170 sihi
1275 4120 1350 4170 sua·

239 4187 314 4262 deut
337 4201 504 4266 meliorem
526 4203 646 4269 ducere
672 4205 790 4284 vitam3
812 4214 844 4268 et
870 4206 930 4268 hoc
956 4205 1062 4272 firmat
1086 4207 1292 4291 Pythagorae
1316 4212 1351 4270 et
