2886 4784
157 463 342 544 Superioris
365 460 478 525 ltaliae
500 469 533 523 et
555 460 680 542 lllyrici
694 459 894 539 regionibns,
912 476 1009 539 penes
1022 479 1107 540 quos
1122 463 1275 525 miseran·

159 567 236 629 dnm
257 567 393 628 schisma
415 566 604 628 diuturnius
637 564 838 643 perduravit.
864 560 911 625 Ac
946 564 1147 627 tantumdem
1180 566 1277 627 nemi·

161 686 231 730 uem
254 667 367 744 lateat,
390 668 525 730 illorum
548 666 740 728 documenta
763 684 779 726 a
805 663 924 745 Vigilio
938 675 969 727 et
991 665 1123 745 Pelagio
1140 664 1165 727 l.
1183 669 1279 730 citata

162 770 216 850 lin
239 770 357 850 qnibns
378 763 505 833 abortae
527 770 745 832 numerandae
767 777 842 830 sunl
865 770 928 832 bun
952 769 1032 831 illoc
1052 771 1083 831 in
1099 770 1183 832 orbe
1198 769 1279 832 cbri-

159 876 262 937 stiano
286 875 442 946 solantes,
461 880 493 935 et
514 889 654 951 quarum
678 873 708 932 in
730 872 808 933 aclis
823 870 956 934 Concilii
972 881 1154 934 occurrunt
1171 889 1278 935 exem·

159 975 287 1055 plaria)
309 976 349 1038 ab
371 975 491 1038 eisdem
514 974 637 1053 pariter
661 972 832 1051 repetenda
855 991 937 1044 esse,
960 975 1016 1052 qni
1042 975 1102 1035 iria
1126 971 1275 1052 Capituli

161 1077 324 1141 mordicus
357 1076 582 1140 defendebant.
606 1073 818 1154 Quapropter
849 1092 922 1137 crim
958 1086 1098 1153 uterque
1132 1075 1280 1139 Pontifex

161 1197 256 1257 saepe
278 1188 309 1240 et
331 1180 487 1239 instanter
509 1178 540 1238 io
562 1194 697 1257 persona
731 1173 815 1237 Petri
850 1176 997 1255 Apostoli
1030 1176 1216 1241 obtestatus
1241 1178 1279 1240 sit

46 1347 48 1350 v
161 1297 271 1341 eoram
311 1278 453 1341 Ecclesia
486 1278 641 1339 adversus
678 1275 865 1354 hujusmodi
902 1276 1023 1355 perlida
1056 1287 1090 1340 et
1122 1278 1292 1379 sacrilega·

161 1384 305 1461 scriptn3
331 1382 380 1442 vir
400 1383 539 1459 quisque
560 1379 765 1442 orthodoxus
787 1379 886 1450 (mibi
908 1379 1051 1441 donetur
1070 1396 1088 1440 a
1111 1378 1272 1456 Censorol

162 1485 352 1545 teineritatis
374 1501 451 1544 reus
472 1481 633 1553 efficitur,
661 1480 888 1543 auctoritatem
910 1480 952 1541 io
984 1482 1058 1560 ipsis
1090 1481 1272 1556 collocans,

162 1587 277 1647 merito
298 1591 332 1645 et
353 1583 547 1663 amplissime
569 1580 609 1643 ab
632 1591 774 1660 utroquo
799 1578 883 1660 Papa
905 1582 1142 1661 propulsatum.

173 1715 176 1720 ·
239 1683 408 1746 lmmerito
430 1686 528 1763 igitur
543 1703 570 1747 e.
588 1681 722 1759 Censor,
738 1685 794 1762 qni
817 1683 960 1763 alioquin
981 1684 1076 1762 (grati
1093 1684 1193 1746 animi
1209 1700 1271 1746 seo·

158 1805 196 1848 sn
218 1783 301 1862 dico)
324 1792 447 1847 celeras
471 1803 557 1847 meas
584 1803 642 1862 pro
664 1786 813 1863 origenis
844 1784 989 1847 doctriua
1011 1785 1227 1847 discussiones
1245 1802 1272 1846 e·

161 1898 271 1950 xaetas
306 1887 468 1966 probans,
501 1887 653 1950 encomiis
683 1888 876 1962 exornavit,
903 1889 1066 1950 immerito
1096 1889 1199 1966 igitur
1229 1884 1296 1947 ma'

161 1990 369 2068 praeeipitem
404 1997 498 2052 vocat
529 1991 560 2051 in
591 1990 768 2052 amovenda
793 2000 813 2051 'a
841 1989 1056 2069 scriptoribus
1087 1991 1190 2051 trium
1220 1986 1272 2052 Ca·
1318 2041 1321 2048 .

160 2092 341 2168 pitulornm
365 2092 510 2171 patronis
532 2094 740 2165 auctoritate,
765 2092 816 2153 tel
838 2093 868 2153 in
890 2091 960 2152 aliis
982 2091 1199 2169 corripiendis
1222 2088 1273 2152 do·

160 2196 318 2256 comantis
349 2194 544 2279 apocryphis
565 2202 597 2256 et
615 2194 825 2256 mendacibus
857 2195 918 2256 sub
943 2193 1076 2257 illorum
1100 2193 1274 2272 patrocinio

162 2296 266 2357 aditis.
290 2295 363 2360 Nou
383 2315 445 2376 ego
468 2314 620 2377 praeceps
643 2296 702 2369 fni,
725 2296 778 2357 sed
802 2302 1020 2360 antecessores
1041 2295 1223 2376 nostri(ab
1238 2295 1275 2357 Α·

161 2399 300 2460 nastasio
324 2399 487 2478 iucipiens,
514 2400 570 2479 qui
594 2417 610 2458 a
634 2400 778 2460 coenosis
802 2398 942 2462 fontibus
973 2399 1081 2462 bausit
1101 2399 1141 2461 de
1165 2395 1276 2477 Vigilio

161 2502 313 2576 narrata)
336 2503 525 2579 praecipites
548 2502 578 2560 iu
598 2500 780 2582 judicandis
802 2501 901 2581 liuJus
924 2500 1030 2579 Papae
1053 2507 1151 2581 gestis
1173 2519 1210 2563 se
1225 2501 1273 2561 de·

160 2602 297 2677 dernu13
321 2610 352 2662 ct
375 2602 446 2663 hinc
469 2604 499 2662 iu
523 2601 715 2680 ignominiae
737 2602 928 2663 barathrum
951 2602 1141 2682 dejecerunt
1164 2601 1276 2664 Roma·

162 2705 193 2763 ni
217 2701 428 2763 Pontificatns
450 2702 570 2774 decus,
594 2720 706 2764 aurem
732 2699 921 2779 praebentes
937 2703 1057 2765 dolosis
1071 2712 1105 2765 et
1119 2702 1277 2783 perversis

160 2802 438 2864 schismaticorum
461 2804 740 2880 suggestionibus,
764 2805 910 2882 undique
933 2823 990 2883 per
1012 2806 1126 2866 orbem
1158 2803 1276 2867 diffusis

163 2905 194 2962 in
216 2912 421 2981 posterorum
444 2904 606 2965 illusione.
632 2901 705 2966 Non
726 2923 810 2983 ego,
834 2908 952 2966 iterum
975 2908 1104 2982 dicam,
1128 2921 1277 2984 praeceps

164 3008 214 3065 rui
238 3006 267 3065 in
286 3005 470 3067 vindicanda
497 3008 651 3067 memoria
677 3005 805 3085 Vigilii3
828 3017 875 3069 ast
898 3009 919 3068 ii
942 3010 1134 3086 praecipites
1156 3024 1277 3070 nuncu·

164 3107 257 3182 pandi
280 3117 369 3180 suot,
390 3108 445 3185 qui
469 3106 567 3187 bujns
592 3107 696 3186 Papae
717 3111 801 3170 dicia
825 3117 1067 3186 praetereuntes
1089 3110 1273 3188 neglexere,

163 3229 236 3270 cnm
260 3219 377 3289 quater
399 3221 510 3272 contra
533 3230 608 3274 suos
631 3213 866 3273 obtrectatores
888 3211 1068 3274 obtestatus
1083 3213 1147 3285 sit,
1173 3221 1206 3274 ei
1226 3230 1276 3291 po·

165 3311 321 3375 tissimum
355 3313 386 3373 in
415 3312 532 3374 litteris
564 3313 602 3387 ad
627 3310 911 3392 Valentinianum
934 3312 1129 3391 quibuscum
1158 3313 1276 3375 monuil

164 3410 205 3473 ir'r
228 3411 433 3486 conuocatis,
455 3432 532 3494 quos
554 3412 776 3476 scandalizari
796 3413 932 3493 diuersis
962 3411 1142 3477 rumoribus
1175 3410 1277 3476 retuli·

166 3514 221 3588 sti,
249 3515 446 3578 incessanter
465 3517 602 3592 bortnri,
628 3536 666 3578 ae
683 3535 740 3596 per
760 3517 815 3579 bos
835 3515 974 3598 forsitan
989 3517 1207 3579 seducuntur:
1227 3510 1277 3594 ptri

163 3617 407 3695 subpraetorem
429 3617 607 3690 carnatico,
627 3617 819 3697 aequissimo
841 3616 957 3698 spiritu
979 3615 1175 3696 simplicium
1201 3611 1277 3678 eltrt'·

162 3716 340 3781 arianorum
373 3721 491 3793 cordo,
513 3718 650 3799 [allucio
670 3739 729 3782 aaa
749 3719 889 3799 decipere
909 3713 1110 3792 molientum
1133 3729 1161 3781 et
1178 3714 1279 3800 patria

159 3818 212 3882 sai
232 3820 351 3884 diaboli
370 3822 627 3884 consuetudinem
650 3821 790 3900 maligno
805 3819 923 3900 spiritu
939 3830 1107 3893 sectantes,
1123 3818 1279 3883 crebriora

157 3919 215 3982 tint
236 3922 435 3985 commissum
455 3922 590 3984 diuersis
613 3922 811 3986 mendacibus
835 3921 963 4004 seriptis
984 3924 1176 3985 conturbare
1206 3918 1279 3983 desi·

160 4024 285 4086 derunt.
309 4044 326 4081 u
352 4023 393 4087 Et
415 4026 513 4106 liuius
536 4029 660 4104 generis
684 4036 776 4089 erant
800 4028 897 4088 trium
921 4026 1152 4105 Capitulorum
1179 4024 1281 4087 defen·

161 4143 260 4186 sores.
285 4124 366 4189 Cum
391 4127 490 4207 igitur
513 4126 556 4188 ita
579 4126 760 4190 obtestetur
781 4137 979 4206 conquestus
1004 4126 1154 4189 Pontifex
1172 4128 1212 4188 de
1228 4124 1281 4186 fal·

162 4227 205 4291 sis
228 4230 416 4292 runmribus
438 4240 550 4290 eooun
571 4249 605 4292 se
631 4230 767 4310 vulgatis
790 4232 819 4291 in
843 4228 987 4292 fidelium
1010 4229 1202 4292 scandalum
1215 4247 1228 4307 3
1252 4233 1283 4288 et
