2886 4784
1219 356 1262 424 ὦ

144 480 208 547 tur,
224 471 294 534 sive
315 471 437 544 locum,
461 466 516 531 obi
537 467 679 546 scripsit,
697 466 745 528 vel
769 465 857 528 exilii
880 464 1108 535 conditionem,
1126 472 1181 526 aut
1203 480 1256 525 ae·

144 592 288 648 rumnas,
312 589 394 653 quas
415 587 526 650 passus
548 581 607 643 est,
625 587 682 631 seu
704 568 919 631 eruditionem
942 583 1006 645 qna
1029 566 1185 643 pollebat,
1201 574 1258 626 aot

144 678 247 748 siros,
270 693 352 753 quos
373 671 553 743 consuluit,
576 671 625 731 vel
648 669 774 732 codices
795 668 956 747 Origenis‚
977 685 1058 746 quos
1080 666 1179 744 legit,
1202 678 1260 728 aut

143 779 243 855 ipsius
265 777 407 835 acimum
428 774 514 834 omni
536 772 612 833 dolo
634 775 822 844 immunem,
839 788 896 831 seu
918 768 1121 831 alacritatem
1144 771 1173 828 in
1198 768 1260 828 hoc

143 876 348 955 suscipiendo
369 875 505 947 labore,
528 874 671 935 nonnisi
695 884 815 934 temere
837 873 920 933 alter
950 888 1047 949 qnam
1071 870 1259 948 Pamphilus

143 978 299 1039 dicendus
320 985 378 1037 est.

226 1076 368 1156 ideoque
397 1094 646 1156 quaquaversus
673 1075 956 1153 circumspiciatur
986 1076 1064 1137 haec
1087 1078 1258 1155 apologia,

143 1178 219 1240 talis
250 1187 298 1238 est
328 1188 361 1238 ut
392 1178 473 1238 nulli
503 1176 728 1254 ambigendum
758 1178 798 1237 sit
827 1178 866 1237 de
896 1178 1082 1239 orthodoxo
1111 1177 1260 1255 Origeuis

142 1297 263 1352 seusu,
286 1296 344 1340 nec
367 1280 406 1338 do
427 1282 540 1341 meotis
561 1296 640 1340 suae
670 1279 852 1356 integritate
882 1278 914 1338 iu
943 1279 1067 1341 cunctis
1088 1280 1263 1341 discussiot.

142 1379 238 1443 uibus
260 1397 446 1457 expressae,
470 1399 528 1442 uec
551 1381 590 1441 de
612 1380 683 1441 zelo
705 1381 735 1440 in
758 1380 966 1441 custodienda
990 1382 1165 1459 apostolica
1182 1379 1260 1442 Tra·

142 1481 265 1543 ditione
288 1490 320 1541 et
343 1479 508 1542 Ecclesiae
531 1482 665 1554 unitate,
689 1498 793 1558 nequa
816 1481 855 1541 de
877 1481 1038 1557 horrore,
1061 1501 1127 1561 quo
1148 1500 1262 1562 perpe·

143 1592 204 1646 tuo
227 1591 421 1659 prosecutus
442 1593 490 1643 est
512 1583 687 1645 haereses:
711 1582 830 1660 quibus
846 1582 1034 1658 conlutatis,
1051 1601 1148 1645 unam
1162 1583 1261 1646 solam

142 1681 320 1744 catholicoe
340 1681 482 1745 veritatis
504 1681 692 1745 sententiam
712 1681 832 1754 tenuit,
849 1684 930 1744 adeo
953 1693 988 1745 ut
1009 1702 1103 1746 nemo
1124 1687 1165 1747 sit
1180 1686 1263 1746 inter

141 1780 312 1847 Ecclesiae
334 1783 469 1857 Patres,
491 1787 548 1863 qui
572 1794 659 1845 tanto
680 1785 799 1846 ardore
821 1785 977 1846 adversus
1000 1786 1148 1847 haereses
1169 1786 1261 1845 disni-

142 1885 228 1946 carit
244 1903 304 1963 per
324 1903 419 1946 omne
433 1903 512 1946 suae
529 1889 613 1948 ritae
630 1893 765 1962 tempus.
779 1885 882 1949 Secus
900 1904 977 1945 vero
998 1885 1162 1947 latendum
1178 1897 1261 1947 esset

141 1986 400 2061 baereticorum,
417 1998 581 2067 quotquot
602 1988 643 2048 ab
667 1986 832 2049 Ecclesiae
853 1987 945 2048 initio
968 1988 1138 2066 bucusque
1158 1989 1263 2048 insur-

143 2104 277 2159 rexere,
294 2088 421 2150 nattam
445 2097 491 2150 tot
513 2098 545 2150 et
567 2097 731 2160 tantorum
751 2105 930 2166 pravorum
952 2086 1140 2166 dogmatum
1164 2094 1261 2166 magt-

140 2198 250 2251 strum
274 2188 384 2264 inisse,
401 2207 486 2269 quae
509 2202 613 2254 totum
635 2191 676 2252 ab
697 2192 763 2252 imo
783 2188 823 2249 sd
838 2192 1001 2250 summum
1020 2189 1262 2267 dispensationis

141 2291 353 2368 evangelicae
375 2293 557 2354 aediticium
580 2295 726 2365 diruunt,
750 2292 910 2352 humanae
931 2290 1093 2351 societatis
1115 2290 1261 2351 ordinem

143 2391 355 2470 perturbant,
378 2405 410 2453 et
432 2397 558 2471 generis
580 2396 680 2456 nostri
702 2391 930 2472 praestantiam
951 2390 1148 2469 deprimunt,
1164 2392 1260 2452 sicuti

140 2492 304 2554 extitisset
317 2490 485 2570 Origenes,
504 2496 542 2566 si,
559 2503 732 2571 superante
752 2492 991 2554 malevolorum
1017 2491 1163 2570 pertidia,
1179 2492 1264 2554 dice·

140 2604 262 2655 rentur
282 2592 440 2671 ejusmodi
473 2595 616 2657 nefandis
644 2596 797 2658 doctrinis
827 2612 885 2656 sua
914 2595 1033 2674 scripta
1060 2597 1196 2674 genuina
1218 2596 1264 2654 io·

140 2711 257 2774 apersa
285 2694 392 2775 luisse.
417 2698 475 2759 Ast
501 2698 714 2760 invalescente
741 2697 880 2770 morbo,
904 2697 1040 2759 invaluit
1062 2716 1193 2777 quoquc
1214 2715 1263 2758 sa·

141 2796 225 2860 lutis
250 2796 461 2873 pharmacum
484 2800 514 2859 in
539 2818 675 2877 persona
699 2798 880 2878 Pamphili,
904 2801 959 2877 qui
983 2800 1086 2862 morbi
1108 2801 1261 2861 invasioni
1328 2843 1340 2859 .

143 2897 278 2973 restitit,
302 2915 340 2959 ac
362 2896 555 2977 profligavit.

230 2996 273 3060 Et
295 3016 330 3061 re
351 3000 481 3079 quidem
506 3019 595 3072 vcra,
619 3001 717 3081 hujus
740 3001 942 3081 Apologctici
965 3001 1130 3063 authentis
1152 3007 1186 3062 et
1206 3018 1264 3062 au·

145 3101 252 3162 ctoris
273 3099 362 3162 illius
384 3102 545 3178 probitate
568 3105 699 3182 positis,
722 3107 799 3166 satis
820 3107 962 3184 satisque
986 3102 1108 3166 iactum
1134 3110 1204 3175 ast,
1228 3110 1264 3163 ut

142 3201 297 3280 Origenis
321 3220 460 3274 nomen,
483 3205 567 3266 sicut
586 3214 680 3265 antea
703 3207 734 3266 in
763 3207 906 3268 eeclesiis
931 3215 1100 3284 acceptum
1131 3204 1262 3276 luerat,

144 3312 300 3382 pergeret
324 3304 541 3367 venerandum
564 3307 647 3367 iuter
668 3317 795 3369 sanctos
827 3306 939 3368 Patres
970 3307 1171 3384 inscriptum.
1196 3301 1264 3367 Nec

144 3406 288 3471 ulterius
303 3406 504 3483 disputatum
519 3418 614 3482 essct,
629 3410 687 3470 nisi
702 3427 727 3469 s.
748 3408 969 3490 Hieronymus
983 3426 1001 3470 a
1018 3407 1146 3470 rairitie
1160 3405 1265 3468 Theo·

144 3509 227 3587 phili
251 3517 364 3586 captus
386 3519 498 3570 contra
522 3510 617 3572 illum
650 3511 745 3572 toret.
770 3509 834 3585 Qus
867 3511 964 3573 simul
995 3512 1132 3574 sentiens
1162 3508 1264 3586 pluri·

143 3629 237 3672 mum
260 3626 338 3669 suae
361 3611 502 3687 opinioni
524 3614 690 3673 adversari
712 3613 846 3673 citatum
875 3613 1019 3686 librum,
1047 3615 1120 3674 totis
1142 3608 1264 3670 viribus

144 3713 237 3773 nisos
254 3717 301 3770 est
316 3707 495 3792 Martyrem
518 3711 706 3773 abstrahere
721 3713 761 3773 ab
777 3714 837 3774 boc
854 3713 979 3786 labore,
998 3714 1070 3774 hinc
1086 3712 1158 3774 iude
1173 3708 1261 3771 colli·

140 3830 221 3892 gens
244 3820 458 3889 argumenta,
482 3823 518 3874 ut
540 3831 742 3875 communem
764 3823 797 3876 et
819 3816 1057 3893 praevalentem
1089 3814 1128 3874 de
1149 3831 1188 3874 eo
1210 3813 1262 3872 de·

139 3920 294 3977 strueret
314 3914 503 3975 sententiam
530 3915 614 3976 circa
640 3915 782 3996 ejusdem
805 3926 984 3979 auctorem.
1013 3913 1047 3975 lu
1072 3933 1137 3994 quo
1161 3923 1264 3975 tamen

139 4015 268 4087 studio,
290 4013 333 4075 ob
353 4015 404 4076 sui
423 4014 536 4095 judicii
560 4016 798 4078 instabilitatem
822 4018 927 4080 minus
942 4018 1061 4081 iecisse
1084 4017 1263 4097 probator,

137 4115 249 4182 veluti
271 4115 505 4192 praediximus,
529 4135 587 4180 nec
611 4119 720 4181 tulisse
743 4127 908 4198 puuctum.

227 4213 335 4277 Porro
356 4215 423 4285 ‹tixt
446 4234 497 4300 ex·
511 4219 718 4300 Apologistae
740 4238 819 4284 cura
844 4219 963 4284 iactum
988 4238 1056 4282 esse
1076 4227 1114 4281 nt
1136 4217 1173 4280 dc
1194 4216 1268 4280 Ori-
