2886 4784
262 335 304 407 3⁰
711 429 849 501 haebr
873 430 927 497 tv.

261 641 351 707 Lttrt
378 638 409 704 V.
433 637 490 719 qui
510 648 556 701 est
574 638 699 719 primus
721 640 924 721 refutationis
944 642 1119 713 haeresum,
1134 635 1318 719 disquisitio
1333 634 1387 700 im·

300 742 448 808 stituitur
469 741 503 802 ire
526 739 579 815 iis,
603 760 682 820 quoe
703 742 813 806 scribit
833 743 1022 822 deotemus
1043 744 1079 804 de
1100 740 1263 805 haereticis
1285 761 1384 804 nour·

298 847 398 919 senis,
417 842 553 924 peratis,
577 841 732 907 sethiouis
752 855 781 907 et
800 842 934 908 tusstut.

262 1091 339 1218 Ab
360 1155 458 1236 hujus
480 1152 567 1216 Libri
589 1153 679 1216 initio
702 1153 775 1214 dicit
801 1151 938 1227 Auctor,
955 1173 989 1216 se
1011 1171 1157 1233 eousque
1173 1147 1384 1230 philosopho·

263 1277 337 1323 rum
361 1260 445 1338 apud
470 1274 603 1335 graecos
624 1265 657 1318 et
678 1257 833 1318 barbaros
855 1256 1025 1335 diligenter
1046 1256 1233 1335 exposuisse
1247 1252 1382 1331 dogma·

264 1371 316 1441 ta,
341 1360 541 1440 proindeque
562 1362 620 1423 sibi
641 1379 711 1421 esse
727 1360 902 1423 ineundum
919 1371 1082 1422 certamen
1097 1357 1251 1419 aduersus
1264 1355 1382 1417 haere·

264 1483 313 1527 ses
335 1482 352 1524 a
373 1481 487 1542 graeca
514 1463 716 1541 philosophia
747 1463 902 1542 originem
935 1463 1110 1533 ducentes,
1140 1456 1341 1519 exordiendo
1363 1471 1381 1515 a

263 1567 436 1638 naassenis,
460 1565 516 1644 qui
538 1565 725 1643 Serpentem
749 1568 870 1627 erroris
885 1567 934 1628 sui
955 1563 1161 1626 celebrarunt
1177 1565 1286 1639 caput.
1312 1555 1382 1621 Hos

189 1705 192 1709 -
263 1685 364 1746 porro
386 1667 566 1727 haereticos
588 1667 618 1726 in
643 1668 746 1745 primo
767 1667 841 1730 loco
863 1666 1025 1739 collocat,
1049 1680 1191 1743 quorum
1213 1676 1382 1722 successo·

263 1785 315 1829 ros
338 1776 432 1830 vocat
456 1766 615 1829 Simonem
638 1768 774 1848 ejusque
796 1767 980 1847 discipulos.
1005 1766 1059 1827 nn
1081 1766 1164 1826 euim
1186 1766 1217 1827 iu
1234 1758 1377 1825 titulob.

264 1866 352 1931 Libri
379 1866 433 1929 Vl.
457 1886 490 1929 se
511 1875 604 1929 antea
628 1869 667 1930 de
697 1869 889 1942 haereticis,
919 1869 975 1946 qut
998 1886 1014 1928 n
1038 1864 1192 1946 Serpente
1223 1865 1381 1944 principia

264 1968 486 2052 deduxerunt,
505 1969 718 2048 disceptasse:
735 1992 751 2028 u
768 1969 862 2032 Nunc
882 1977 915 2032 et
936 1969 1061 2048 eosqui
1076 1985 1192 2030 eornm
1207 1967 1382 2029 sententias

266 2072 368 2133 secuti
390 2080 465 2132 sunt
486 2090 549 2132 uon
571 2072 767 2148 praeteribo.
787 2070 1048 2134 »Verumtamen
1069 2088 1131 2132 nou
1154 2068 1310 2131 naassitae
1327 2067 1381 2129 vel

266 2173 396 2249 ophitae
412 2173 505 2248 primi
523 2173 684 2235 habentur
705 2176 733 2235 in
757 2174 889 2235 historia
911 2174 1094 2247 haeresum,
1111 2188 1195 2251 quae
1210 2170 1251 2231 ab
1266 2167 1382 2232 Eccle-

265 2274 333 2335 siae
355 2275 548 2336 christianae
571 2283 648 2335 ortu
671 2275 890 2337 invaluerunt.
914 2274 972 2335 Ast
986 2271 1095 2335 Simon
1113 2291 1223 2352 mogus
1237 2291 1253 2334 a
1269 2290 1295 2334 s.
1312 2269 1383 2334 lre·

266 2393 347 2436 naeo
370 2383 402 2436 et
423 2377 547 2450 cunctis
569 2377 781 2454 scriptoribus
804 2385 895 2454 pater
916 2386 1124 2454 nuncupatur
1145 2377 1288 2437 omnium
1305 2376 1384 2436 hae·

270 2479 471 2539 reticerem:
496 2495 512 2536 a
536 2495 601 2555 quo
624 2495 732 2538 omnes
754 2478 841 2540 initia
864 2487 1038 2553 sumentes,
1061 2477 1156 2556 impia
1173 2486 1205 2538 et
1220 2477 1383 2556 irreligio·

268 2597 301 2640 sa
326 2580 474 2657 dogmata
499 2578 700 2641 induxerunt
721 2580 751 2638 in
775 2580 856 2641 hanc
880 2580 999 2641 vitum:
1023 2580 1141 2659 quippe
1169 2579 1227 2640 iste
1255 2581 1382 2659 primus

267 2678 475 2740 adversarius
499 2682 617 2740 restitit
638 2679 834 2758 apostolieae
856 2679 1033 2741 doctrinae.
1057 2678 1208 2741 Naasseni
1233 2697 1311 2741 vero
1329 2680 1382 2743 vel

263 2780 400 2842 sethiani
422 2789 530 2857 postea
562 2783 834 2871 insurrexerunt,
866 2781 1009 2861 ejusdem
1040 2781 1175 2846 Simonis
1204 2780 1381 2858 discipuli,

267 2882 320 2943 vel
344 2883 452 2959 potius
475 2884 694 2960 gnosticorum
717 2892 823 2945 sectae
855 2893 1031 2945 consortes.
1062 2883 1205 2963 Ideoque
1225 2886 1250 2946 si
1274 2883 1384 2945 Phila-

264 2982 363 3041 strins
386 2982 442 3053 ait,
467 2999 636 3044 naassenos
655 2983 704 3044 vel
721 2984 860 3063 ophitas,
884 3003 924 3046 ex
947 2985 983 3045 iis
1004 2983 1128 3046 scilieet
1149 2983 1205 3063 qui
1227 2985 1259 3045 iu
1273 2982 1383 3046 deser·

267 3092 300 3142 to
320 3083 499 3144 adorarunt
515 3083 715 3162 Serpentem,
732 3095 805 3147 ante
821 3085 938 3148 Christi
953 3086 1126 3146 adventum
1144 3085 1299 3162 extitisse,
1315 3102 1382 3147 nou

267 3201 371 3262 neg03
395 3203 536 3264 quorum
563 3193 666 3246 tamen
691 3194 866 3247 narrantur
888 3186 927 3245 ab
951 3184 1119 3268 Anonymo
1146 3186 1244 3247 stulta
1267 3168 1299 3247 et
1320 3189 1383 3248 im·

265 3287 315 3364 pia
339 3288 502 3366 dogmata,
527 3306 588 3348 non
611 3290 669 3349 nisi
688 3297 756 3365 post
772 3287 931 3350 Simonem
950 3290 1214 3350 insurrexerunt:
1232 3307 1290 3350 nec
1305 3291 1382 3352 ideo

264 3388 358 3465 primi
378 3388 454 3469 jure
477 3388 639 3450 dicuntur.
665 3388 705 3451 Et
727 3392 769 3451 ita
794 3398 906 3469 putant
927 3410 951 3451 s.
974 3389 1138 3464 irenaeus,
1156 3387 1383 3454 Tertullianus

265 3497 344 3549 ets.
368 3487 580 3568 Epiphanius.
604 3488 684 3550 ltem
708 3490 896 3576 Anonymus
919 3500 989 3569 post
1004 3493 1155 3553 naassitas
1169 3491 1310 3554 collocat
1325 3511 1383 3572 pe·

263 3597 359 3651 ratas.
387 3589 426 3651 Et
447 3610 487 3652 ex
510 3592 648 3653 adverso
673 3591 827 3671 Origenes
855 3597 884 3655 in
914 3592 1010 3656 Libro
1034 3591 1087 3668 tv.
1111 3603 1223 3657 contra
1245 3593 1380 3658 Celsum

262 3709 292 3751 n.
316 3687 366 3755 28.
388 3692 499 3755 scribit
521 3694 675 3769 ophianos
706 3695 838 3771 gloriari
861 3706 892 3756 et
915 3714 1110 3775 magnopere
1132 3697 1284 3776 jactitare
1308 3694 1381 3760 Eu·

265 3793 412 3869 phratem
435 3795 620 3872 quemdam,
641 3813 656 3854 a
674 3815 739 3874 quo
761 3797 939 3858 doctrinam
957 3799 1085 3877 impiam
1103 3805 1309 3876 acceperunt.
1326 3798 1381 3862 Ab

266 3890 436 3970 Euphrate
457 3913 534 3956 vero
557 3906 687 3974 peratae
705 3899 754 3958 vel
778 3899 910 3976 peratici
932 3898 1006 3960 dieti
1028 3907 1116 3971 sunt,
1134 3906 1169 3963 ut
1189 3897 1282 3979 ajunt
1304 3898 1381 3965 Cle·

266 4011 353 4056 mens
376 3995 628 4069 alexandrinus,
652 4008 683 4059 et
707 3995 944 4062 Theodoretus.

346 4095 477 4160 Interim
501 4100 540 4161 de
562 4103 722 4163 naassenis
744 4104 810 4162 sivo
833 4102 951 4180 ophitis
973 4101 1129 4165 disserens
1155 4104 1380 4187 ,Anonymus,

270 4197 409 4261 maxime
435 4201 537 4262 veriat
564 4201 604 4263 ab
633 4199 772 4279 Origene
801 4201 907 4278 lentie
936 4204 1104 4280 perspicue
1136 4211 1260 4268 constat
1292 4207 1384 4274 bunc
