2886 4784
160 341 201 413 l8

157 443 289 507 decreto
311 440 522 505 damnationis
542 441 773 506 subscriberet.
798 440 921 506 Verum
943 460 1038 508 secus
1060 460 1097 505 ca
1115 460 1264 524 exponen·

160 543 200 604 da
223 550 308 607 suut.
334 541 417 605 nteit
438 545 523 605 enim
547 542 632 622 Papa
649 560 683 604 se
698 544 842 605 breviter
855 542 895 604 de
910 545 1006 623 gestis
1019 544 1062 606 ob
1079 544 1163 606 hanc
1180 561 1267 623 qnae·

68 648 70 652 ‘
161 643 297 704 stionem
312 643 475 717 seribere,
499 642 660 706 conlidens
681 661 714 704 se
737 643 801 704 cito
826 641 960 705 Romam
988 660 1225 717 reversurum,
1244 653 1268 706 ct

160 750 237 804 tune
260 758 317 820 pet·
338 742 464 804 litteras
485 750 600 806 cuncta
627 744 853 821 expositurum
884 743 1097 824 singillatim:
1132 762 1207 823 cnm
1237 762 1267 806 eo

163 861 267 922 usque
297 843 403 907 reditu
426 845 633 923 praepeditus
656 843 755 907 luerit
775 845 816 906 ab
837 843 951 906 hiemis
980 847 1159 925 asperitate
1180 853 1211 908 et
1232 844 1265 906 ab

162 941 273 1006 ltaliae
295 946 520 1008 necessitates
543 946 662 1025 gotthis
684 962 866 1025 oppressae.
891 944 985 1021 Quod
1008 947 1264 1026 insequentibus

161 1042 267 1106 firmat
289 1046 457 1125 inquiens:
478 1065 495 1104 κ
518 1043 559 1108 Ει
578 1045 654 1124 qaia
677 1046 779 1124 gotthi
803 1063 878 1107 cum
902 1063 977 1124 rege
999 1064 1062 1109 sno
1083 1047 1116 1106 io
1138 1045 1265 1110 Ciuitate

162 1164 294 1209 romana
314 1147 527 1227 perhibentur
539 1148 683 1226 ingressi.
702 1165 718 1204 u
735 1146 783 1210 Ac
800 1147 872 1211 ideo
889 1145 996 1226 Vigilii
1014 1153 1087 1210 vota
1114 1147 1154 1209 ad
1178 1145 1266 1210 Deua

162 1265 222 1328 pro
242 1247 424 1311 lastiniano
446 1257 560 1324 erant,
583 1265 645 1310 non
668 1255 704 1311 ut
726 1247 879 1311 evaderet
906 1248 947 1308 ab
977 1248 1048 1328 eins
1077 1250 1264 1326 persecutio·

162 1367 223 1426 ue3
246 1357 296 1412 ast
316 1357 353 1412 ut
374 1348 431 1411 ille
453 1347 566 1412 ltaliae
587 1366 624 1411 ao
646 1347 770 1412 llomae
795 1347 893 1411 simul
921 1365 1095 1428 oppressae
1117 1366 1136 1410 a
1159 1349 1262 1429 gotthis

161 1450 356 1513 consuleret.
387 1448 483 1525 Quod
508 1451 639 1530 quidem
661 1453 692 1512 iu
714 1452 814 1530 ipsius
844 1449 1051 1528 imperatoris
1075 1451 1159 1513 rotis
1180 1457 1261 1523 crat,

161 1569 220 1629 per
242 1553 320 1615 baec
341 1552 523 1629 expressis:
551 1551 653 1614 Donec
674 1548 892 1614 screnissimus
909 1549 1074 1628 Princeps,
1095 1549 1181 1614 siem
1200 1549 1262 1614 desi·

161 1652 264 1722 deret,
288 1649 420 1714 Domina
440 1649 502 1714 sibi
522 1652 715 1728 auxiliante,
739 1649 882 1731 (Italiac)
904 1650 1077 1716 subveniat.
1101 1672 1118 1711 u

245 1751 285 1816 Et
313 1772 388 1817 cam
410 1755 442 1816 iu
467 1751 556 1816 ltalia
580 1756 660 1819 baec
681 1757 885 1828 acciderent,
910 1764 942 1817 et
964 1757 1037 1818 hinc
1066 1755 1260 1818 cohiberetur

164 1853 299 1935 vigilius
320 1875 338 1919 a
361 1858 491 1930 redita,
513 1875 576 1918 uon
600 1858 705 1920 minor
732 1858 919 1920 solticitudo
947 1856 1111 1921 l'ontitlcis
1136 1859 1260 1920 animun

165 1958 300 2036 angebat
320 1959 362 2019 ob
382 1957 595 2021 ecclesiarum
618 1957 761 2035 Africae,
784 1957 970 2037 Superioris
998 1958 1125 2032 ltaliae,
1147 1969 1179 2021 ct
1200 1955 1260 2040 lllJ·

169 2062 227 2122 rici
257 2059 493 2132 delectionem,
520 2057 725 2121 subscribere
753 2062 959 2122 renuentium
988 2063 1085 2123 trium
1117 2059 1261 2140 Capitale

166 2180 238 2223 ram
260 2163 454 2224 anathemati
483 2178 541 2238 per
573 2158 763 2224 iudicatum
792 2163 926 2225 sancito.
956 2160 1177 2238 Quamobrem
1197 2159 1260 2225 Gon·
1288 2226 1295 2235 ,

162 2263 368 2341 stantiuopoli
391 2264 508 2326 indicta
531 2271 579 2324 est
605 2260 753 2343 Synodas
782 2265 1015 2326 oecumenica:
1040 2263 1079 2323 nd
1103 2279 1201 2339 qnam
1221 2275 1260 2321 ro·

165 2363 228 2423 cati
252 2366 439 2440 praesertim
456 2363 590 2424 illarum
613 2363 825 2425 ecclesiarum
848 2363 1015 2436 antistites,
1036 2364 1159 2443 integre
1172 2374 1261 2424 serra·

165 2464 216 2538 tis,
240 2482 324 2543 quae
347 2463 473 2526 delinita
497 2473 590 2526 erant
612 2461 826 2537 Chalcedone,
846 2465 1119 2527 convincerentur
1139 2463 1179 2526 de
1199 2459 1262 2540 tegi·

169 2567 247 2627 timo
274 2562 500 2644 Capitulornm
523 2565 749 2644 anatheniate5
776 2565 833 2626 etsi
857 2564 986 2648 Synodo
1009 2568 1104 2643 pauci
1127 2563 1262 2651 interius·

169 2668 243 2740 rint,
267 2668 383 2729 ceteris
406 2665 652 2741 reluctantibus,
676 2674 787 2728 eontra
817 2665 977 2729 Pontificis
999 2685 1101 2744 spem.
1124 2665 1176 2729 Ob
1200 2665 1261 2727 haar

167 2775 290 2830 tanetum
307 2765 443 2846 Vigilins
459 2769 489 2829 in
504 2765 592 2831 Urbe
616 2768 718 2846 regia,
734 2786 796 2829 nou
818 2769 978 2846 captivus,
996 2786 1058 2829 non
1082 2772 1113 2831 vi
1135 2768 1261 2838 adactas,

168 2888 231 2931 non
256 2871 478 2934 vexationibus
500 2869 651 2944 allectus,
676 2871 804 2941 rnausit,
826 2870 882 2932 scd
905 2870 989 2931 liber
1011 2870 1041 2930 in
1062 2887 1121 2932 sua
1146 2880 1263 2948 persona

167 2973 297 3034 iosuae
320 2974 485 3052 potestatis
507 2972 676 3045 exercitio,
695 2972 872 3035 honoratus
894 2989 911 3032 a
938 2969 1096 3050 Principe.
1114 2970 1177 3046 Qui
1199 2970 1264 3032 alter

166 3075 306 3136 alteram
329 3075 360 3135 in
383 3073 444 3135 ttae
475 3075 707 3136 concordasse
730 3081 842 3135 mutua
877 3073 1058 3135 reverentia
1092 3071 1262 3150 prosecuti,

167 3175 309 3238 studiose
340 3174 567 3239 incumbebant
590 3175 628 3235 ad
654 3174 817 3237 Ecclesiae
851 3191 962 3253 pacem
991 3181 1023 3235 ct
1054 3173 1263 3252 episcoporum

167 3294 356 3338 eonsensum
380 3276 410 3336 in
432 3274 575 3355 praelata
592 3277 797 3355 qnaesdooe.
822 3273 1026 3353 Quousque,
1057 3273 1144 3355 Papa
1167 3273 1264 3353 adpro

169 3376 281 3451 beante,
304 3383 402 3454 atque
425 3373 571 3437 Concilio
592 3375 747 3450 adunato,
770 3373 958 3436 confirmata
981 3382 1029 3435 est
1052 3371 1264 3454 Capitulornn

168 3480 266 3537 trium
290 3476 515 3538 condemnatio
538 3494 612 3538 cum
635 3475 733 3555 ipsius
757 3472 863 3553 Vigilii
885 3478 1061 3536 sanctione.
1086 3471 1129 3536 Et
1152 3473 1182 3536 id
1213 3471 1265 3552 plr-

169 3595 207 3637 ne
230 3575 423 3654 intelligitur
444 3594 486 3639 ex
508 3577 672 3638 novissimi
695 3575 866 3640 Constituti
892 3575 1019 3655 verbis3
1050 3573 1106 3637 nbi
1131 3570 1264 3636 bonurn

169 3679 212 3738 ait
236 3695 267 3738 u.
290 3674 352 3741 26:
379 3673 524 3751 Onerum
546 3675 709 3756 (Nestorii
731 3685 763 3739 ct
784 3673 946 3738 Theodori
972 3672 1211 3754 mopsuesteni)
1229 3687 1265 3733 aa

166 3795 249 3840 uena
268 3775 433 3840 diuturnis
453 3776 641 3858 temporibus
661 3778 787 3840 occulte
801 3775 969 3856 serpentia,
985 3794 1071 3838 nunc
1089 3784 1199 3856 aperta
1208 3787 1266 3855 ptr

165 3876 297 3958 sessione
317 3876 513 3952 manantia,
537 3887 659 3940 nestros
680 3886 708 3938 et
729 3874 991 3940 christianissimi
1024 3873 1192 3956 Principis
1218 3888 1267 3934 cta·

170 3978 319 4058 uiamque
331 3978 577 4041 oratodeueram
593 3978 717 4042 animas
729 3986 961 4058 permoverant,
976 3976 1204 4040 attendentium
1217 3983 1266 4034 nrt

169 4098 230 4140 csse
251 4079 389 4160 emplius
409 4083 581 4162 differenda
602 4080 750 4154 remedia,
773 4081 839 4155 ubi,
860 4100 916 4161 per
935 4078 1123 4159 parientiam
1138 4074 1265 4141 dissint-

172 4179 290 4243 iutienc
311 4180 448 4258 nutrita,
471 4193 535 4246 tom
557 4182 667 4261 magni
687 4184 767 4245 mcii
786 4181 911 4245 videtur
931 4179 1064 4246 crevisse
1081 4175 1264 4261 pernicies.l
