2886 4784
1234 378 1307 460 'li¹

162 517 227 562 nae
248 501 376 580 ignari,
400 517 458 561 seu
481 502 637 578 genuinae
661 498 795 564 Concilii
817 498 858 563 V.
880 503 1033 566 historiae
1063 505 1224 581 imperiii,
1246 515 1279 566 et

161 605 295 663 incaute
316 620 386 663 sese
408 602 643 663 committentes
665 601 806 663 aliorum
828 604 1078 674 narrationibus,
1101 607 1185 666 inter
1206 605 1281 667 hae·

163 705 284 765 reticos
305 701 435 762 citarint
457 698 629 778 Origenem
653 718 795 778 suosque
823 704 981 778 asseclas,
1004 703 1083 766 nihil
1105 701 1203 765 officit
1224 723 1280 765 no·
1340 764 1348 773 ,

157 804 239 864 stris
260 800 549 880 disquisitionibus,
572 800 690 878 quibus
711 818 729 859 a
752 799 900 862 Concilio
919 800 953 862 V.
972 805 1153 865 amovimus
1175 804 1281 881 orige-

159 908 289 967 nianam
311 904 557 984 quaestionem:
584 920 688 980 eoque
707 905 805 982 magis
826 905 912 981 quod
935 924 977 967 ex
1000 908 1109 978 variis,
1125 925 1208 984 quac
1225 925 1279 967 oc·

158 1015 316 1079 currunt,
338 1005 543 1067 citationibus
564 1022 581 1064 a
604 1002 748 1066 Concilio
772 1002 825 1066 vt.
842 1007 998 1083 repetitis,
1021 1007 1146 1069 diversa
1173 1017 1205 1070 et
1233 1009 1277 1068 in·

162 1117 255 1168 certa
279 1114 433 1168 notantur
453 1104 598 1185 ejusdem
623 1113 705 1166 acta.

252 1207 313 1269 Ex.
335 1226 364 1286 g.
389 1209 419 1267 in
443 1204 578 1269 Actione
602 1204 690 1267 thl.
714 1206 834 1286 legitur
854 1208 988 1287 epistola
1011 1207 1146 1273 Macarii
1170 1211 1281 1272 baere-

158 1312 216 1372 tici
240 1307 468 1369 monothelitae
480 1327 491 1385 ;
514 1309 569 1386 qui
591 1308 674 1369 iuter
695 1307 871 1369 haereticos
893 1317 964 1388 post
978 1307 1136 1372 Severum
1152 1320 1183 1372 et
1197 1307 1281 1371 tua·

161 1413 306 1473 mistiam
329 1418 478 1473 numerat
502 1409 689 1488 Origenem,
720 1407 895 1489 Evagrinm
921 1418 954 1474 et
980 1408 1171 1494 Didymuui,
1198 1429 1281 1489 quos

159 1511 449 1574 anathematizatos
471 1511 516 1572 ait
537 1517 609 1572 ante
632 1508 796 1594 Synodum
821 1508 859 1573 V.

245 1611 280 1675 lu
303 1612 438 1675 tintinna
459 1609 516 1674 Xl.
539 1612 622 1674 lecta
645 1622 692 1674 est
713 1613 847 1691 epistola
864 1611 1035 1692 Sophronii
1050 1616 1190 1696 episcopi
1207 1612 1281 1677 Eie-

161 1713 428 1795 rosolymorum:
453 1712 508 1775 nbi
524 1713 569 1773 ait
583 1713 613 1772 in
630 1709 774 1775 Concilio
791 1709 829 1775 V.
847 1714 1012 1776 damnatos
1026 1713 1211 1794 Origenem,
1230 1713 1282 1776 lli·

163 1820 300 1900 dymum
323 1823 356 1877 et
376 1810 554 1892 Evagrium
578 1831 640 1874 una
663 1832 738 1874 cnm
762 1814 864 1876 tribus
886 1814 1054 1895 Capitulis.

246 1914 280 1978 ln
304 1914 438 1977 Aetione
460 1913 550 1976 Xlll.
567 1915 686 1976 citatur
706 1910 888 1994 Satissactla
901 1919 987 1977 inter
999 1913 1122 1996 Cyrum
1139 1926 1171 1979 et
1189 1917 1277 1980 then·

162 2017 329 2090 dosianos,
344 2017 374 2076 in
396 2033 459 2095 qua
482 2016 576 2078 sicuti
598 2015 629 2076 in
653 2013 895 2095 Progranimate
918 2014 1104 2090 iustiniani,
1122 2036 1280 2080 renovan-

164 2128 222 2181 tur
243 2119 399 2179 adversus
414 2118 592 2198 haereticos
607 2117 737 2180 decreta
760 2121 901 2197 quinque
915 2116 1120 2201 synodorum
1134 2138 1208 2182 cum
1223 2138 1281 2184 ex·

163 2219 311 2282 elusione
334 2216 495 2298 Origenis.

246 2317 280 2381 ln
317 2320 449 2382 Actione
480 2316 598 2380 xvut.
622 2318 743 2381 dicitnr
774 2317 921 2403 Synodns
955 2321 1160 2382 consonuisse
1190 2322 1281 2400 quin·

163 2440 230 2501 que
252 2420 517 2500 praecedentibus
529 2439 540 2498 3
562 2437 703 2500 quarum
728 2421 841 2483 ultima
865 2432 1058 2499 congregata
1083 2421 1146 2483 luit
1167 2423 1283 2483 adver·

161 2541 220 2585 sus
241 2519 450 2583 Theodorum
473 2527 747 2600 mopsuestenum,
769 2519 957 2600 origenem,
977 2520 1167 2601 Evagrium
1186 2521 1282 2606 Didy-

163 2643 268 2698 mum,
291 2627 409 2701 scripta
433 2621 641 2695 Theodoreti,
664 2632 696 2684 et
720 2621 793 2684 ibae
816 2622 1003 2702 Epistulam.

246 2723 281 2787 ln
302 2724 413 2785 eadem
437 2724 571 2786 Actione
599 2723 720 2804 legitur
751 2724 864 2788 Sermo
890 2723 1150 2805 prosphoneticus
1178 2725 1281 2786 acela·

161 2825 322 2887 matarius
344 2843 370 2886 a·
383 2843 476 2886 sacro
498 2821 643 2888 Concilio
664 2825 861 2902 compositus
876 2843 914 2887 ac
929 2823 1139 2889 Constantino
1156 2843 1280 2886 nuncu·

164 2936 273 3005 patus,
291 2928 346 3004 qni
362 2927 471 3003 incipit
485 2945 505 2987 a
519 2923 641 2987 destris
659 2923 726 2987 Dei.
748 2924 780 2987 ln
800 2925 860 2989 hoe
875 2926 958 2987 enim
970 2927 1195 2988 instaurantur
1208 2934 1278 2986 aeta

164 3028 336 3100 omnium,
360 3045 444 3105 quae
467 3037 736 3104 praecesserunt,
758 3028 968 3109 synodorum.
994 3025 1039 3088 lle
1072 3026 1218 3089 Concilio
1242 3024 1278 3086 V.
1310 3031 1313 3037 '

165 3128 307 3191 dicitnr:
332 3150 347 3186 a
370 3127 459 3190 Sicut
485 3139 515 3190 ct
542 3127 680 3207 Vigilius
712 3137 783 3206 post
815 3129 893 3190 baec
924 3126 1108 3205 ,Iustiniana
1142 3128 1283 3205 piissimo

164 3226 359 3303 consonuit;
383 3223 585 3304 atquinium
608 3223 789 3287 Concilium
821 3228 1032 3287 constitutum
1054 3233 1124 3297 est,
1148 3235 1183 3285 at
1204 3242 1282 3302 qao·

164 3325 316 3387 rumdam
336 3325 501 3404 opuscula,
523 3342 603 3402 qaae
624 3325 755 3388 latenter
775 3334 900 3406 reperta
920 3335 1006 3398 sant,
1029 3324 1282 3387 abhominatione

162 3426 307 3504 repleta,
329 3424 687 3489 anathematizarentur.
712 3425 794 3488 Hinc
816 3438 902 3504 palet
925 3427 1020 3506 bnjus
1041 3423 1202 3488 Sermonis
1226 3445 1283 3488 au·

163 3537 291 3588 ctorem
315 3523 478 3589 Theodori
502 3528 718 3604 mopsuesteni
741 3527 854 3601 libros,
874 3527 947 3587 lbae
964 3527 1141 3603 Epistolam
1158 3526 1196 3586 ad
1216 3524 1282 3586 bla-

163 3631 227 3688 rim
251 3645 376 3704 persam
399 3637 430 3688 et
450 3624 647 3690 Theodoreti
669 3631 788 3704 scripta
812 3628 969 3688 adversus
991 3627 1160 3689 duodecim
1189 3625 1281 3703 Capi·

163 3728 234 3788 tuta
257 3747 283 3787 s.
306 3725 420 3810 Cyrilli
443 3727 662 3798 alexandrini,
685 3727 891 3789 solummodo
913 3726 1184 3787 anathematizata
1206 3743 1294 3793 con„

162 3828 335 3902 siderasse,
360 3828 500 3890 exclusis
521 3827 662 3907 Origene
684 3836 716 3889 et
738 3830 843 3890 sociis.

252 3927 285 3989 in
309 3927 422 4020 Edicto
447 3929 652 4009 imperatoris
675 3949 715 3991 ex
737 3931 846 3992 eadem
871 3930 1007 3991 hctione
1022 3925 1177 3989 xviiia
1201 3926 1283 3989 Con·

166 4031 243 4094 cilio
267 4027 306 4091 V.
331 4032 485 4092 dicuntur
506 4032 646 4093 damnati
667 4028 835 4110 Origenes,
860 4029 1039 4110 Euagrius,
1061 4039 1093 4092 et
1115 4027 1283 4111 Didymus,

167 4132 243 4194 lbae
267 4129 412 4211 Epistola
435 4141 467 4210 et
489 4129 688 4196 Theodoreti
708 4118 839 4212 scripta.
863 4129 1095 4195 Excluduntur
1119 4129 1284 4192 tamenab

166 4232 374 4298 anathemate
396 4252 532 4313 persona
554 4245 587 4298 et
608 4234 682 4298 iibri
703 4230 866 4297 Theodori
888 4231 1116 4313 mopsuesteni,
1141 4231 1220 4295 item
1253 4231 1282 4292 iu
