2886 4784
160 453 297 518 cutinnis
319 452 573 516 convenientiam
594 453 689 517 onius
704 469 780 517 cum
795 449 901 516 altero
917 451 1175 535 inspiciendum
1189 453 1261 517 antu

159 554 276 619 subdat
297 553 474 632 Origenes:
489 553 629 633 semiton
650 554 759 618 codex
779 553 898 637 aliquis
917 562 946 614 et
960 552 1118 635 judaicus
1139 555 1188 620 oir
1206 567 1259 620 etc.

160 656 432 719 inconsideratum
454 656 588 735 reliquit
607 657 763 737 primum,
775 655 862 737 quod
885 656 1000 737 majori
1017 657 1196 737 putabatur
1214 676 1262 721 ex·

161 757 320 847 positione
347 757 497 836 dignnm3
526 772 566 820 ac
595 765 763 838 praetcrea
791 766 971 836 utrumque
991 759 1024 820 iu
1045 778 1080 822 se
1100 759 1262 839 quamdam

162 858 343 921 eoaatiucbat
366 872 477 922 sensus
499 859 686 923 varietatem
702 860 832 923 minime
846 860 885 921 ab
902 860 1083 940 interprete
1102 864 1265 940 transigen-

162 959 247 1023 dam.
265 959 363 1023 diiud
386 978 525 1042 namque
545 967 594 1024 est
614 959 742 1023 diceres
764 958 926 1024 dimittens
946 978 1077 1023 oaorem
1099 981 1191 1025 soom
1210 960 1265 1024 nisi

165 1059 201 1124 ob
229 1059 493 1143 fornicationem,
515 1072 543 1124 et
563 1061 664 1125 eiiam
691 1062 810 1124 docens
839 1062 1029 1126 moectotor.
1055 1061 1096 1125 Et
1118 1064 1205 1126 atiud
1224 1071 1265 1126 est

162 1164 292 1226 diceros
314 1161 474 1226 dimittens
495 1170 626 1226 ociorem
650 1181 753 1238 sunm,
768 1172 896 1242 excepto
915 1163 1145 1246 fornicationis
1165 1184 1263 1239 causo,

158 1261 239 1344 socit
262 1281 331 1325 enm
350 1261 517 1327 moechari.
541 1262 639 1327 Aliud
661 1263 792 1344 quidem
813 1275 860 1329 cst
889 1264 1095 1340 assectator,
1117 1274 1151 1330 ct
1170 1265 1261 1338 aliud,

161 1363 241 1446 fucit
258 1380 328 1428 cnm
344 1362 509 1427 moecitori.

245 1464 320 1528 iden
340 1484 416 1528 cum
438 1464 531 1545 piane
545 1473 671 1530 constet
690 1469 722 1530 in
743 1467 870 1533 duobus
888 1468 1076 1546 testimoniis
1090 1468 1263 1532 incederen-

164 1568 205 1630 tia
228 1567 309 1629 adeo
332 1574 368 1629 ut
389 1566 484 1630 simui
502 1567 532 1628 in
548 1585 614 1630 uno
628 1568 889 1650 commate-jungi
904 1578 1078 1650 nequeant,
1094 1568 1263 1632 necessario

40 1690 43 1696 ·
160 1687 200 1730 ca
224 1668 308 1731 serie
328 1668 549 1732 commentarii
573 1668 743 1749 diiigenter
760 1672 801 1732 ab
815 1671 957 1750 Origene
974 1670 1149 1746 elaborati,
1164 1671 1262 1734 exclu-

159 1768 300 1832 dendum
317 1780 362 1832 ost
379 1770 518 1848 primum
534 1778 686 1850 tanquam
709 1772 866 1835 absonum
881 1790 943 1834 nnn
958 1771 1065 1835 solum
1083 1789 1101 1834 a
1119 1780 1260 1835 contexto

162 1867 400 1949 Esarrgeiistac,
425 1889 539 1934 verum
561 1873 656 1934 etiam
678 1891 695 1934 a
717 1875 862 1952 sequenti
888 1873 1087 1951 discussione
1117 1873 1261 1952 intrerpre-

162 1973 201 2034 tis
222 1991 253 2034 n.
276 1969 328 2038 Ἃ·
350 1971 410 2037 Ubi
431 1975 550 2037 instans
575 1991 673 2054 supra
709 1977 906 2054 genuinum.
940 1994 1037 2053 quem
1072 1976 1261 2037 deieudimus

144 2072 317 2135 ‚Matthaei
341 2083 464 2138 textum
488 2075 498 2155 (
510 2075 614 2138 altero
636 2076 795 2155 excluso)
819 2076 858 2139 de
879 2077 1019 2157 coniugii
1041 2077 1261 2140 insolubilitate

158 2177 313 2239 adversus
334 2176 532 2253 pharisaeos,
547 2179 724 2255 praemissu
741 2196 836 2241 versu
851 2175 880 2243 8.
897 2179 935 2240 od
950 2176 1042 2241 initio
1057 2169 1123 2240 non
1136 2176 1201 2259 sarit
1212 2177 1259 2250 sic,

159 2276 267 2340 statim
290 2276 399 2339 subdit
420 2296 450 2339 r.
472 2275 501 2343 9.
527 2298 543 2337 a
567 2277 725 2342 Posthoc
746 2290 855 2341 autem
879 2277 1034 2348 Dominus
1049 2265 1122 2342 'non
1144 2280 1260 2359 permit·

163 2379 201 2441 tit
223 2388 358 2458 propter
382 2377 478 2441 aliam
499 2379 642 2459 aliquam
665 2380 794 2460 cuipam
827 2399 964 2443 uxorem
997 2380 1183 2456 dimittere,
1214 2380 1262 2442 nisi

163 2491 299 2560 propter
321 2479 424 2541 sotum
445 2497 575 2542 causam
599 2479 839 2556 fornicationis,
862 2481 991 2542 dicens:
1014 2479 1205 2560 quicumque
1223 2477 1262 2542 di·

159 2579 279 2642 miserit
300 2598 443 2655 oaorem,
466 2590 592 2660 eccepto
611 2579 837 2662 fornicationis
857 2599 979 2655 causa,
999 2578 1081 2660 facit
1102 2601 1169 2644 corn
1196 2600 1262 2655 moe·

159 2680 263 2743 citari.
285 2702 301 2739 o
327 2681 366 2744 Et
386 2700 486 2762 super
507 2683 586 2745 hacc
610 2681 708 2745 verbu
731 2682 1039 2761 perpendendam,
1066 2692 1149 2762 quot
1173 2681 1261 2744 modis

161 2784 375 2862 intelligatur,
394 2784 512 2864 quibus
536 2787 585 2847 sir
607 2784 770 2846 moechari
795 2784 891 2846 iaciat
913 2800 1076 2862 uxorem3
1100 2784 1178 2864 quin
1199 2783 1265 2845 aite-

160 2885 229 2948 rios
250 2886 365 2946 intrusi
391 2885 559 2947 testimonii
581 2902 709 2946 sensuro
725 2887 901 2963 exprimat:
920 2883 1106 2961 etamplius
1121 2892 1264 2954 statuens,

160 2983 218 3047 etsi
240 3002 257 3045 a
283 2985 353 3047 viro
376 2986 476 3068 ejecta
501 3002 605 3049 uxore
627 2984 669 3047 ub
691 2985 772 3046 itanc
792 2994 825 3046 et
846 2984 925 3046 aiios
948 3004 1086 3057 causas,
1111 2995 1213 3047 tamen
1233 2999 1262 3046 ca

159 3088 226 3167 ipsa
249 3087 398 3161 vivente,
423 3087 574 3148 maritum
597 3085 744 3147 absolute
766 3083 952 3148 adulterum
976 3085 1112 3160 haberi,
1140 3087 1166 3148 si
1194 3085 1263 3145 nite·

160 3204 229 3250 ram
251 3186 394 3264 duxerit.
418 3184 508 3252 Unde
539 3187 751 3267 consequitur
781 3186 982 3266 ignorantia,
1011 3186 1061 3248 sei
1093 3196 1124 3248 et
1155 3187 1264 3249 matitia

157 3288 327 3369 cujusdam
350 3290 564 3361 amanuensis,
585 3288 641 3367 qui
663 3286 825 3349 deiectum
850 3287 1022 3348 testimonii
1046 3285 1204 3349 Matthaei
1223 3303 1263 3347 sc·

156 3389 298 3453 cutsdum
323 3389 509 3452 hodiernam
532 3388 702 3451 lectionem
724 3389 754 3450 in
778 3389 1010 3449 commentario
1025 3385 1178 3465 Origenis
1201 3401 1265 3464 sup·

157 3489 246 3569 piene
269 3488 406 3567 putavit,
430 3488 551 3551 iurtive
566 3485 758 3549 introductis
780 3487 809 3547 in
831 3488 1008 3549 versionem
1032 3487 1165 3549 latinam
1189 3506 1264 3550 cour·

158 3591 323 3665 maniarii,
355 3608 439 3670 quae
464 3597 587 3652 veteres
616 3587 797 3651 Biblioruru
827 3588 952 3651 codices
982 3589 1091 3666 graeci
1121 3597 1154 3650 et
1183 3583 1262 3648 iatini

159 3691 276 3753 merito
297 3690 596 3769 praetermiserunt.

237 3787 373 3853 Densum
395 3795 511 3852 cuncta
531 3789 649 3851 librata
671 3785 852 3851 adamantii
876 3787 905 3848 in
929 3786 989 3849 hoc
1009 3785 1085 3850 inco
1108 3784 1265 3849 discussio·

157 3909 196 3954 ne
228 3890 364 3971 ejusque
386 3878 609 3969 pervestigatis
636 3887 748 3963 libris,
772 3881 1002 3962 conciuditur,
1026 3889 1131 3967 ipsum
1159 3881 1263 3949 nuiiibi

160 3992 272 4053 citasse
297 3988 451 4052 Matthaei
476 3988 691 4052 testimonium
714 4005 741 4049 c.
765 3985 852 4050 xix.
867 3985 897 4054 9.
913 3988 1091 4051 secundum
1110 3987 1263 4066 vuigatam

162 4092 358 4155 editionemx
380 4089 569 4171 quietemque
589 4086 742 4152 dimiserit
762 4106 893 4150 acorem
914 4106 1021 4162 suam,
1036 4086 1105 4150 nisi
1124 4086 1161 4149 ot
1175 4079 1265 4168 sorni·

160 4193 329 4267 cntionem,
349 4200 378 4255 ct
398 4189 495 4254 otiam
517 4189 663 4271 duxerit,
684 4188 883 4264 moechamur,-
905 4189 1010 4269 etqui
1030 4188 1196 4254 discissam
1215 4185 1263 4245 dt·
