2886 4784
164 330 207 400 96

157 431 349 514 praesertim
371 431 459 511 qnod
482 432 525 494 ita
547 431 648 507 illusi,
672 432 823 495 novitatis
843 430 966 511 eupldl,
996 431 1150 512 superbia
1172 430 1270 509 elati,
1304 471 1310 487 =

158 553 221 597 uon
243 533 393 612 discipuli
416 551 582 608 errorum,
604 533 659 596 sed
676 535 819 613 magistri
838 535 947 595 vocari
964 534 1063 614 vulgo
1078 533 1271 611 ademerint,

157 637 353 717 quibusdam
375 637 548 699 subtractis
572 630 622 696 vel
644 637 759 698 additis
781 637 821 696 ab
852 634 995 698 aliorum
1028 637 1272 700 baereticorum

158 739 386 817 opinionibus,
416 736 551 799 dirersis
580 738 765 799 nominibus·
784 747 1034 814 nuncupantur:
1062 739 1273 816 quemadmo-

158 839 237 900 dum
260 837 383 901 Noetns
404 846 436 900 et
458 837 562 900 trater
583 838 678 918 ejus,
699 836 960 922 alterMoyses,
982 839 1067 902 alter
1101 838 1216 902 Aaron
1235 857 1274 902 ex

159 949 368 1020 praesumpta
389 941 546 1020 sapientia
570 942 772 1002 dicebantur.
851 990 853 994 .

240 1039 291 1101 Ab
313 1039 361 1102 bis
382 1040 494 1119 itaquo
514 1042 845 1103 animadversionibus
873 1040 1090 1103 concludatur
1117 1039 1272 1105 adsersus

34 1206 37 1212 ,
159 1140 379 1222 Anonymum,
395 1143 536 1220 primum
557 1161 582 1205 s.
605 1140 824 1225 zephyrinum
843 1140 961 1220 Papam
977 1159 1040 1204 unu
1057 1141 1270 1217 adsertorem,

159 1242 214 1303 sed
239 1242 455 1305 refutaturam
478 1241 576 1305 luisse
598 1245 713 1323 impiae
734 1241 892 1304 Theodoti
913 1242 1270 1320 doctrinae.‘Secnudn,

159 1338 301 1406 Ncetnm
323 1344 491 1406 continnae
520 1344 697 1407 haereseos
723 1345 900 1423 principem
932 1361 995 1406 non
1023 1352 1097 1405 ante
1125 1362 1179 1407 an.
1202 1343 1268 1411 245.

158 1461 256 1506 sunm
279 1462 473 1523 propagasse
493 1463 661 1508 errorem:
685 1465 743 1507 nee
764 1446 836 1507 ideo
858 1444 1041 1519 Callistum,
1057 1463 1155 1524 quem
1170 1444 1270 1509 Theo·

158 1545 292 1608 doretus
314 1548 389 1609 dicit
412 1543 483 1627 post
504 1547 710 1622 Cleomenem
731 1557 763 1610 et
790 1545 972 1628 Epigonum
998 1545 1094 1609 Nosti
1123 1566 1270 1628 compro·

160 1645 250 1709 basso
273 1647 444 1721 haeresim,
468 1649 625 1711 ullimode
645 1649 832 1712 sociandum
854 1667 935 1723 esse,
957 1666 1015 1710 nec
1036 1648 1189 1712 eumdem
1218 1649 1271 1713 ha·

160 1748 227 1810 beri
249 1766 288 1810 ac
308 1746 479 1812 Callistum
505 1749 620 1828 Papam
632 1770 644 1830 3
668 1751 869 1830 proindeque
901 1768 1014 1812 errare
1035 1749 1266 1835 Anonymum,

160 1849 216 1927 qni
238 1849 334 1910 aliter
354 1851 532 1911 arbitratus
554 1859 622 1912 est:
646 1869 685 1912 ac
705 1851 803 1912 simul
827 1867 996 1930 perperam
1019 1851 1168 1926 adstrui,
1195 1849 1269 1932 Hip·

160 1948 314 2032 polyturu
331 1949 371 2009 ab
394 1949 535 2013 Eusebio
567 1960 808 2026 memoratum,
831 1952 962 2014 doctum
989 1961 1022 2014 ct
1048 1953 1269 2018 orthodoxum

162 2050 268 2111 virum
292 2048 414 2113 Romae
435 2051 635 2120 contendisse
657 2070 731 2114 cum
754 2049 937 2138 Zephyrion
952 2062 985 2116 et
999 2053 1150 2130 Callisto,
1166 2062 1200 2118 et
1213 2055 1269 2121 bn·

156 2150 211 2232 jus
232 2152 380 2229 ignobilis
402 2159 434 2213 et
456 2150 569 2214 lamosi
592 2148 707 2214 Libelli
730 2153 842 2216 haberi
864 2162 1044 2218 auctorem.
1069 2153 1167 2230 Quod
1189 2156 1268 2221 inlra

162 2251 378 2328 abundantius
400 2251 540 2332 patefiet.
