2886 4784
156 475 213 553 qui
235 493 285 535 cr.
312 493 340 552 g.
366 474 521 536 rationem
544 471 667 533 animae
690 474 849 535 humanae
872 473 1044 555 exquirat:
1068 491 1144 536 cum
1166 474 1205 537 de
1221 493 1266 552 ea,

157 594 263 654 neque
285 574 371 654 quod
396 593 436 635 er
458 575 586 635 seminis
608 572 742 636 traduce
764 575 918 651 ducatur,
937 596 1042 657 neque
1066 577 1153 655 quod
1178 579 1272 640 bono·

161 677 296 738 rabilior
316 684 348 737 et
370 676 534 754 antiquior
555 690 731 752 corporum
755 693 931 755 compage,
960 676 1132 739 tradiderit
1163 679 1272 757 regula

159 779 398 852 ecclesiastien3
422 784 556 855 propter
576 777 663 853 quod
683 777 776 839 multi
792 795 850 839 uec
865 778 1141 855 comprehendere
1164 789 1274 858 potue·

161 888 264 952 runt,
291 879 435 956 qualiter
463 879 574 939 sentiri
607 888 776 957 oporteret
806 877 845 938 de
876 880 1000 939 animae
1033 880 1211 940 ratione.»
1242 879 1273 942 ln

161 979 279 1060 quibus
301 979 393 1040 dictis
415 996 478 1039 non
505 996 597 1040 suam
629 978 683 1040 scd
716 978 857 1039 aliorum
888 978 1046 1056 expressit
1067 980 1273 1057 opinionem,

160 1082 252 1162 quasi
276 1082 410 1142 diceret:
434 1098 508 1142 cum
531 1081 610 1141 nihil
632 1079 800 1143 delinitum
822 1082 862 1143 sit
879 1081 918 1141 de
933 1083 1037 1142 anima
1054 1081 1095 1142 ab
1112 1079 1275 1146 Ecclesiae

161 1184 345 1256 traditione,
370 1182 568 1259 disputatur,
593 1199 669 1243 num
693 1190 728 1242 ut
752 1181 936 1243 haereticus
966 1183 1193 1261 corripiendus
1216 1184 1275 1259 sit,

160 1286 261 1365 siquis
284 1290 406 1346 asserat
430 1283 480 1345 rel
503 1303 544 1345 ex
568 1283 702 1345 traduce
724 1286 863 1344 animam
887 1285 1071 1364 propagari,
1089 1293 1148 1348 aut
1162 1303 1277 1366 corpo·

162 1387 206 1450 ris
228 1385 425 1467 praecedere
446 1386 606 1464 compagi.

242 1485 365 1559 Tertio,
389 1495 558 1566 postquam
579 1485 765 1567 Pamphilus
780 1486 996 1566 quorumdam
1015 1489 1179 1551 recensuit
1192 1489 1277 1554 illins

163 1589 277 1650 aetatis
299 1586 469 1650 sententias
492 1587 575 1648 iuter
595 1605 629 1649 se
654 1588 757 1648 varias
789 1589 873 1650 circa
907 1591 1032 1651 animae
1061 1592 1276 1669 principium,

161 1691 261 1769 ipsius
283 1689 439 1765 Origenes
461 1688 641 1765 opinionem
665 1690 706 1749 ite
731 1691 919 1753 concludite
944 1711 960 1749 u
983 1688 1053 1770 Ipse
1076 1700 1184 1754 antem
1205 1693 1280 1774 sute-

163 1802 218 1853 tur
238 1788 339 1852 unius
359 1787 553 1851 substantioe
574 1808 636 1850 esse
658 1807 761 1851 omnes
783 1789 930 1866 animus,
961 1801 990 1853 et
1018 1791 1215 1855 immortales
1243 1813 1279 1858 oc

160 1892 378 1968 rationabiles,
402 1892 493 1956 libori
513 1889 642 1954 arbitrii
663 1901 690 1953 ct
710 1892 908 1956 coluntotier
930 1891 1129 1976 judicandos
1157 1915 1281 1978 quoque

161 2013 225 2058 esse
241 2012 303 2074 pro
324 1993 395 2070 his,
418 2011 499 2072 qnae
519 1991 555 2054 in
576 1993 635 2054 hoc
655 1991 724 2056 cito
743 2003 925 2072 pensorum
946 2004 1136 2060 scertamen
1157 2018 1212 2062 ens
1232 1999 1281 2080 sn·

160 2106 227 2162 ctos
247 2118 268 2160 o
290 2095 363 2170 Deo,
386 2093 444 2177 qni
464 2093 613 2158 uniuerso
635 2092 756 2156 creavit
775 2104 803 2154 et
823 2094 975 2158 condidit.
999 2097 1070 2172 Qus
1091 2096 1279 2162 definitione

161 2199 276 2261 sedulo
297 2215 451 2277 expensa,
479 2215 553 2259 cunr
576 2199 621 2258 ait
643 2197 763 2257 animas
786 2197 959 2259 rationales
980 2217 997 2260 a
1022 2198 1089 2261 ileo
1113 2200 1230 2276 lactas,
1252 2207 1282 2264 et

161 2300 349 2382 judicandas
373 2318 432 2379 pro
456 2299 526 2367 his,
551 2298 688 2376 quaein
712 2298 771 2358 hac
795 2299 857 2358 vita
881 2308 1061 2377 gesserunt,
1086 2301 1283 2366 excluditur

160 2404 305 2465 anterior
325 2417 438 2462 earum
457 2400 533 2473 rita,
550 2416 647 2478 quam
671 2417 711 2460 ex
737 2397 868 2460 Plutone
891 2402 921 2462 in
944 2401 1026 2462 coeli
1047 2400 1216 2478 opsidibus
1235 2407 1281 2468 ri·

160 2503 289 2580 veban13
305 2510 336 2564 et
354 2502 407 2562 ubi
430 2519 471 2562 ex
493 2519 552 2563 suo
573 2499 648 2580 jura
665 2499 767 2561 libere
790 2500 1021 2578 operabantur,
1040 2501 1234 2582 priusquam
1251 2504 1282 2567 in

161 2606 222 2668 boc
244 2602 473 2665 descenderent
495 2620 623 2663 aevum.
641 2600 722 2664 Cum
740 2602 839 2680 igitur
862 2604 902 2662 ita
928 2611 1064 2665 testetur
1087 2603 1281 2684 Pamphilus

159 2706 199 2768 de
221 2703 368 2783 Origeuis
390 2705 564 2782 opinione,
585 2708 716 2768 eruitur
737 2722 794 2766 noc
817 2703 909 2765 illum
932 2705 1131 2783 platonicum
1158 2706 1278 2785 dogma

163 2808 203 2869 de
232 2807 414 2868 animarum
450 2807 698 2884 praeexistentia
730 2813 969 2883 propugnatum
999 2807 1113 2883 legisse
1135 2808 1166 2868 in
1190 2808 1282 2872 istius

161 2909 275 2984 libris3
300 2924 356 2968 nec
378 2905 449 2969 ideo
473 2908 589 2970 merito
612 2908 714 2970 eidem
738 2909 778 2967 ab
800 2906 993 2968 adversariis
1016 2906 1208 2985 hujusmodi
1237 2910 1282 2970 in·

162 3008 318 3086 scriptum
341 3026 408 3069 esse
433 3026 591 3069 errorem.

242 3108 288 3171 lta
312 3128 411 3189 porro
432 3111 638 3172 statuendum
661 3129 729 3174 esse
752 3112 790 3173 de
812 3113 965 3190 Origene,
982 3107 1207 3188 suffragantur
1224 3129 1280 3173 no·

164 3209 211 3270 bis
232 3227 316 3289 quae
336 3210 448 3273 scribit
469 3212 499 3270 in
532 3207 633 3272 Tomo
657 3208 709 3272 Vl.
733 3230 762 3272 n.
786 3210 815 3275 7.
840 3210 878 3273 In
899 3207 1054 3271 Joonncm
1077 3228 1117 3272 ex
1144 3210 1277 3284 verbis,

163 3308 255 3374 Elius
276 3330 307 3373 es
329 3308 392 3375 tn?
414 3321 483 3373 etc:
509 3332 525 3370 u
550 3310 727 3391 Praecipue
751 3322 948 3393 vernatque
970 3311 1035 3373 alio
1059 3321 1209 3389 tempore
1236 3312 1284 3373 in·

81 3494 85 3501 Ι
165 3412 320 3491 quirenda
347 3420 394 3474 est
419 3413 616 3491 diligentius,
640 3423 671 3475 et
695 3414 816 3477 diutius
838 3413 1014 3492 indaganda
1042 3415 1125 3474 ratio
1147 3413 1189 3476 de
1210 3413 1287 3476 sub·

165 3515 279 3576 stantia
303 3513 449 3586 animae,
474 3514 578 3592 deque
602 3515 759 3593 principio
782 3515 985 3577 formationis
1015 3514 1085 3592 ejus
1115 3520 1217 3592 atque
1238 3513 1283 3576 in·

166 3631 277 3694 gressu
312 3617 411 3693 ipsius
446 3615 476 3676 in
511 3615 572 3677 boc
601 3634 721 3693 corpus
752 3625 907 3677 terreum.
934 3612 1153 3692 indagandum
1189 3616 1288 3678 etiam

167 3715 242 3795 quid
268 3715 447 3796 injunctum
469 3716 509 3777 sit
533 3717 615 3777 vitae
639 3716 896 3795 uniuscujusque
920 3717 1044 3776 animae
1066 3724 1165 3794 atque
1190 3716 1232 3778 de
1253 3735 1287 3778 e·

161 3813 216 3895 jus
240 3834 369 3879 recessu
391 3835 432 3879 ex
454 3816 601 3880 haesita
626 3861 633 3878 .
659 3861 666 3877 .
693 3861 700 3877 .
726 3863 733 3879 .
760 3815 794 3878 lu
817 3817 936 3896 quibus
959 3817 1141 3878 necessario
1164 3834 1288 3895 ponen-

165 3917 225 3977 dae
248 3925 344 3980 ernnt
369 3919 507 3980 rationes
529 3935 658 3991 eorum,
681 3917 736 3995 qui
762 3918 876 3979 volunt
898 3936 938 3979 ex
961 3917 1213 3993 scripturarum
1229 3934 1288 3979 au·

164 4019 327 4095 ctoritate,
351 4028 388 4082 ut
410 4021 515 4081 anima
537 4018 633 4081 simul
656 4036 730 4079 cum
753 4036 892 4097 corpore
922 4019 1121 4088 seminetur,
1145 4026 1178 4079 et
1201 4036 1289 4097 quae

163 4125 348 4198 sequuntur
369 4122 464 4198 ipsas.
491 4117 530 4181 Et
553 4125 589 4181 ut
610 4117 710 4181 semel
732 4119 849 4195 dicam,
872 4119 978 4181 oratio
1001 4118 1040 4179 de
1069 4118 1202 4192 anima,
1234 4137 1288 4180 co·

165 4219 252 4301 piosa
275 4222 410 4302 alioqui,
434 4231 465 4286 et
485 4220 525 4284 ed
548 4220 825 4300 interpretandum
848 4219 998 4298 difficilis,
1015 4219 1039 4282 si
1064 4218 1289 4301 undequaque
