2886 4784
1277 311 1298 380 1

645 414 784 485 CAPUT
808 416 833 480 l.

149 620 362 699 doceamus
382 615 418 680 in
442 614 553 696 Operis
581 618 676 680 titulo
702 630 731 681 et
757 620 794 682 ie
818 620 953 699 Prolopo
981 639 1092 710 comen
1120 621 1295 700 suffuratus

215 743 241 785 e.
267 717 395 784 Irsaass‘
419 717 558 799 episcopi
569 763 582 794 ,
604 721 766 801 proposito
796 721 949 785 mentitur
977 732 1043 784 tona
1069 720 1106 783 tn
1130 721 1294 784 bonosum

211 821 350 885 bistonio
369 839 469 900 ,quom
489 820 526 882 iu
547 823 729 884 eurumdem
747 820 974 901 contutatione.

155 1064 348 1197 Auctor,
380 1125 476 1191 titulo
511 1129 686 1202 praemisso
710 1125 1016 1205 Philosophorum,
1039 1146 1097 1190 seu
1118 1119 1204 1195 κατὰ
1226 1148 1308 1217 ttat·⁴

158 1222 244 1293 «σῶν
264 1220 415 1326 αἱρέσεων
434 1222 565 1319 ἔλεγχος
582 1225 722 1292 omnium
742 1229 902 1292 haeresum
916 1225 1116 1307 idonsutatio,
1134 1233 1176 1293 ita
1196 1249 1294 1295 exor-

164 1329 284 1392 ditur:
312 1351 329 1390 s
352 1329 485 1394 Nullam
507 1333 651 1396 tabulam
675 1352 803 1408 eorum,
825 1335 882 1412 qui
896 1333 982 1413 apud
999 1351 1132 1412 graecos
1147 1333 1293 1396 celebra·

170 1434 194 1492 tl
218 1429 357 1493 fuerunt
378 1434 638 1508 praetermittere
658 1443 798 1513 oportet.
815 1431 897 1496 Nam
913 1442 946 1494 et
959 1434 1026 1510 ipsa
1042 1434 1176 1497 illorum
1193 1433 1292 1511 placi·

172 1537 218 1607 ta,
242 1549 330 1610 quae
351 1535 527 1595 consistere
548 1543 726 1613 nequeunt,
744 1552 803 1614 pro
825 1534 1033 1596 credibilibus
1054 1534 1199 1596 babendo
1220 1552 1294 1612 pro·

175 1638 250 1709 pter
271 1633 444 1695 immanem
467 1633 707 1698 baereticorum
728 1636 905 1696 insaniam:
927 1638 984 1715 qui
1014 1636 1168 1714 quoniam
1196 1636 1293 1698 silent

174 1739 203 1794 et
223 1732 356 1794 inianda
376 1751 436 1796 sua
460 1736 611 1815 mysteria
634 1734 857 1809 abscondunt,
880 1752 899 1796 a
922 1736 1032 1798 multis
1050 1734 1187 1815 iudicati
1219 1735 1289 1797 ine·
1313 1811 1316 1814 A

175 1844 251 1895 rnnt
271 1831 377 1896 Deum
399 1834 519 1898 colere.
544 1833 696 1910 Quorum
716 1836 853 1898 strictim
874 1837 1085 1916 exposuimus
1105 1837 1183 1898 olim
1217 1838 1288 1914 opi-

175 1933 294 2007 niones,
311 1951 373 1996 non
389 1953 441 1997 eas
457 1935 711 1999 demonstrantes
724 1935 900 2008 subtiliter,
915 1937 970 1999 sed
986 1937 1135 2015 pinguius
1151 1946 1183 1999 et
1197 1920 1284 2000 c'ras·

176 2033 239 2096 sius
261 2033 494 2112 redarguentes
506 2054 517 2112 3
540 2054 642 2114 quum
664 2053 784 2114 operae
806 2037 945 2114 pretium
968 2054 1036 2097 esse
1063 2036 1206 2097 nondum
1232 2053 1291 2114 pu·

177 2141 320 2197 taremns
341 2134 476 2197 illorum
500 2153 618 2199 arcana
641 2137 672 2197 in
693 2138 801 2199 lucem
825 2136 1017 2215 protrahere
1033 2154 1071 2198 eo
1087 2137 1235 2209 consilio,
1253 2143 1291 2199 ut

175 2249 275 2312 quum
297 2252 355 2296 uos
376 2251 435 2313 per
456 2237 636 2314 aenigmata
660 2238 923 2316 exposuissemus
944 2237 1061 2314 placita
1084 2237 1182 2316 ipsis,
1213 2252 1290 2298 eru·

176 2332 338 2396 bescentes
361 2352 400 2396 ne
423 2335 560 2398 tortasse
581 2338 678 2399 etiam
704 2336 849 2414 ipsorum
872 2351 990 2396 arcana
1013 2333 1124 2407 eliati,
1156 2334 1285 2396 demon·

173 2441 352 2497 straremus
373 2453 441 2498 esse
464 2436 603 2511 atheos,
626 2454 643 2496 a
666 2437 830 2499 contraria
852 2438 969 2499 rationi
999 2437 1154 2498 sententia
1179 2433 1287 2512 protae

174 2551 280 2613 noque
302 2535 475 2613 paululum
496 2536 687 2600 desisterent
707 2540 864 2600 instituto.
883 2537 944 2602 Sed
966 2538 1119 2616 quoniam
1142 2533 1285 2597 animad-

175 2644 267 2696 verto
290 2637 455 2715 aequitate
476 2645 519 2697 et*
530 2637 685 2699 modestia
708 2647 816 2700 nostra
832 2638 912 2699 nibil
927 2656 982 2700 eos
997 2638 1210 2708 commoveri,
1226 2653 1287 2698 nec

172 2734 380 2798 considerare
400 2737 676 2815 quemadmodum
699 2735 784 2800 Deus
807 2742 966 2815 patienter
984 2738 1137 2812 obduret,
1154 2736 1286 2826 nefariis

171 2847 230 2910 per
250 2850 307 2897 eos
326 2832 490 2899 laceratus
511 2836 677 2910 dicteriis,
705 2847 741 2901 ut
758 2845 827 2917 ,ant
850 2837 975 2914 pudore
996 2836 1110 2899 salinsi
1141 2836 1285 2897 animum

171 2939 320 3010 mutent;
349 2943 408 2997 aut
435 2936 594 2999 obstinate
615 2937 821 3014 persistentes
840 2935 929 3016 justo
954 2936 1171 3016 subjiciantur
1198 2934 1286 3015 judi·

169 3032 233 3106 cio,
256 3035 447 3112 compulsus
468 3037 611 3116 procedo
633 3038 672 3099 ad
695 3055 813 3099 arcana
835 3038 969 3101 illorum
999 3037 1151 3115 mysteria
1184 3035 1285 3097 denn-

168 3132 272 3197 dauda
285 3154 298 3212 ς
320 3140 418 3214 quae,
441 3155 516 3201 cum
541 3156 654 3216 magna
676 3137 749 3200 lidei
772 3139 992 3215 persuasione,
1005 3137 1070 3199 illis
1086 3138 1142 3217 qui
1158 3137 1284 3198 initian·

155 3241 226 3298 >tur
247 3235 400 3315 tradunt3
424 3255 486 3299 non
507 3249 580 3303 ante
601 3240 838 3300 committentes
860 3239 1012 3316 cuiquam
1036 3237 1105 3306 iila,
1134 3236 1191 3296 nisi
1213 3252 1283 3299 sus·

168 3350 268 3411 penso
289 3335 456 3400 detentum
477 3337 666 3416 aliquandiu
688 3339 794 3403 animo
814 3336 980 3399 serviliter
1013 3335 1226 3414 subegerint,
1249 3341 1283 3395 et

167 3435 441 3499 contumeliosum
463 3454 539 3515 erga
565 3455 679 3499 verum
701 3435 804 3500 Deum
828 3436 1049 3513 reddiderint;
1070 3443 1104 3498 et
1131 3451 1205 3498 eum
1237 3434 1282 3495 vi·

146 3531 275 3596 derint
296 3552 373 3617 prae
395 3539 585 3599 curiositate
608 3539 788 3600 vehementi
804 3537 965 3600 desiderio
981 3537 1027 3599 rei
1045 3537 1221 3614 promissae
1238 3542 1283 3596 te-

164 3635 237 3698 neri
248 3654 261 3713 3
284 3635 424 3715 deniquo
446 3637 654 3716 exploratum
678 3637 829 3711 babentes
850 3655 925 3701 eum
942 3638 1064 3716 peccati
1082 3635 1218 3699 vinculis
1233 3655 1281 3697 es·

163 3752 201 3797 se
219 3738 457 3814 constrictum,
480 3739 732 3805 inconsontiam
760 3738 964 3813 adsciscunt,
987 3754 1146 3801 summam
1180 3734 1282 3800 malo·

165 3851 241 3896 rum
263 3836 499 3914 perlectionem
523 3839 696 3901 tradentes.

246 3955 264 3997 a
287 3934 403 4018 Neque
425 3947 530 4001 tamen
554 3940 618 4002 buc
639 3939 828 4014 deveniunt,
851 3939 1041 4019 priusquam
1064 3931 1278 4017 iurisiurandi

163 4032 298 4116 iusuper
319 4037 383 4102 tide
404 4039 637 4105 obstrinxerint
658 4059 692 4106 se
714 4041 921 4120 prolaturum
947 4040 1149 4118 neutiquam,
1176 4050 1280 4111 neque
1404 4117 1405 4121 Ἰ

161 4135 298 4204 cuilibet
319 4142 662 4216 communicaturum,
691 4141 926 4207 etstueamdem
952 4138 1110 4205 subierint
1139 4135 1279 4199 servitu-

1064 4237 1083 4302 1
