2886 4784
263 327 325 394 15⁵2

261 432 327 492 bris
349 438 406 493 aut
430 446 470 491 ex
504 427 635 491 Patrurn
669 430 839 492 traditione
867 450 940 492 suas
973 431 1157 494 roborarint
1187 432 1383 512 opiniones,

261 531 454 611 praesertim
477 530 507 592 in
532 539 670 592 tractatu
694 532 732 592 de
755 529 822 592 [leo
844 543 875 592 et
892 532 930 592 de
948 541 1035 594 recto
1052 535 1223 595 creationis
1241 535 1361 596 ordine
1372 555 1384 614 3

261 641 294 694 et
316 633 390 694 hinc
412 650 485 693 cum
512 630 679 694 rideretur
700 634 710 708 t
722 631 898 694 dummodo
913 635 1133 696 consentanius
1148 635 1210 706 sihi
1228 655 1302 698 esso
1321 637 1388 696 vel·

260 733 307 794 let
328 742 358 792 et
381 734 411 792 in
441 730 578 793 exordio
611 733 812 808 praemissis)
845 742 993 794 cunctam
1026 751 1119 795 suam
1142 738 1386 799 tractationem

260 832 422 897 conficere
445 834 592 894 debuisse
621 837 779 895 mosaicae
795 836 1025 913 'cosmologiae
1049 854 1187 910 vacans,
1211 855 1272 916 pet·
1302 839 1386 900 hauc

261 935 449 999 convellens
472 935 568 996 ialsas
591 935 860 1013 philosophorum
884 944 915 996 et
938 937 1178 999 haereticorum
1202 941 1382 1012 doctrinas,

264 1047 369 1099 tamen
382 1036 513 1098 tatettit.
531 1034 700 1097 Debuisset
716 1037 812 1108 enim,
829 1039 973 1116 inquam,
992 1039 1175 1108 errantibus
1190 1058 1384 1116 supremum

262 1137 320 1200 net
344 1138 562 1199 testimonium
585 1137 750 1216 objicere:
773 1138 807 1200 in
825 1135 988 1216 principio
1008 1137 1127 1201 meavit
1147 1138 1232 1202 Deua
1264 1142 1385 1203 coelunt

259 1248 288 1300 et
307 1248 451 1302 terram:
474 1257 510 1300 ac
533 1238 646 1300 deinde
668 1258 810 1317 expenso
826 1249 1052 1302 creaturarum
1064 1243 1183 1303 ordine
1196 1244 1381 1306 secundnm

261 1341 450 1421 Scripturas
473 1343 725 1414 enarrationem,
740 1342 895 1405 subdere.
917 1351 945 1405 et
958 1341 1042 1406 cidit
1057 1342 1140 1408 neus
1156 1354 1289 1422 cuncta,
1304 1365 1385 1427 puna

260 1444 395 1523 fecerat,
415 1452 442 1504 et
463 1457 555 1504 erant
575 1444 668 1504 valde
688 1443 778 1506 hona
1359 1501 1362 1505 .

341 1545 491 1607 Attamen
506 1546 592 1618 dico,
605 1547 711 1607 nescio
723 1563 841 1625 quare,
851 1563 1010 1608 summam
1024 1546 1070 1609 rei
1084 1548 1317 1624 praetermisit,
1331 1551 1384 1614 cni
1423 1550 1433 1556 '

262 1647 441 1709 vacandum
465 1648 605 1709 maxime
626 1646 685 1708 sihi
709 1657 791 1722 erat,
815 1667 854 1709 es
878 1647 1040 1711 Genesa'os
1063 1645 1162 1709 Libro
1177 1649 1327 1726 petitam:
1343 1669 1381 1715 ac

260 1750 368 1826 potins
390 1767 525 1824 graecae
548 1749 771 1829 philosophiae
796 1751 926 1812 vanitati
942 1751 1099 1823 adhaesit,
1115 1767 1215 1828 quam
1231 1749 1380 1832 Scriptu-

261 1867 318 1911 raa
343 1850 481 1911 veritati.
505 1849 604 1914 Secus
629 1867 706 1910 vero
728 1850 802 1911 dicti
828 1849 938 1912 Patres
960 1858 1098 1927 egerunt
1119 1849 1159 1910 ab
1183 1851 1378 1932 Anonymo3

261 1969 403 2030 quornm
427 1969 489 2012 non
511 1959 571 2023 cst,
595 1960 632 2013 ut
652 1952 706 2014 hic
728 1952 938 2030 proterantur
960 1952 1198 2029 expositiones,
1228 1973 1306 2017 cnm
1338 1956 1381 2017 le·

260 2053 405 2115 ctorihns
429 2061 535 2130 pateat
558 2052 664 2114 aditus
686 2053 830 2130 ipsorum
853 2054 1065 2131 percurrendi
1094 2051 1376 2137 Commentarios3

262 2155 317 2217 ubi
341 2153 392 2216 vel
414 2173 454 2216 ex
478 2154 635 2233 professo,
661 2154 711 2215 vel
726 2154 833 2216 obiter
847 2155 1004 2215 adversus
1020 2172 1151 2232 graecos
1168 2156 1379 2236 philosophos

260 2257 471 2330 institerunt,
495 2256 600 2317 divina
626 2255 722 2316 verha
745 2254 784 2318 de
807 2257 916 2316 mundi
939 2257 1101 2317 creatione
1124 2259 1256 2320 incertis
1278 2259 1382 2322 salsis·

263 2375 301 2417 ve
323 2357 526 2418 ethnicorum
550 2355 753 2434 opinionibus
774 2356 1003 2434 praeferentes.
1021 2355 1242 2421 Conferantur
1257 2357 1380 2439 Hippo·

262 2454 345 2534 lyti,
369 2463 401 2516 et
422 2452 593 2532 Origenis,
615 2473 699 2532 quae
721 2465 917 2534 supersunt,
949 2456 1126 2534 fragmenta
1154 2461 1184 2519 in
1206 2456 1380 2534 Genesim,

262 2575 412 2636 quaeque
435 2556 565 2618 discutit
586 2553 809 2618 Tertullianus
831 2568 941 2619 contra
967 2557 1219 2636 hermogenem..

341 2655 572 2719 Verumtamen
593 2659 633 2719 ad
650 2661 809 2734 potiorem
832 2661 1013 2736 argumenti
1036 2661 1298 2736 expeditionem,
1315 2663 1375 2724 sin·

258 2760 396 2839 gillatim
430 2760 645 2821 discutiantur
668 2759 826 2842 Anonymi
860 2761 955 2821 dicta.
981 2760 1014 2820 lu
1037 2762 1141 2838 primo
1174 2761 1249 2823 loco
1271 2781 1303 2823 u.
1325 2759 1374 2826 32.

256 2861 365 2923 ntundi
388 2864 584 2924 creationem
606 2864 723 2940 repetit
744 2863 891 2924 absolute
908 2882 947 2925 ex
965 2881 1079 2940 graeca
1104 2864 1326 2944 philosophia,
1343 2873 1373 2927 et

261 2963 292 3022 in
315 2963 420 3033 altero
442 2963 517 3024 loco
539 2982 568 3024 n.
590 2959 643 3025 33.
664 2964 875 3024 commiscens
895 2981 985 3024 sacra
1010 2965 1198 3043 prophanis,
1212 2968 1282 3027 sihi
1307 2984 1379 3029 con·

259 3063 397 3137 tradicit,
420 3072 452 3125 et
475 3065 687 3142 blasphemat.
711 3064 812 3126 Antea
837 3064 930 3136 dixit,
955 3063 1056 3127 [lcum
1082 3083 1205 3138 unum,
1229 3067 1374 3128 omnium

256 3173 436 3225 creatorem
460 3174 491 3226 et
514 3163 699 3238 Dominum,
724 3167 858 3226 excluso
880 3162 1001 3239 Verbo,
1024 3167 1107 3226 entia
1133 3165 1269 3237 iecisse,
1294 3184 1377 3245 quae

257 3274 348 3326 antea
368 3284 430 3327 non
447 3277 536 3326 erant
546 3285 556 3342 3
581 3266 659 3327 idest
682 3277 826 3343 quatuor
842 3267 995 3345 principia
1013 3267 1102 3342 prius
1116 3284 1256 3338 creasse,
1274 3266 1377 3345 iguem

259 3385 382 3440 aerem,
406 3384 523 3444 aquarn
546 3379 584 3428 et>
600 3378 734 3440 terram,
758 3378 790 3429 et
812 3368 883 3427 inde
905 3367 1049 3429 diversas
1066 3366 1194 3429 finxisse
1209 3377 1378 3431 creaturas

258 3467 459 3528 immortales
481 3478 512 3526 et
536 3468 699 3528 mortales.
726 3465 815 3541 Onne
835 3474 926 3528 erant
940 3467 1038 3528 unius
1052 3465 1260 3541 substantioe,
1277 3467 1378 3537 addit,

257 3567 456 3630 immortales.
471 3586 546 3640 esse,
571 3578 687 3631 ceteras
711 3571 858 3631 mortales
879 3567 1075 3648 nuncupari.
1099 3569 1215 3633 Cuncti
1239 3569 1382 3647 philoso-

258 3669 311 3748 phi
335 3668 482 3730 latentur
503 3689 542 3731 cx
566 3677 709 3749 quatuor
731 3671 896 3732 elementia
919 3674 1002 3749 igne,
1026 3689 1114 3744 aere,
1131 3688 1215 3749 aqna
1239 3680 1272 3733 et
1291 3677 1377 3733 terra

260 3769 365 3830 omnia
390 3786 529 3848 corpora
556 3768 691 3832 conflata
718 3771 828 3845 tuisse,
852 3772 1009 3832 concretis
1032 3772 1185 3834 nimirum
1200 3770 1383 3833 interseet

259 3871 476 3932 commutatis,
501 3872 687 3954 Anonymus
707 3890 782 3932 voro
804 3881 971 3934 creaturas
993 3871 1110 3951 inquit,
1134 3871 1215 3944 alias
1234 3889 1276 3934 ex
1302 3889 1379 3946 uuo,

258 3971 338 4032 alias
361 3990 401 4033 ex
425 3972 566 4046 dnobus,
590 3972 669 4032 alias
692 3991 732 4033 ex
757 3972 877 4044 trihus,
901 3973 981 4033 alias
1002 3992 1041 4036 ex
1065 3980 1209 4052 quatuor
1230 3979 1382 4035 constare

257 4071 444 4134 elementis:
469 4073 521 4135 cui
545 4074 686 4152 opinioni
708 4092 766 4136 nec
793 4075 849 4154 ipsi
880 4074 1062 4153 philosophi
1079 4058 1095 4149 ,’
1111 4093 1169 4136 nec
1192 4074 1301 4137 multo
1325 4074 1382 4134 mi·

256 4191 316 4234 nus
338 4173 533 4236 conveniunt
557 4174 736 4251 Scriptores
758 4175 852 4235 sacri.
879 4172 1019 4252 ldcoque
1051 4193 1124 4237 cum
1149 4173 1277 4237 ductor
1311 4175 1379 4249 ait,
