2886 4784
173 338 233 414 i0d

167 445 312 509 siastleos
335 443 422 506 viros
444 443 630 520 celebrant,
652 451 868 509 numeramur
892 443 1065 528 Dionysius
1097 445 1264 511 alexandri·

60 535 62 538 ’
165 563 238 618 uus,
255 543 434 624 Gregorius
456 545 737 618 neocaesariensis,
756 543 944 608 Alexander
960 547 1264 630 hierosolymitanus,

166 646 363 729 Hippolytus
385 655 522 731 martyr,
541 647 726 721 Africanus,
742 645 947 711 Theotecnus
969 647 1150 714 Caesareae
1172 647 1269 713 Palae·

165 752 267 812 slinae
288 749 436 828 Origenis
458 749 658 828 discipulus,
682 748 871 828 Pamphilus
899 759 1047 835 martyr,
1072 750 1269 828 Methodius,

165 850 327 915 Eusebius
351 851 549 931 Pamphilus,
575 850 760 914 Alexander
778 861 811 914 ct
835 851 1027 915 Athanasius
1049 855 1269 931 alexandrini,

164 952 257 1018 Titus
279 954 471 1026 bostrensis,
505 951 661 1037 Didymus
684 955 881 1030 monachus,
906 955 1098 1019 Ambrosius
1130 944 1272 1020 mediola-

164 1057 281 1133 nensis,
300 1054 460 1118 Eusebius
484 1055 703 1130 verealleusis,
720 1055 864 1119 Hilarius
886 1058 1104 1136 pictaviensis,
1122 1058 1271 1139 Euagrius

164 1159 362 1232 monachus,
386 1155 524 1219 Basilius
545 1156 744 1236 Cappadox,
780 1156 960 1238 Gregorius
990 1177 1170 1241 nyssenus,
1198 1161 1271 1223 alter

162 1260 399 1332 nazianzenus,
422 1256 614 1321 Theotimus
642 1258 792 1342 Scythiae
824 1261 991 1339 apostolus
1020 1268 1053 1322 et
1072 1263 1268 1342 episcopus,

163 1360 376 1441 Epiphanius,
400 1360 540 1423 ioannes
563 1358 833 1445 chrysostomus,
857 1361 997 1424 Joannes
1020 1363 1269 1449 hierosolymita·

161 1481 246 1539 uns,
271 1462 498 1542 Augustinus,
522 1461 665 1525 isidorus
688 1466 886 1537 monachus,
912 1463 1060 1526 Rnffinus
1082 1465 1264 1548 presbyter,

162 1563 329 1627 Palladius
351 1563 633 1642 helenopolitanus
659 1562 845 1628 Innocentio
869 1564 974 1643 Papae
995 1575 1164 1644 acceptus,
1180 1575 1211 1628 et
1224 1585 1267 1630 re·

161 1668 324 1732 nerandus
347 1668 399 1728 vir
420 1667 461 1727 ah
483 1665 608 1728 isidoro
632 1666 794 1729 Pelusiaco
818 1676 964 1742 vocatus,
983 1670 1134 1731 monachi
1151 1671 1266 1732 nitrien·

166 1788 229 1845 ses,
252 1779 283 1832 et
307 1789 347 1832 er
370 1771 417 1830 his
439 1771 640 1849 potissimum
658 1769 788 1832 Fratres
807 1768 907 1850 Longi
920 1771 1112 1848 nuncupati.
1127 1769 1265 1851 Hisque

164 1890 229 1950 que
248 1870 431 1952 jungendus
453 1879 501 1933 est
523 1871 738 1953 Porphyrius,
754 1872 810 1951 qui
825 1872 885 1949 etsi
900 1871 1019 1935 Christi
1042 1872 1156 1945 hostis,
1175 1881 1262 1935 tamer

165 1972 330 2034 confessus
352 1979 422 2047 est,
446 1978 523 2032 tuuc
543 1969 693 2049 Origenis
714 1971 850 2051 gloriam
873 1972 1034 2033 eximiam<
1052 1956 1176 2035 haberi
1193 1967 1262 2054 apud

161 2072 329 2135 doctrinae
350 2073 545 2135 christianae
566 2074 749 2159 magistros.
772 2070 813 2150 ti)

244 2172 290 2236 De
311 2174 379 2236 istis
400 2174 476 2254 ajo,
500 2175 645 2254 quiquo
668 2174 837 2253 propiores
862 2181 968 2235 aetate
990 2181 1020 2234 et
1045 2174 1176 2253 regione
1203 2173 1257 2237 inr-

163 2281 241 2337 runt
260 2273 405 2354 Origeni,
428 2276 546 2338 horum
569 2274 668 2354 magis
685 2275 801 2338 crescit
813 2272 927 2352 judicii
943 2275 1124 2337 auctoritas
1138 2296 1147 2338 r
1162 2282 1194 2339 at
1206 2289 1259 2354 quo

240 2524 273 2597 (⁸)
293 2523 357 2580 Hoc
376 2521 570 2578 tautummodo
589 2520 739 2597 Porphyrii
757 2519 952 2576 testimouium
970 2520 1006 2576 de
1024 2519 1159 2594 Origenis
1179 2516 1261 2576 eximis

164 2616 255 2691 gloria
272 2615 348 2689 apud
367 2615 509 2673 Ecclesiae
528 2615 695 2672 christianae
712 2614 873 2685 magistros,
894 2613 998 2687 qnippe
1016 2613 1122 2682 testis,
1142 2613 1178 2670 ob
1194 2611 1259 2685 eujus

163 2709 259 2767 oeulos
277 2708 351 2766 illius
363 2709 412 2764 viri
432 2713 513 2783 gesta
522 2709 715 2782 explebantur,
729 2706 869 2763 sufficeret
882 2714 979 2763 contra
991 2706 1095 2763 stolida
1107 2709 1257 2770 commonia,

163 2818 234 2874 quae
251 2800 385 2874 leguntur
401 2801 432 2855 in
450 2800 567 2874 epistola
583 2800 744 2855 ,Iustiniana
761 2798 896 2872 inscripta
913 2799 948 2854 de
966 2798 1095 2872 ejusdem
1123 2796 1255 2854 erroribus.

235 2894 325 2950 Nemo
341 2912 422 2967 porro
440 2895 628 2966 obstupescat,
646 2891 722 2965 qnod
740 2892 812 2947 inter
824 2892 957 2964 Origenis
975 2892 1160 2948 admiratores
1176 2903 1257 2946 nume

160 2988 276 3042 rarerim
295 3005 334 3043 ss.
355 2987 530 3043 Methodium
548 2993 577 3042 et
596 2985 794 3059 Epiphanium,
811 2985 859 3058 qui
872 2984 959 3058 vulgo
978 2983 1112 3040 dicuntur
1130 2979 1255 3041 contreni-

161 3081 235 3136 (lum
252 3080 328 3135 enim
345 3097 428 3136 nemo
446 3079 585 3135 inficiatur
603 3078 699 3135 ambos
717 3078 854 3135 refutasse
876 3075 1009 3149 Origenis
1036 3076 1195 3132 doctrinam
1207 3095 1214 3142 ;
1227 3073 1257 3128 ita

159 3174 262 3246 pariter
278 3191 361 3229 nemo
379 3172 495 3240 nesciet,
509 3172 605 3228 ambos
623 3172 760 3228 cecinisse
774 3169 943 3243 palinodiam
958 3173 1110 3241 postquam
1123 3167 1255 3226 seneernni

161 3282 192 3322 sc
207 3265 296 3322 fuisse
314 3283 330 3321 a
348 3262 456 3320 falsatis
474 3265 535 3338 ejus
553 3264 666 3336 seriptis
684 3263 792 3318 illusos.
808 3260 866 3318 Sed
883 3259 918 3315 de
935 3259 981 3315 his
998 3258 1083 3316 iufra.

234 3358 325 3413 Secus
343 3364 437 3414 autem
460 3357 568 3412 dicatur
589 3356 624 3411 de
643 3355 825 3428 Augustino,
849 3353 898 3425 qui
923 3353 1087 3425 priusquam
1108 3351 1255 3408 illuderetur

160 3449 195 3508 ab
213 3450 398 3525 Hieronymo,
418 3457 538 3506 veterem
556 3450 651 3506 colens
669 3447 847 3504 traditionem
865 3446 894 3500 iu
913 3444 1010 3501 Africa
1027 3445 1183 3520 vulgatam,
1195 3445 1253 3500 iuter

160 3544 329 3601 orthodoxos
341 3543 488 3600 honorarit
499 3543 661 3615 Origeuem‚
684 3541 766 3596 sicuti
785 3540 816 3595 in
833 3537 952 3612 epistola
969 3537 1015 3593 40.
1034 3555 1062 3593 n.
1078 3537 1108 3594 9.
1122 3539 1157 3594 ed
1176 3537 1253 3610 ipsun

160 3637 366 3712 Hieronymum
384 3637 457 3693 cirea
468 3653 513 3691 an.
523 3634 588 3691 398.
600 3633 723 3701 loeutus,
737 3633 843 3704 inquit:
858 3654 871 3681 a
883 3631 926 3687 De
938 3629 1062 3704 Origene
1076 3636 1179 3698 autem,
1192 3621 1252 3702 quod

158 3730 309 3786 rescribere
327 3731 461 3805 diguatus
481 3745 521 3797 es,
539 3729 598 3802 jam
619 3727 740 3783 sciebam
760 3743 817 3781 uon
834 3730 944 3780 tantum
962 3724 992 3778 iu
1012 3718 1250 3779 ecelesiasticislit·

159 3823 244 3890 teris,
270 3822 318 3878 sed
341 3823 370 3878 iu
391 3820 520 3877 omnibus
540 3826 615 3875 reeta
637 3826 665 3875 et
682 3837 764 3888 vera,
787 3836 859 3890 quae
883 3817 1091 3884 invenerimus,
1117 3813 1250 3889 approbas

158 3921 241 3989 atque
251 3914 378 3982 laudare;
397 3913 467 3968 false
478 3930 542 3968 vero
560 3919 588 3968 et
606 3929 689 3985 prava
706 3913 861 3984 improbare
880 3918 964 3983 atque
981 3898 1246 3982 reprehendamini

159 4006 229 4061 illud
247 4007 282 4062 de
299 4007 514 4078 prudentisima
531 4012 560 4060 et
577 4006 703 4062 doctrine
721 4005 910 4061 desiderabam
928 4009 956 4060 et
973 4002 1066 4059 adhuc
1085 4001 1213 4064 desidero,
1222 3994 1246 4047 li

162 4101 229 4152 nota
243 4095 325 4152 nobis
342 4098 427 4178 facias
446 4114 479 4154 ea
496 4097 559 4169 ipsa
576 4098 638 4171 ejus
662 4104 770 4167 errata,
791 4098 895 4171 quibus
913 4113 931 4152 a
947 4095 1001 4152 fide
1019 4093 1144 4152 veritatis
1162 4089 1205 4147 ills
1217 4081 1247 4138 iil

161 4197 257 4248 tantus
274 4192 424 4249 recessisse
441 4192 617 4249 convincitur
635 4197 689 4248 etc.
711 4213 724 4240 a
1158 4208 1161 4212 ·
