2886 4784
1160 395 1162 398 ,
1227 314 1286 387 tet

608 419 746 490 ttnao‘r
769 422 853 487 xlv.

173 628 328 711 Exposita
349 627 587 692 belcesaiturem
607 629 727 692 haeresi
742 630 912 690 secundum
927 625 1143 702 anonymum,
1157 624 1285 703 quaeri·

209 741 275 804 tur,
297 742 406 792 utrem
427 739 456 792 el
476 730 629 810 quomodo
650 740 679 788 ct
700 747 765 807 quo
785 737 884 791 celate
906 723 1082 789 Alcibiades
1099 722 1215 788 Romae
1229 725 1286 787 leu-

205 833 263 912 ius
283 831 442 894 haereseos
463 827 677 904 instauratur,
690 845 794 906 preco
813 825 939 890 Callisti
958 824 1106 888 doctrina
1125 845 1203 888 esus
1223 826 1274 890 sit.

171 1076 409 1216 Anonymus,
434 1132 534 1194 veluti
557 1133 588 1193 in
611 1132 792 1208 praemissis
814 1136 960 1193 notatum
982 1139 1053 1201 est,
1077 1129 1191 1189 asserit
1213 1137 1285 1206 post
1345 1108 1348 1113 ¹

170 1231 296 1294 Callisti
322 1231 426 1309 Papae
448 1241 586 1293 mortem
608 1231 715 1293 adhuc
737 1239 882 1309 perstare
905 1229 1049 1292 scholam
1066 1247 1171 1290 mores
1188 1231 1285 1307 magi·

168 1335 224 1395 stri
247 1343 432 1394 servantem
454 1342 486 1394 et
509 1333 709 1394 traditionem
722 1353 732 1410 3
755 1332 849 1411 cuius
873 1341 967 1392 testes
988 1340 1020 1393 et
1036 1330 1211 1409 discipulos
1229 1349 1283 1391 vo·

169 1443 221 1495 cat
243 1435 454 1511 belcesaitas;
477 1421 655 1513 dequibus
677 1435 707 1493 in
729 1453 756 1494 c.
784 1431 840 1493 lli.
864 1451 893 1492 n.
918 1429 965 1496 ts.
988 1432 1157 1494 scribite«
1175 1430 1282 1511 Hujus

168 1534 318 1612 (Callisti)
334 1536 492 1609 doctrina,
509 1554 611 1614 quum
635 1554 693 1613 per
716 1537 903 1596 universum
925 1533 1036 1596 orbem
1059 1550 1168 1612 sparsa
1186 1543 1282 1609 esset,

166 1653 235 1697 ram
260 1645 364 1696 aetam
388 1635 557 1713 inspiciens
582 1636 631 1695 vir
655 1635 848 1696 vaferrimus
869 1642 901 1696 et
923 1634 1119 1712 impudentia
1136 1631 1282 1709 affluens,

166 1737 294 1798 nomine
318 1735 511 1808 Alcibiades,
534 1736 697 1815 Apameae
720 1739 750 1796 in
773 1735 853 1798 urbe
875 1736 988 1816 Syriae
1004 1735 1162 1809 habitans,
1178 1754 1281 1814 quum

165 1835 300 1901 Callisto
323 1838 390 1915 ipso
412 1839 614 1900 subtiliorem
636 1858 670 1900 se
683 1882 695 1912 ,
717 1847 748 1899 et
769 1839 807 1898 ad
834 1837 1007 1898 verborum
1032 1840 1219 1915 praestigias
1247 1855 1281 1897 a·

166 1939 305 2016 pliorem
327 1938 540 2010 existimaret,
557 1936 692 1999 Romam
714 1939 854 2012 devenit,
871 1939 1042 2016 quemdam
1059 1939 1178 2000 librum
1201 1938 1277 2000 alia·

165 2048 249 2100 rens.
274 2037 406 2100 Dicebat
426 2048 535 2101 eutem
557 2058 632 2101 eum
653 2058 671 2100 a
695 2039 826 2100 Scribus
849 2041 887 2100 de
911 2040 1055 2118 parthica
1080 2041 1209 2117 regione
1232 2041 1279 2100 al·

165 2137 269 2199 latum
292 2156 308 2198 a
330 2139 472 2217 sapiente
496 2142 566 2200 siro
589 2136 760 2200 Helehasai
777 2140 915 2212 nomine,
932 2138 1149 2217 eumdemque
1165 2137 1280 2201 Sobiae

166 2237 294 2300 cuidam
319 2238 538 2300 transmissum
560 2238 600 2298 ab
622 2239 736 2317 angelo
759 2239 939 2300 revelatum
964 2239 1073 2300 luisse.
1097 2259 1112 2297 ι)

243 2335 285 2400 Ει
300 2340 364 2414 hic,
380 2340 498 2401 inserta
522 2339 666 2402 fabulosa
691 2342 875 2402 narratione
891 2341 929 2402 tle
946 2342 1006 2402 hoc
1023 2341 1150 2419 angelo,
1168 2344 1214 2404 uli
1236 2344 1280 2403 vi·

164 2439 240 2501 dere
263 2449 310 2502 est
332 2443 426 2502 etiam
449 2442 534 2520 apud
557 2460 581 2502 s.
607 2441 835 2519 Epiphaniam,
858 2440 1025 2519 sequitur:
1049 2462 1064 2500 a
1087 2439 1279 2505 Affirmabat

164 2542 248 2603 enim
272 2539 442 2604 Helclrasai
466 2542 647 2604 homiuibus
678 2535 793 2601 novam
826 2552 1034 2620 peccatorum
1058 2545 1277 2606 remissionem

166 2644 339 2714 revelasse,
364 2645 495 2706 tertium
518 2662 636 2705 annum
659 2641 798 2722 Trajauo
821 2643 1010 2721 imperante,
1029 2653 1060 2704 et
1083 2643 1276 2723 baptismum

166 2745 431 2823 praescripsisse,
455 2746 494 2806 de
515 2763 581 2824 qno
604 2747 671 2823 ipso
695 2763 768 2805 mox
793 2744 920 2822 loquar.
946 2742 1077 2807 Dicebat
1099 2748 1198 2824 igitur
1221 2748 1277 2808 bo·

163 2845 262 2906 mines
284 2848 368 2906 omni
387 2845 517 2907 libidine
533 2855 565 2908 et
580 2847 790 2924 corruptione
805 2856 836 2905 et
853 2846 1112 2927 improbitatibus
1129 2849 1275 2927 inquina-

164 2953 222 3016 tos,
245 2947 271 3006 si
295 2946 390 3006 modo
412 2947 486 3024 quis
507 2947 547 3006 sit
570 2945 684 3018 fidelis,
709 2963 881 3006 conversos
897 2955 940 3020 et,
957 2947 1071 3009 audito
1093 2947 1154 3008 lroc
1176 2947 1273 3022 libro,

163 3047 330 3107 credentes
353 3065 410 3125 per
432 3047 517 3107 hune
539 3046 731 3122 baptismum
755 3047 971 3107 remissionem
994 3048 1141 3125 accipere
1164 3066 1276 3125 pecca·

161 3155 283 3208 torum.
310 3145 396 3208 llaec
417 3165 515 3208 ausus
537 3159 584 3208 est
606 3156 736 3224 patrare
759 3147 926 3221 facinora,
958 3147 1084 3208 initium
1106 3150 1273 3225 capieusa

160 3248 313 3325 praelatis
334 3248 501 3320 doctrinis,
518 3267 597 3327 quas
616 3246 768 3311 Callistus
791 3248 880 3327 prius
901 3245 1109 3309 contia'verat.
1129 3248 1273 3311 Allectus

161 3351 245 3412 euim
271 3349 325 3411 taii
351 3348 525 3427 Evangelio
549 3349 705 3427 plurimos
728 3367 801 3411 cum
824 3346 1109 3420 animadverteret,
1131 3351 1274 3426 sperarit

158 3470 192 3512 se
215 3451 357 3511 leliciter
376 3459 512 3512 conatus
533 3451 737 3513 effecturum.
761 3448 828 3512 Nos
860 3457 969 3511 autem
992 3451 1050 3526 (ait
1072 3449 1274 3531 Anonymus)

161 3551 320 3613 adversus
343 3554 438 3612 istum
463 3553 637 3613 restitimus
649 3571 660 3629 3
683 3570 741 3613 uec
761 3551 901 3629 amplius
923 3553 1044 3613 multos
1065 3569 1177 3613 errare
1198 3553 1273 3614 sivi-

159 3672 253 3715 mus:
278 3672 398 3733 eosque
419 3654 574 3715 certiores
598 3654 753 3726 lecimus,
777 3653 857 3714 iliud
880 3655 982 3731 spurii
1005 3654 1168 3716 daemonis
1189 3672 1271 3732 opus

159 3773 248 3827 esse,
272 3764 304 3816 et
325 3756 476 3815 tumentis
509 3754 615 3816 cordis
646 3756 797 3833 superbia
831 3755 1016 3832 inventum3
1042 3756 1270 3832 hominemque

158 3854 253 3916 istum
281 3873 372 3917 more
400 3855 468 3934 lupi
498 3857 632 3918 irruisse
659 3855 690 3916 iu
718 3863 868 3934 vagantes
891 3873 990 3930 oves,
1014 3872 1095 3933 quas
1116 3853 1269 3917 Callistus

159 3955 313 4018 aberrans
336 3958 542 4037 disperserat.
566 3976 582 4014 a

240 4056 289 4119 Ac
311 4057 460 4136 pluribus
481 4056 656 4135 interjectis
679 4055 717 4116 de
740 4055 925 4118 necessitate
946 4055 1196 4118 circumcisionis
1215 4052 1272 4118 Le·

162 4158 268 4236 risque
292 4163 449 4224 mosaicae
471 4159 687 4232 observantia,
705 4158 861 4223 adversus
877 4156 993 4223 Christi
1009 4156 1221 4233 divinitatem,
1237 4164 1270 4220 et
