2886 4784
171 404 300 466 missam
331 396 479 478 Origenis
508 393 679 457 lectionem
712 391 942 454 exhibuerunt.
973 387 1009 451 ln
1041 388 1164 468 qssihns
1194 385 1278 460 valdo

169 501 352 565 mirandum
374 508 422 563 est
444 498 484 562 da
506 495 760 578 chrysostomo,
784 495 839 574 qui
864 501 927 554 tam
950 510 989 554 ex
1012 511 1041 556 c.
1066 489 1104 552 V.
1127 508 1224 569 quiam
1244 507 1279 550 ex

169 622 198 667 c.
220 600 307 665 xlx.
330 593 679 701 duodeciesrmpesede
702 592 801 687 λόγου
823 587 974 695 rapuisse
994 603 1122 671 eccepto
1152 587 1281 669 fornica·

168 700 266 766 tionis
290 719 388 764 causo
419 704 557 779 citavit,
584 703 710 783 penitus
743 703 804 762 alia
837 699 982 789 neglecta
1007 684 1058 786 μή
1080 685 1134 760 ἐπὶ
1157 687 1282 791 capsim

168 819 233 863 aaa
253 798 288 861 ob
309 799 567 881 fornicationem.
592 797 838 879 propterquod
870 798 1131 860 concludendum
1155 807 1224 867 est,
1245 795 1278 854 ad

167 904 311 983 quinque
334 902 402 965 lere
416 902 525 966 secula
543 919 659 982 graeca
675 901 832 964 vocabula
856 887 905 989 μή
928 892 979 967 ἐπὶ
1003 895 1139 998 capuita
1169 896 1281 960 abluis·

48 1018 51 1023 ·
167 1019 241 1064 sea
266 1001 398 1065 l'atrum
421 1019 613 1080 graecorum
635 1002 890 1079 exemplaribus.
906 1001 1000 1080 Quae
1017 1007 1116 1066 verba
1140 1006 1198 1066 etsi
1223 1023 1279 1066 non

112 1125 115 1130 ·
167 1111 294 1166 mutent
308 1101 497 1180 Scripturae
517 1119 659 1175 sensum,
676 1107 879 1167 amanuensis
894 1106 1082 1184 glossatoris
1096 1104 1213 1169 'tamen
1233 1125 1279 1169 ar·

171 1214 276 1285 gaunt
297 1206 524 1270 temeritatem.
860 1265 863 1269 .

249 1304 383 1384 insuper
405 1324 466 1368 non
487 1306 594 1369 solum
621 1322 639 1366 a
663 1303 813 1367 Patribus
843 1307 966 1383 graecis
996 1307 1152 1373 educitur
1164 1355 1176 1386 ,
1209 1319 1279 1371 tnnc

165 1410 199 1475 in
220 1409 333 1488 priscis
355 1407 511 1472 Matthaei
533 1408 699 1472 codicibus
720 1426 756 1469 ea
781 1407 879 1471 verba
902 1409 1103 1486 desiderari,
1127 1414 1182 1475 sed
1206 1423 1235 1475 et
1259 1427 1275 1471 a

164 1509 271 1572 latinis
292 1507 511 1589 Scriptus-ibus
522 1529 533 1588 3
551 1529 633 1589 quos
657 1526 772 1587 graeca
792 1509 948 1572 voeabula
969 1511 1167 1576 verbotenus
1186 1515 1277 1577 latine

166 1608 416 1685 transferentes,
439 1610 553 1688 legisse
586 1611 784 1688 uertisseque
813 1610 973 1686 probatur
1004 1631 1211 1695 nequaquam
1231 1604 1278 1706 μή

160 1701 213 1778 ἐπὶ
229 1703 372 1809 aspediae,
385 1721 438 1786 sed
454 1701 616 1810 capsaris
634 1700 732 1798 λόγου
747 1701 896 1809 aspediae
916 1724 1043 1792 eccepto
1057 1714 1276 1792 fornicatiouis

164 1832 283 1887 ccam
300 1816 345 1877 nti
371 1815 480 1876 videre
502 1820 551 1877 est
571 1816 603 1877 in
625 1816 766 1892 antiquis
782 1812 1024 1892 exemplaribus
1039 1811 1203 1880 versionis
1225 1821 1276 1881 ita·

162 1917 259 1991 lione,
282 1919 314 1979 in
335 1915 426 1978 libris
447 1913 653 1984 Tertulliani,
679 1915 711 1974 in
733 1914 969 1982 commentariis
988 1911 1118 1989 Hilarii,
1146 1919 1275 1982 Ambro-

161 2018 214 2094 sii,
230 2015 420 2100 Hieronymi
436 2025 468 2080 et
486 2017 668 2094 Augustini.
685 2013 749 2091 Qui
766 2014 901 2075 ultimus
916 2017 946 2075 iu
964 2012 1061 2077 Libro
1075 2012 1106 2080 l.
1125 2037 1155 2079 a.
1172 2016 1219 2084 lt.
1234 2019 1272 2082 lle

162 2114 323 2198 conjuyiis
336 2114 542 2191 adulterinis,
560 2117 622 2179 hoc
644 2116 728 2177 idem
751 2117 851 2176 citans
867 2133 894 2177 c.
919 2112 1005 2176 xlx.
1033 2117 1136 2195 inquit
1164 2121 1272 2183 ibidem

163 2220 343 2284 secundnm
366 2237 514 2299 graecam
536 2219 707 2281 lectionem
730 2233 792 2277 nou
817 2234 885 2277 esse
910 2218 1140 2294 exponendum
1160 2220 1224 2285 aiei
1241 2222 1273 2284 ol

162 2317 417 2402 semicalidum,
430 2321 485 2384 sed
504 2328 629 2402 praeter
649 2335 778 2380 causum
798 2314 953 2378 adulterii
966 2335 1019 2378 seu
1032 2318 1269 2400 fornicatiouis:

163 2422 251 2503 quod
274 2423 336 2485 rite
356 2422 505 2486 convenit
527 2439 643 2500 graeco
664 2406 820 2519 παρεκτὸς
842 2410 940 2509 λόγου
962 2415 1122 2521 camisas.
1170 2406 1175 2416 ⁸

242 2521 397 2586 Similiter
423 2529 455 2585 el
478 2525 676 2587 vocabulum
700 2527 875 2616 μοιχᾶται,
903 2515 990 2602 quod
1016 2528 1201 2592 immediate
1226 2549 1269 2593 se·

163 2622 277 2700 quitur
297 2619 362 2685 uisi
382 2622 417 2683 od
437 2623 701 2703 soraicclioaem,
726 2643 833 2691 notam
855 2627 978 2689 cosslert
1003 2631 1159 2692 textualis
1180 2635 1269 2694 inter·

161 2722 343 2802 palationis.
368 2725 552 2790 Matthaeus
574 2732 658 2792 enim
684 2732 881 2809 ubicumque
903 2730 1032 2794 locutus
1054 2743 1104 2795 est
1124 2736 1165 2798 de
1185 2736 1268 2797 adul·

160 2824 244 2886 tenio
265 2826 332 2888 sive
355 2827 569 2892 fornicatione
587 2832 782 2894 vocabulum
805 2827 962 2923 μοιχέυω,
983 2853 1186 2913 aequavero
1206 2861 1271 2930 μοι·

158 2922 291 3018 χάσμαι
323 2931 493 2996 adhibuit:
517 2941 549 2993 et
572 2932 647 2994 huic
672 2933 798 2998 iocosae
821 2938 945 3016 reliqna
975 2942 1099 3018 aptavit
1128 2950 1265 3023 tempora

101 3045 104 3052 '
159 3033 228 3095 siae
249 3031 353 3097 activa
385 3035 453 3094 sive
486 3033 612 3110 media3
647 3033 742 3093 siculi
767 3034 876 3098 sidere
898 3046 946 3099 est
966 3040 997 3099 in
1018 3059 1047 3103 o.
1073 3039 1112 3104 V.
1136 3044 1187 3109 27.
1210 3045 1266 3114 28:

159 3133 318 3205 audistis,
351 3132 428 3215 quio
456 3132 576 3196 dicium
602 3142 672 3208 est,
693 3129 730 3200 ὂυ
754 3135 942 3228 μοεχέυσεις
961 3159 1025 3203 uon
1056 3146 1266 3210 moechaberis.

161 3229 241 3292 lsem
265 3233 294 3292 io
318 3250 345 3293 c.
370 3229 455 3295 XlX.
477 3229 526 3296 18.
550 3228 586 3298 ὂυ
600 3233 789 3329 μοιχέυσεις
810 3262 873 3305 noo
895 3242 1114 3307 moechaberis.
1141 3245 1181 3309 Et
1201 3250 1268 3314 hiue

159 3332 201 3393 iu.
226 3350 253 3393 e.
279 3329 314 3391 V.
337 3330 386 3398 32.
411 3343 442 3394 ct
464 3336 494 3396 in
517 3357 544 3398 c.
568 3338 653 3405 XlX.
676 3342 706 3407 9.
728 3346 827 3407 veluti
852 3354 1010 3409 testantur
1033 3357 1174 3426 veteres,
1191 3372 1267 3432 quos

159 3433 272 3505 citavi,
294 3435 400 3512 graeci
426 3433 557 3511 Patres,
582 3440 785 3523 Evangelista
808 3448 936 3526 scripsit
955 3445 1036 3528 socii
1055 3469 1125 3515 eom
1141 3477 1270 3551 μοιχευ-

159 3525 256 3610 ednas
277 3531 445 3606 moecliari,
460 3535 522 3599 alia
546 3539 649 3605 torma
672 3545 861 3638 μοιχᾱσθαι
882 3547 1019 3628 abjecta,
1036 3552 1162 3636 ubique
1181 3582 1267 3626 σθω.

160 3648 212 3699 1¹¹⁸
244 3637 380 3724 formam
413 3636 602 3712 originalem
631 3648 779 3738 μοιχὲυω
798 3668 854 3713 scu
877 3645 1094 3740 μοιχέυομαι.
1130 3656 1267 3742 ideoque

122 3820 125 3825 ξ
158 3738 243 3800 sicut
264 3736 511 3799 amanuensibus
533 3742 624 3808 licuit
648 3753 707 3815 hoc
731 3764 855 3816 ululare
880 3757 1099 3831 vocabulum,
1135 3769 1167 3823 et
1197 3763 1265 3826 loco

157 3830 313 3927 παρεκτδς
325 3829 419 3923 λόγου
435 3840 582 3939 πορνείας
600 3863 727 3934 eccepto
740 3853 965 3934 fornicationis
979 3875 1078 3920 cuasa
1093 3861 1264 3929 inscribere

156 3931 207 4032 μή
229 3934 281 4007 ἐπὶ
302 3935 434 4034 capsim
456 3963 518 4007 nou
532 3949 567 4011 oh
579 3952 834 4030 fornicacionem,
856 3959 978 4033 pariter
992 3961 1202 4027 asserendum
1223 3976 1265 4030 est

159 4042 278 4103 eisdem
299 4039 429 4103 licuisse
449 4052 636 4120 sequentem
659 4062 870 4125 corrumpere
884 4049 1077 4128 lectionem,
1094 4067 1127 4118 ot
1141 4077 1263 4122 seruum

157 4140 355 4212 contundere
372 4140 608 4222 Evangelistae,
625 4146 667 4207 ita
691 4155 726 4211 ut
751 4148 899 4214 videatur
920 4169 1129 4236 propugnare
1152 4165 1263 4226 doctri·
