2886 4784
614 411 755 480 cnrbr
778 410 817 476 V.

395 616 532 698 Cpriiiur
552 617 802 689 alexandrinus,
826 612 1049 678 Theodoretur.

160 868 213 990 In
241 923 474 992 commentario
505 921 670 1005 Epistulae
703 917 728 981 Ι.
761 916 800 981 ad
831 917 1017 982 Corinthios
1043 935 1073 981 c.
1097 915 1167 980 Vii.
1188 915 1257 997 quod

160 1032 302 1111 primum
328 1027 425 1090 edidit
452 1028 501 1088 air
516 1024 559 1088 ci.
575 1020 756 1087 Cardioatis
770 1019 913 1098 Angelus
931 1019 1039 1100 btajns
1055 1022 1087 1082 in
1102 1017 1202 1081 Tnnrn
1217 1017 1259 1081 iii.

161 1130 274 1197 Norae
297 1129 517 1192 Bibtiothecae
541 1123 674 1188 Patruus
692 1140 763 1203 pag.
778 1118 828 1186 58.
845 1119 991 1206 Cyrilius
1005 1122 1120 1183 scribit
1135 1142 1144 1184 r
1162 1119 1260 1196 «Quid

162 1252 241 1315 ergo
263 1228 436 1296 dicemus?
458 1228 597 1309 Nuptias
619 1244 681 1288 non
705 1224 808 1288 vetuit
830 1224 935 1285 diviua
958 1222 1263 1304 Evangelii-praedi·

161 1336 260 1409 catio,
284 1333 359 1414 quin
382 1329 483 1403 Deus,
506 1337 543 1393 ut
564 1345 667 1398 reor,
690 1326 729 1386 ad
754 1325 913 1386 humanae
943 1335 1084 1388 naturae
1112 1325 1265 1388 nrodninn

164 1445 336 1518 praecepta
359 1451 416 1495 sua
438 1427 715 1495 accommodabat.
740 1423 847 1504 inquit
877 1426 986 1501 cuim,
1013 1427 1194 1506 pharisaeis
1214 1435 1266 1487 ten·

163 1538 318 1610 tentibus,
343 1534 513 1606 Dominus,
534 1545 611 1594 cum
633 1525 879 1590 sciscitarentur
902 1534 1015 1611 utrum
1039 1525 1158 1589 liceret
1179 1526 1266 1587 dimit·

164 1647 233 1703 tere
249 1656 387 1702 uxorem
402 1635 567 1717 propriam
590 1622 640 1720 μή
663 1620 714 1696 tri
737 1619 869 1728 πορνέιᾳ
889 1624 1001 1689 aisiob
1013 1625 1266 1705 fornicationem:

163 1740 228 1813 ait,
252 1737 403 1816 inquam,
427 1733 595 1810 Deoniana,
619 1729 672 1801 ὅτι
697 1728 883 1803 ideoideo
917 1721 977 1809 τὴν
1011 1732 1160 1820 putaturos
1189 1721 1270 1794 ἁντὸυ

162 1837 317 1940 παρεκτός
343 1833 443 1930 λόγου
464 1833 627 1937 rapuisse,
642 1840 727 1908 roris
749 1836 852 1918 dariis
876 1836 1117 1930 μοιχευθῆναι,
1138 1833 1270 1916 quoaim

165 1943 325 2008 dimitteris
346 1962 476 2006 ararem
497 1964 609 2022 suum,
642 1956 773 2025 excepta
801 1941 1030 2025 fornicationis
1061 1959 1165 2004 causa
1176 1981 1187 2012 ,
1208 1932 1271 2018 sarit

165 2065 234 2113 eura
260 2044 432 2109 machari.
456 2045 634 2127 Quumque
654 2050 694 2111 ad
722 2049 802 2115 bace
832 2045 995 2133 discipuli·
1012 2044 1087 2123 ejus
1115 2042 1269 2106 dicerent:

167 2147 195 2212 ai
216 2166 312 2212 causa
334 2145 398 2209 viri
418 2165 492 2209 rum
511 2145 649 2230 formino
668 2147 745 2212 tuiis
765 2158 822 2223 art,
844 2165 910 2209 aaa
929 2144 1059 2226 expedit
1085 2143 1211 2218 audem
1231 2159 1270 2203 ra·

166 2252 295 2332 spondit
315 2249 400 2312 iltis:
418 2258 496 2312 aurat
518 2252 667 2327 cunuchi,
683 2250 741 2331 qui
754 2253 791 2313 dr
807 2248 919 2312 matris
934 2244 1088 2310 utereris
1102 2245 1271 2311 sudsear:

167 2364 194 2416 ct
216 2363 293 2416 sunt
314 2350 465 2427 cunuchi,
487 2351 546 2431 qui
561 2351 644 2435 [uati
663 2363 739 2419 saut
757 2352 797 2415 od
817 2349 1024 2415 homiuibus:
1045 2358 1075 2411 ct
1095 2357 1174 2411 suar
1192 2363 1275 2411 case

168 2452 229 2530 adi,
244 2461 301 2534 put
320 2472 351 2516 rr
370 2464 592 2517 castraverunt
608 2465 736 2535 propter
754 2472 887 2535 rapacia
908 2453 1081 2517 calaum.
1107 2448 1177 2526 Oui
1191 2454 1275 2530 potat

167 2575 276 2637 cupere
297 2555 413 2637 capiat.
434 2574 452 2614 a

248 2656 369 2720 Deinde
396 2658 427 2718 in
458 2659 538 2720 baec
560 2657 708 2738 Apostoli
741 2657 848 2722 rerba.
874 2659 993 2721 instans
1024 2655 1174 2741 Cyrilins
1202 2654 1274 2716 eirca

169 2761 319 2823 connubii
335 2759 599 2823 insolubilitatem
615 2764 698 2825 inter
711 2762 917 2833 christianes,
933 2759 1066 2822 subdit:
1083 2781 1102 2817 a
1116 2758 1274 2829 Contineo·

172 2861 247 2923 tiam
271 2862 371 2940 igitur
391 2861 486 2939 digna
509 2879 634 2925 merces
656 2871 773 2926 manet.
797 2863 974 2942 Ceteroqui
996 2861 1157 2942 coniugio
1182 2858 1276 2920 deria·

172 2965 231 3025 ctis
254 2963 338 3025 baud
363 2963 510 3025 concedit
531 2981 549 3024 a
571 2964 668 3026 ducta
690 2964 790 3027 semel
813 2984 918 3030 uxore
940 2964 1135 3037 discutione,
1169 2980 1208 3023 na
1233 2975 1275 3021 or·

171 3065 242 3125 bern
265 3065 564 3143 perturbationibus
587 3066 720 3144 impleat
740 3067 896 3128 salutaris
918 3066 1071 3147 doctriua
1082 3085 1094 3144 3
1118 3082 1222 3143 neque
1239 3059 1275 3120 di·

172 3170 313 3235 nortiam
337 3168 565 3228 conunendare
588 3168 695 3230 soluit
726 3171 905 3231 communis
927 3168 1089 3232 Servabor
1120 3166 1274 3239 Christur3

171 3268 294 3328 etiarnsi
319 3277 468 3344 respecto
491 3269 891 3348 quodam-antiquioribus
909 3269 1018 3331 iacere
1039 3269 1072 3332 id
1095 3269 1153 3332 iex
1175 3266 1276 3348 pernd-

172 3368 212 3430 sit
234 3368 275 3426 ob
297 3369 455 3443 ipsorunr,
481 3379 516 3428 ut
537 3371 581 3430 ait
603 3368 766 3445 Salvator,
791 3371 897 3431 cordis
921 3370 1088 3430 duritiem.
1112 3388 1129 3425 a

253 3466 288 3529 ln
311 3470 370 3530 trac
393 3470 483 3530 brevi
506 3469 621 3553 Cyrtiii
644 3473 840 3534 discussione
864 3474 922 3533 tria
952 3489 1013 3549 pro
1045 3479 1164 3533 nostro
1196 3486 1277 3547 argu·

174 3579 281 3630 mente
303 3568 440 3630 notanda
463 3581 548 3632 suut.
567 3570 602 3633 ln
625 3574 735 3650 primis
757 3582 901 3643 notatur,
920 3571 1085 3655 Cyriiinrn
1110 3567 1277 3632 omnimode

173 3669 349 3730 divertium
374 3671 563 3747 reprobasse
584 3671 741 3732 adsersus
762 3673 972 3750 antiquorum
1005 3681 1037 3733 et
1072 3674 1215 3733 maxime
1236 3670 1278 3728 ba·

172 3769 348 3830 bracorurn
371 3769 544 3846 licentiam,
561 3783 592 3831 et
615 3773 675 3834 boc
698 3773 845 3834 docuisse
867 3773 1047 3834 secundum
1066 3773 1277 3850 evangelican

173 3869 353 3946 doctrinam
385 3877 416 3931 ot
449 3874 657 3949 apostolicam
692 3874 907 3934 traditionem.
935 3872 1089 3936 Secundo
1123 3875 1280 3954 perspicue

175 3972 366 4045 ostenditur,
390 3969 549 4052 Cyriliunr
573 3975 603 4036 io
630 3973 689 4033 hac
718 3975 869 4034 citatione
900 3992 1111 4054 nequaquam
1137 3968 1281 4038 Matthaei

175 4076 275 4153 caput
296 4068 334 4131 V.
358 4070 561 4148 appetiisse,
582 4073 636 4133 scd
670 4080 769 4150 capnt
793 4070 879 4134 XiX.
904 4081 936 4135 et
958 4073 1021 4137 hoc
1044 4084 1138 4155 patet
1160 4094 1203 4137 ex
1224 4086 1283 4133 rer·

176 4168 292 4234 borum
315 4170 441 4246 ordine,
457 4191 523 4251 quo
539 4172 742 4236 conuertitur
757 4171 877 4237 Christi
890 4177 1050 4240 sententia
1069 4195 1147 4242 cum
1162 4187 1284 4256 sequen·
