2886 4784
221 353 260 420 lb

674 451 813 518 CAPUT
838 455 877 516 ll.

219 647 384 737 ,Spectmen¹
401 655 811 734 ceterumyphiloscphorum
835 656 873 716 ab
896 656 1059 735 Anonpmo
1087 655 1260 720 cohibitum
1293 656 1344 721 at·

260 757 320 821 teri
344 755 474 820 Ccdrcni
494 755 529 818 in
554 753 741 834 compendio
766 756 975 840 historiarum
997 767 1225 837 comparatum.

222 999 338 1149 Quae
363 1061 394 1122 in
416 1059 514 1121 Libro
542 1058 565 1120 l.
591 1065 706 1122 tractat
728 1059 916 1144 Anonymus
946 1061 984 1123 de
1010 1076 1201 1140 graecorum
1232 1059 1335 1139 philo·
1426 1132 1429 1139 ¹

223 1161 403 1240 sophorum
427 1159 573 1239 placitis,
597 1162 628 1222 in
651 1159 801 1238 pluribus
823 1162 1018 1222 conveniunt
1048 1178 1122 1221 cum
1151 1161 1242 1220 brevi
1267 1177 1338 1238 spc-

222 1261 351 1334 olmine,
374 1259 460 1338 qnod
484 1257 582 1321 tradit
603 1257 768 1321 Cedrenus
789 1259 820 1319 io
847 1256 1031 1337 compendio
1052 1257 1269 1321 Historiarum
1296 1260 1337 1320 de

224 1359 342 1422 eisdem
364 1358 586 1439 pbilosophis,
609 1359 690 1421 adeo
712 1368 750 1423 ut
770 1359 871 1421 lateat
894 1376 971 1420 num
1001 1357 1165 1422 (ledrenus
1186 1361 1226 1420 ab
1249 1356 1336 1420 Aao-

137 1483 139 1487 ’
223 1477 332 1542 aymo,
352 1459 401 1520 vel
424 1459 483 1521 iste
505 1458 546 1520 ab
567 1459 685 1535 altero,
701 1467 788 1520 etan
806 1458 974 1521 abeodem
992 1458 1079 1521 tonte
1095 1468 1235 1539 uterque
1256 1459 1339 1523 bau·

223 1563 312 1624 serit.

305 1660 471 1725 Cedrenus
492 1661 618 1723 interim
642 1661 672 1722 iu
694 1660 914 1740 compendio,
940 1661 996 1724 ubi
1027 1660 1132 1739 attigit
1159 1659 1337 1723 Alexandri

226 1761 411 1824 Macedouis
433 1768 584 1837 aetatem,
608 1762 738 1825 brevem
773 1763 853 1825 texit
885 1761 1102 1824 recensionem
1132 1760 1341 1839 philosopho·

226 1880 338 1923 ruma
365 1861 547 1945 Pythagora
572 1879 675 1940 usqne
696 1860 735 1922 ad
767 1863 1011 1946 pyrrhonistas,
1044 1863 1179 1924 istorum
1213 1862 1337 1941 potissi·

225 1978 315 2027 mum
338 1964 520 2042 expendens
543 1963 707 2041 opiniones
731 1964 769 2024 da
793 1961 859 2023 lleo
881 1971 912 2023 et
934 1962 973 2022 de
995 1956 1168 2025 creatione.
1187 1961 1227 2024 Et
1251 1961 1336 2023 hand

225 2063 323 2124 aliter
343 2063 407 2142 egit
429 2063 460 2125 in
483 2063 507 2125 l.
533 2044 630 2126 Libro
663 2062 789 2127 Auctor
822 2061 1139 2142 Philosophumraoa.
1174 2062 1340 2126 Cedrenus

214 2182 327 2243 porro
351 2164 573 2228 tantummodo
595 2166 738 2229 nominat
760 2164 989 2247 Pythagoram,
1019 2162 1199 2240 Thaletem,
1222 2161 1341 2242 Empe·

225 2265 365 2346 doclem,
389 2263 608 2341 Heraclitum,
632 2264 923 2339 Anaximandrum,
947 2265 1193 2340 Anaximenem,
1210 2264 1341 2327 Anaxa·

227 2383 352 2444 goram,
377 2363 591 2440 Archelaum,
615 2364 795 2438 Platonem,
822 2361 1042 2438 Aristotelem,
1065 2362 1238 2437 Zenonem,
1265 2363 1341 2442 Epi·

226 2484 344 2529 curum
368 2473 399 2527 et
421 2465 633 2546 Pyrrhonem.
657 2463 807 2540 Quorum
832 2465 958 2543 placitis
980 2466 1131 2540 delinitis,
1155 2465 1264 2527 subdit
1284 2483 1341 2527 eos

228 2567 351 2628 trustra
374 2566 538 2628 laborasse
561 2566 591 2649 in
613 2568 679 2629 suis
700 2566 825 2640 studiis,
849 2585 907 2629 nec
928 2565 968 2628 ad
992 2565 1095 2629 Deum
1114 2566 1257 2629 omnium
1273 2568 1342 2644 opi·

101 2718 105 2727 ,
227 2663 319 2728 dcem
341 2672 506 2728 assecutos
528 2684 608 2728 esse.

310 2765 498 2848 Anonymus
520 2776 630 2828 autem
652 2764 788 2830 Cedreni
811 2766 1010 2846 Compendio
1033 2767 1113 2828 alios
1134 2765 1250 2845 adjecit
1271 2764 1343 2843 phi·

228 2867 393 2944 losophos,
417 2876 449 2928 et
471 2867 666 2944 hocordine
688 2870 803 2947 pergit,
827 2867 992 2929 Thaletem
1016 2885 1200 2939 numerans,
1225 2865 1343 2948 Pytha·

230 2983 355 3045 goram,
379 2965 623 3046 Empedoclem,
648 2967 872 3041 Heraclitum,
896 2968 1199 3042 Anaximandrum,
1224 2967 1346 3029 Anaxi·

227 3082 380 3137 menem,
413 3064 667 3146 Anaxagoram,
701 3069 922 3142 Archelaum,
955 3070 1008 3131 cui
1032 3069 1110 3130 haec
1131 3067 1340 3143 subscripsit:

232 3184 248 3222 a
272 3161 405 3246 Physica
429 3184 506 3244 ergo
536 3167 737 3247 philosophia
760 3185 777 3227 a
800 3166 934 3229 Thalete
955 3166 994 3227 ad
1018 3165 1215 3229 Archelaum
1239 3183 1346 3244 usque

230 3265 432 3343 perduravit,
450 3267 505 3346 qui
520 3266 686 3330 Socratem
710 3267 825 3330 habuit
845 3268 1038 3329 auditorem.
1057 3265 1249 3348 Gornplnres
1272 3267 1345 3343 qui-

229 3363 301 3427 dem
324 3367 433 3428 etalii
457 3369 667 3445 reperiuntur
688 3367 852 3429 variarum
876 3375 944 3430 tum
967 3366 1006 3429 de
1028 3369 1182 3438 numine,
1214 3377 1281 3428 tum
1305 3350 1359 3427 ἅθ’

230 3465 371 3526 universi
393 3474 509 3529 natura
540 3469 726 3546 opinionum
750 3476 911 3530 auctores.
939 3466 1088 3543 Quorum
1122 3468 1147 3528 si
1180 3483 1346 3544 apponere

230 3567 373 3645 singulas
393 3568 567 3630 sententias
588 3569 619 3629 in
641 3568 783 3630 animum
806 3568 1046 3642 induceremus,
1069 3567 1284 3645 comparanda
1308 3566 1347 3629 li·

232 3659 368 3722 brorum
392 3662 499 3737 ingens
521 3669 605 3722 esset
624 3661 715 3744 sylva
749 3668 809 3723 etc.
834 3680 850 3717 a
873 3660 923 3723 Ex
956 3663 1005 3723 his
1036 3668 1145 3722 autem
1178 3667 1346 3737 nuncupat

229 3758 468 3832 Parmenidem,
492 3757 713 3840 Leucippum,
738 3760 985 3836 Democritum,
1007 3759 1257 3838 Xenophanem,
1282 3755 1345 3820 Ec·

117 3867 119 3870 ’
228 3868 384 3937 paulam,
407 3855 598 3937 Hipponem.
627 3859 739 3923 Postea
768 3861 878 3922 transit
900 3859 938 3919 ad
963 3858 1130 3921 Platonem
1162 3856 1344 3919 secundum

229 3957 365 4022 Gedreni
386 3960 515 4035 seriem,
539 3960 578 4021 ad
601 3960 822 4034 Aristotelem,
846 3960 884 4020 ad
907 3957 1066 4022 Zenonem
1082 3959 1131 4018 vel
1149 3957 1188 4018 ad
1210 3959 1343 4032 stoicos,

227 4057 267 4118 ad
290 4055 484 4138 Epicurum,
506 4060 545 4124 ad
569 4061 784 4142 Pyrrhonem,
808 4059 921 4122 additis
941 4059 1202 4134 brachmanibus,
1220 4056 1344 4120 druidis

224 4163 256 4220 et
278 4156 428 4223 Hesiodo.
453 4159 494 4223 Et
530 4163 560 4222 in
593 4163 641 4224 bis
671 4160 804 4240 explicit
838 4159 935 4222 Liber
958 4159 982 4222 l.
1008 4157 1340 4245 Philosophurncaoa,
