2886 4784
1234 357 1276 427 53

163 482 249 547 uuae
270 461 437 545 Scriptura
458 471 522 529 oon
542 465 665 538 docuit,
677 484 735 529 seo
750 466 892 544 notiora
907 465 1026 529 minori
1040 463 1200 546 admotos
1220 477 1272 526 ar·
1335 500 1349 523 e

162 568 281 647 guissc.
303 565 403 642 Qussi
423 567 566 630 diceret:
589 570 616 632 si
638 577 782 647 peemnt,
796 569 853 649 qui
873 568 916 632 ob
936 567 1149 642 adulterium,
1167 581 1273 630 uxore

162 669 292 732 dimissa
305 709 322 743 ,·
338 668 437 732 aliem
458 668 604 749 ducuut3
627 678 750 749 quanto
771 669 870 750 magis
892 669 931 745 ii,
952 671 1010 750 qui
1031 668 1154 748 ebruna
1175 665 1276 730 iorni·

162 770 298 835 cationis
318 787 417 834 censa
439 754 560 836 uxores
582 771 775 850 repudiant,
790 779 831 859 'nt
850 770 930 833 alies
951 770 1089 834 habesot
1099 787 1112 847 3
1127 769 1222 833 sicuti
1242 765 1278 830 its

159 870 372 952 mouentibus
391 888 419 935 s.
440 869 644 950 Augustinus
663 870 826 950 supienter
845 871 1007 967 exposuit.

243 968 350 1035 Nemo
370 971 456 1034 iuter
482 967 650 1035 Ecclesiae
676 971 788 1035 Patres
810 980 881 1051 post
900 989 927 1035 s.
950 969 1107 1036 ioannem
1133 968 1277 1054 Chryso·

163 1079 320 1149 atomum,
342 1073 437 1138 sicuti
457 1091 486 1136 s.
507 1073 710 1153 Augustinus
730 1073 770 1135 dc
790 1073 953 1137 connubio
975 1071 1151 1136 christiano
1171 1080 1278 1134 tanto·
1337 1137 1340 1143 Δ

162 1193 243 1256 uere
261 1175 401 1256 scripsit,
420 1174 517 1238 variis
537 1175 591 1238 bic
611 1175 679 1239 illie
698 1175 847 1254 ablegatis
867 1173 1120 1254 Evangeliorum
1139 1182 1174 1236 et
1188 1173 1277 1252 Apo·

160 1277 239 1341 stoli
254 1277 361 1353 dietis,
376 1294 488 1340 corum
510 1277 658 1341 fidelibus
679 1286 712 1340 et
732 1276 888 1340 adversus
903 1276 1084 1340 haereticos
1096 1277 1250 1355 expositis
1261 1294 1277 1343 t·

161 1378 361 1459 quibuscum
383 1373 542 1459 perpetuo
566 1379 764 1443 catholicum
796 1379 836 1442 de
867 1378 1009 1460 conjugii
1042 1377 1278 1440 insolubilium

162 1477 280 1558 dogma
301 1479 527 1557 propugnavit.
544 1477 640 1554 Quod
661 1488 770 1543 nutem
792 1497 849 1541 nos
871 1479 1046 1558 praecipue
1065 1477 1106 1539 ab
1127 1477 1273 1558 ejusdcm

162 1579 256 1643 libris
276 1580 477 1659 quaerimus,
494 1580 624 1658 respicit
635 1590 733 1659 caput
752 1576 841 1644 xtx.
858 1574 1016 1652 Matthaei
1030 1597 1041 1641 e
1055 1579 1185 1658 quadem
1202 1595 1275 1657 por·

162 1681 301 1744 scrutsti
320 1698 363 1744 cx
384 1680 550 1743 codicibus
572 1682 695 1758 priscae
716 1682 835 1746 letinae
852 1682 1006 1745 versionis
1028 1677 1207 1744 Bibliorum
1228 1681 1274 1745 ei·

165 1781 243 1844 terit
263 1781 431 1843 commutis
450 1778 480 1845 9.
503 1780 684 1843 lectionem.

236 1877 331 1944 Circe
360 1898 481 1945 sunum
510 1876 583 1950 394.
602 1882 764 1948 scribebat
792 1891 903 1947 contra
934 1883 1143 1947 Adimantum
1172 1882 1274 1945 mani·

162 1983 302 2046 cinaeum
323 2000 355 2043 n.
375 1979 405 2046 1.
427 1980 457 2044 2.
479 1982 519 2044 de
541 1983 713 2063 utriusque
734 1982 928 2048 Testamenti
962 1985 1198 2048 conciliatione.
1223 1983 1273 2047 in·

161 2084 297 2164 quiebat
315 2085 399 2146 enim
413 2082 533 2147 secur
548 2086 654 2164 potios
675 2087 896 2163 (manichaei)
920 2092 1011 2149 setus
1030 2083 1272 2150 Testamentum

162 2185 277 2250 dieunt
289 2185 455 2248 adversari
470 2185 548 2248 buic
560 2187 737 2249 sententiae
752 2184 896 2250 bominis
913 2205 977 2267 qus
994 2186 1071 2249 dicit
1084 2184 1272 2266 relinquen·

161 2287 236 2350 dam
258 2290 327 2349 esse
350 2304 487 2349 uxorem
511 2296 645 2367 propter
667 2305 800 2366 regnum
822 2289 1004 2361 coelorum,
1027 2294 1059 2350 at
1081 2304 1143 2350 uon
1165 2288 1272 2366 ipsum

163 2406 287 2453 uorum
310 2388 370 2452 sibi
391 2386 583 2451 adsessori?
609 2388 696 2468 qood
726 2388 814 2451 netes
845 2397 893 2451 est
920 2388 1039 2451 dicere.
1063 2386 1273 2466 intelligenda

162 2506 209 2553 ea.
222 2497 310 2564 sunt,
325 2507 389 2577 nou
411 2497 533 2553 temere
552 2489 745 2564 accusando,
760 2507 844 2569 quse
859 2489 1015 2568 imperitis
1032 2488 1182 2551 videntur
1201 2492 1273 2553 esse
1381 2507 1384 2513 ·

163 2587 438 2655 concremabant
460 2599 493 2651 et
514 2589 670 2658 Dominus
687 2591 903 2670 interrogatus
923 2606 940 2652 n
961 2589 1087 2670 iudaeis
1109 2595 1221 2654 utrum
1242 2591 1273 2655 ei

164 2690 333 2770 placeret,
356 2691 432 2753 dato
453 2688 565 2753 libello
587 2689 727 2770 repudii,
742 2690 904 2753 dimittere
925 2707 1085 2765 uxorem,
1108 2689 1274 2770 respondit

159 2794 208 2856 eis
228 2792 359 2855 dicens:
380 2808 446 2854 uon
466 2790 584 2869 lecistis
602 2789 755 2872 quonium
774 2791 833 2873 qui
857 2790 934 2873 feeit
952 2791 991 2855 ub
1011 2790 1129 2866 initio,
1148 2809 1273 2856 muscu-

161 2891 229 2956 lum
249 2903 279 2954 et
295 2892 464 2972 sumtuum
485 2889 561 2972 fecit
579 2909 649 2966 σου
678 2903 707 2954 et
735 2891 844 2955 dixit:
870 2902 996 2973 propter
1025 2892 1083 2954 doc
1111 2889 1274 2971 relinquet

160 2993 253 3057 bomo
268 3003 390 3075 patrem
410 3003 438 3056 et
458 3003 606 3058 matrem:
629 3006 658 3056 et
677 2992 856 3058 adhaerebit
883 2991 982 3056 umori
1010 3011 1108 3066 suae,
1128 3001 1158 3056 et
1177 3001 1274 3056 eruat

158 3095 224 3158 duo
245 3091 281 3157 iu
302 3111 398 3158 cerne
417 3089 517 3157 uua?
538 3092 649 3173 Itaque
663 3092 734 3174 jem
752 3111 818 3156 secu
836 3103 913 3158 sunt
932 3095 1005 3165 duo,
1022 3095 1075 3157 sed
1094 3113 1163 3158 urso
1183 3112 1271 3157 coro.

162 3192 258 3270 Quod
276 3213 348 3275 erqo
370 3192 667 3276 buronitanus,
689 3194 779 3257 domo
810 3212 874 3257 uon
895 3204 1027 3275 separet.
1051 3192 1271 3270 vicentini,

158 3293 239 3378 quid
257 3315 329 3376 eruc
350 3295 471 3375 Moyses
485 3293 649 3358 mundavit
661 3294 735 3359 duri
748 3295 887 3359 libellum
898 3294 1023 3376 repudii
1043 3306 1072 3358 et
1091 3293 1273 3360 dimittere?

162 3395 250 3461 Dicit
269 3394 549 3478 strictumque
569 3399 612 3461 ud
631 3395 786 3461 durdium
806 3397 1039 3473 cordisvestri,
1057 3396 1200 3476 permisit
1218 3414 1273 3459 uo·

159 3497 206 3562 bis
228 3498 349 3578 Moyses
369 3497 524 3562 dimittere
542 3517 658 3562 umores
678 3511 817 3562 uetuere
840 3499 878 3563 cb
898 3495 993 3563 initio
1012 3509 1116 3562 cutam
1130 3515 1194 3561 unu
1207 3497 1274 3577 suit

158 3600 217 3664 sie.
235 3599 313 3663 Dico
332 3611 435 3663 autem
454 3598 560 3662 uobis:
578 3599 768 3682 quicumque
784 3598 939 3663 dimiserit
958 3618 1090 3662 umorem
1110 3615 1204 3662 sucat
1222 3594 1274 3660 rti-

159 3699 190 3764 ἐἰ
207 3700 246 3763 cb
264 3718 394 3764 murum
412 3697 652 3782 fornicatiouis,
664 3699 745 3780 fecit
763 3717 833 3764 eum
850 3699 1016 3762 moecliari.
1033 3696 1152 3774 litipse
1171 3698 1202 3759 si
1222 3695 1273 3759 ot-

161 3813 262 3867 teruas
280 3802 423 3875 duxerit,
442 3798 637 3864 adulterium
656 3799 832 3864 committit.
857 3799 941 3864 Ecce
964 3799 1082 3864 babent
1100 3790 1273 3861 condamm

160 3915 226 3968 tam
242 3904 436 3967 senteutiam
460 3903 577 3965 veteris
591 3897 787 3964 Testamenti
807 3903 848 3963 ab
869 3906 938 3981 ipso
955 3892 1093 3964 Domitm
1111 3899 1270 3963 adsersus

160 4005 354 4084 imperitiam
373 4001 580 4083 judaeorum.
603 3998 746 4067 »Nemo
772 4001 923 4078 interim,
954 4002 1039 4065 sorio
1067 3999 1271 4065 considerate

158 4106 317 4171 sermonis
337 4104 500 4180 dominici,
515 4103 676 4168 obstiterit
697 4110 948 4181 cotumaciam
969 4103 1076 4181 illum,
1098 4119 1163 4167 nou
1175 4091 1270 4167 tren·

157 4206 325 4286 seriosius
340 4203 540 4272 'verbotenus
560 4211 659 4286 ceput
672 4199 766 4273 iiix.
789 4201 955 4269 diattboai.
