2886 4784
1217 343 1275 413 llll

150 463 237 526 qaae
259 441 297 505 ia
318 443 408 504 atillo
428 443 465 506 ah
486 441 696 506 ecclesiastiea
721 452 750 504 et
774 443 948 524 apostoliea
977 445 1141 533 discordat
1172 448 1274 510 tradi·

151 545 251 607 tione.
278 542 366 608 Unde
386 564 465 624 ergo
487 546 571 608 istud
595 564 696 608 novae
725 545 912 625 discipliuae
944 557 1081 627 systema
1104 568 1122 611 a
1145 569 1195 613 me
1218 571 1274 613 ex·

154 643 369 724 cogitatum?

243 746 380 826 iusuper
400 750 557 810 neminem
581 748 675 820 latets
691 765 789 826 quam
803 754 897 810 caute
915 754 946 812 et
961 766 1076 828 magno
1092 768 1166 812 oum
1183 759 1271 814 motu

156 849 348 912 incedebam
373 849 498 924 devillis
520 849 742 922 disserturus,
773 865 858 927 qaae
888 849 1060 911 claranda
1084 850 1277 914 videbantur

159 953 189 1010 ia
213 950 332 1011 divinis
354 949 530 1027 Sartaturts
552 967 590 1010 ae
612 950 642 1009 ia
666 949 851 1024 apostolicis
876 948 1110 1013 traditionibus.
1127 948 1275 1030 Undique

160 1053 324 1113 librorum
348 1069 494 1112 meorum
514 1051 574 1110 hoo
590 1049 793 1111 mauilastum
810 1058 869 1123 est,
883 1051 1083 1128 potissimum
1097 1054 1129 1114 io
1145 1051 1276 1114 Perier-

162 1152 253 1214 ohaa.
278 1151 389 1226 Quare
412 1154 442 1211 io
465 1151 669 1213 Praelatiooe
690 1161 801 1214 contra
825 1151 953 1215 Celsum
976 1171 1005 1214 u.
1023 1151 1054 1216 5.
1069 1172 1169 1216 deum
1192 1155 1278 1233 hao-

163 1255 255 1317 stota
277 1253 456 1315 obtestatus
478 1271 562 1324 sum,
585 1256 653 1331 qui,
671 1252 747 1314 dum
770 1255 876 1315 nou‘ei
892 1254 1028 1330 latebat,
1045 1254 1146 1317 multa
1162 1257 1276 1320 esseio

163 1355 367 1433 philosophia
390 1371 579 1432 graecorum
603 1371 664 1414 uon
685 1353 934 1428 contemnenda,
958 1355 1023 1415 imo
1044 1371 1128 1434 quae
1150 1356 1274 1418 tametsi

164 1455 260 1528 falsa,
281 1457 387 1534 specie
410 1464 513 1514 tamen
538 1455 605 1515 veri
628 1454 737 1515 multis
761 1453 870 1515 lucum
895 1453 1001 1518 iacere
1023 1457 1154 1532 possint,
1170 1457 1215 1520 sie
1237 1455 1277 1519 de

163 1558 231 1620 illis
252 1556 420 1635 loquitur:
443 1553 545 1616 Videte
565 1553 675 1634 nequis
696 1572 747 1614 aas
769 1552 904 1634 decipiat
924 1573 978 1634 par
993 1554 1228 1634 philosophiam
1248 1566 1278 1619 et
1398 1622 1400 1626 ,

162 1661 293 1721 iaaaem
312 1655 491 1738 fallaciam,
505 1657 677 1717 aeaaadam
699 1654 899 1718 traditionem
914 1655 1087 1729 homiaem,
1103 1658 1277 1720 seeundum

163 1761 317 1822 elementa
337 1756 451 1820 maadi
482 1766 510 1818 et
535 1774 599 1819 aaa
632 1757 802 1819 aeeaodam
837 1755 1005 1820 Christum.
1028 1756 1071 1820 Et
1091 1777 1223 1821 cerneus
1244 1760 1277 1820 iu

162 1859 368 1922 sermonibus
389 1859 562 1937 sapientiae
585 1857 681 1937 hujus
705 1858 814 1919 muudi
839 1857 939 1919 rideri
961 1857 1140 1938 quidquam
1158 1859 1278 1937 magul-

165 1961 278 2034 ficum,
295 1960 388 2033 dixit,
412 1959 679 2037 philosophorum
697 1959 829 2021 illorum
843 1977 1008 2021 sermones
1028 1959 1198 2022 secundam
1218 1959 1281 2021 aaa

162 2069 272 2123 meato
292 2079 361 2123 esse
381 2060 477 2140 hajas
495 2058 618 2120 maadi.
636 2079 652 2116 a

250 2161 393 2240 ideoque
415 2178 580 2238 uunquam
594 2161 746 2222 desistens
761 2178 779 2222 a
793 2160 894 2222 sacris
905 2158 1096 2238 Scriptura,
1113 2161 1168 2223 has
1184 2177 1277 2240 prae·

166 2265 229 2328 tali
246 2262 513 2343 philosophorum
536 2270 568 2323 et
582 2263 720 2323 maxime
737 2279 928 2340 graecorum
946 2261 1080 2337 placitis.
1098 2260 1138 2323 Et
1153 2263 1275 2326 instans

165 2372 280 2427 eontra
302 2363 451 2425 eumdem
474 2362 602 2424 Celsum
626 2362 656 2423 iu
680 2345 777 2423 Libro
800 2359 869 2422 Vll.
889 2379 919 2421 a.
935 2356 985 2425 30.
1004 2381 1019 2418 a
1034 2378 1114 2440 qaae
1134 2362 1171 2422 de
1191 2371 1278 2424 terra

164 2474 298 2534 sanata,
319 2461 399 2523 idest
420 2463 455 2522 da
479 2459 597 2525 carisa
617 2480 724 2541 raquo,
748 2463 833 2533 dixi,
854 2459 1029 2532 aradimos;
1049 2479 1086 2522 ea
1105 2479 1162 2522 aaa
1183 2479 1238 2522 aaa
1257 2482 1278 2524 a

165 2562 289 2644 qraeae's
309 2580 365 2624 aee
385 2583 405 2624 a
427 2562 560 2627 Platane
580 2561 759 2625 didicimus·
783 2559 823 2635 (Ἠ
848 2558 968 2623 Varum
991 2579 1068 2640 prae
1096 2562 1211 2623 ueteris
1235 2555 1277 2624 te·

166 2667 354 2729 stimonium
377 2665 461 2727 istud
483 2664 685 2743 splendidum
708 2665 901 2724 adversariis
923 2662 1096 2724 satisfaciet
1110 2663 1276 2741 prolatam

164 2769 199 2828 iu
222 2763 364 2828 Humilia
388 2763 427 2826 ll.
450 2783 481 2824 a.
501 2761 532 2828 3.
556 2763 592 2825 ia
614 2763 744 2825 Libram
771 2761 944 2824 tadicum:
968 2763 1022 2824 ubi
1046 2763 1278 2841 interpretatus

168 2866 319 2946 Apostoli
343 2867 440 2926 verba
463 2865 505 2926 ad
525 2863 705 2926 Roeoaaos:
722 2862 799 2942 qaia
813 2881 909 2942 aaqae
924 2880 1024 2938 mora,
1036 2881 1132 2944 aeque
1147 2862 1213 2926 uita
1225 2908 1233 2925 .
1246 2908 1277 2926 ..

163 2966 282 3047 poterit
301 2983 358 3027 aas
378 2984 525 3045 separare
546 2986 567 3028 a
587 2964 740 3028 charitate
763 2963 830 3036 Dei,
847 2983 926 3045 qaae
947 2973 990 3025 est
1004 2965 1040 3025 ia
1060 2964 1184 3028 Christo
1204 2963 1279 3028 Jesa

168 3066 305 3132 Domitio
325 3076 446 3140 aestro,
464 3068 610 3146 aiebam:
636 3088 653 3128 a
674 3065 734 3129 Sed
756 3065 879 3129 Paulas
901 3066 952 3127 hia
974 3075 1030 3136 est,
1053 3067 1111 3145 qai
1132 3067 1206 3128 hasa
1225 3084 1280 3144 po·

165 3168 229 3244 tait
250 3165 377 3231 diacre:⁴
400 3167 478 3248 qaia
501 3184 597 3247 aeque
615 3165 795 3243 praesentia
816 3144 875 3227 etd.
904 3164 988 3228 Certe
1007 3167 1055 3228 ael
1076 3165 1161 3228 ittod
1186 3165 1280 3228 liceat

164 3291 185 3335 a
200 3267 291 3331 aubia
311 3269 500 3347 eoafideater
514 3266 590 3341 atat,
607 3266 685 3346 qaia
699 3286 797 3347 aaqaa
810 3266 964 3329 secularis
979 3268 1162 3329 literaturae
1175 3286 1281 3340 amar,

162 3389 265 3452 aeque
281 3368 538 3448 philosophorum
558 3368 751 3446 sophismata
771 3387 867 3449 aeque
887 3366 1177 3429 anathematiaorum
1197 3369 1281 3429 deor·

157 3472 287 3552 ptioaes
310 3480 337 3531 et
356 3478 515 3532 astrorum
535 3466 680 3532 simulati
700 3486 812 3532 sareas
829 3513 841 3542 ,
858 3486 956 3547 aeqae
980 3465 1192 3531 divinationes
1211 3468 1283 3529 rah-

164 3569 298 3655 reptitia
318 3572 504 3634 daemonum
523 3569 660 3651 saliaria
680 3571 921 3644 commendatae,
936 3587 1032 3650 aequa
1047 3571 1135 3632 atlas
1154 3566 1283 3633 omaiao

246 3806 279 3880 (*)
300 3806 339 3861 Et
363 3807 426 3878 quis
453 3807 567 3880 ignoret
589 3807 741 3880 Origenem
765 3807 876 3863 illorum
898 3805 1021 3879 opinioni
1045 3803 1205 3860 adhaesisse
1229 3801 1278 3857 ali-

169 3900 308 3974 quando,
328 3901 376 3972 qui
393 3900 530 3972 putabant
549 3900 643 3956 stelles
662 3917 725 3956 esse
743 3900 898 3967 animatas,
918 3899 973 3954 nisi
992 3915 1056 3954 oum
1068 3912 1102 3952 ex
1115 3895 1275 3969 seripturis:

165 3993 259 4052 atella
276 4009 328 4048 aaa
345 4001 402 4048 aaut
419 3992 526 4048 madae
543 3991 571 4049 ia
595 4002 725 4065 comperta
743 3991 815 4066 q'as:
841 3992 904 4048 vel:
924 3991 1069 4046 maadatara
1091 4006 1137 4063 eqo
1163 3987 1278 4045 amathar

167 4086 251 4145 stellis
265 4084 393 4160 poterat,
414 4069 506 4145 visum
524 4083 579 4140 sibi
596 4084 681 4153 fuerit
697 4083 751 4141 hoe
771 4083 881 4157 probari
893 4100 986 4157 posse,
1000 4099 1056 4136 noa
1069 4097 1132 4136 vero
1149 4097 1184 4138 ex
1196 4079 1287 4154 philo·

170 4179 297 4245 aouhiet
314 4177 505 4244 Nihilominus
525 4178 594 4252 alias
612 4177 723 4236 dubitat
740 4179 776 4235 de
793 4177 845 4236 hae
863 4193 915 4235 sua
933 4175 1082 4234 sententie.
