2886 4784
1188 342 1190 347 ’
1226 352 1286 424 tlt

160 477 234 528 non
257 457 366 527 solum
387 458 560 542 Origeuem
581 461 636 524 sed
658 470 690 525 et
711 460 884 524 monachos
907 466 943 523 ut
964 459 1143 522 haereticos
1174 478 1284 539 repro·

160 566 293 628 basset.
320 562 405 626 Unde
425 580 510 642 erpo,
528 562 605 626 dicit
625 565 654 625 ei
676 560 882 634 Ammonius,
899 559 1068 622 haereticos
1088 578 1138 622 cos
1158 561 1288 642 judica·
1369 613 1374 622 .

156 666 231 742 sti,
257 665 317 746 qai
337 665 464 727 nullum
485 664 575 725 bobes
596 673 837 742 argumentum,
860 681 922 741 qno
942 662 1127 725 sententiam
1151 661 1283 726 iliarum

151 767 270 847 possis
293 764 451 846 arguere?
471 762 673 844 Epiphanius
693 764 870 843 respoudit,
883 764 919 824 id
931 783 961 824 se
981 764 1106 827 aedita·
1118 766 1282 845 accepim.

160 870 272 942 ldest,
299 871 402 931 dicam
425 886 497 946 ego,
521 886 562 929 ex
586 867 791 929 mendacibus
813 863 983 946 Theophili
1005 866 1132 928 litteris.
1226 857 1228 863 ’

244 969 313 1033 'His
335 971 478 1032 breviter
500 970 655 1048 expositis
676 968 716 1030 de
732 968 860 1030 duobus
874 968 1031 1042 conciliis,
1048 967 1151 1030 lucilia
1166 978 1215 1031 est
1230 987 1283 1032 se-

142 1053 282 1136 cessus
304 1071 343 1132 ad
367 1089 403 1132 ea
426 1071 639 1148 explicanda,
661 1088 745 1149 qnae
769 1069 984 1132 tumultuarie
1005 1067 1283 1149 Constantinopoli

164 1174 284 1237 eadem
305 1173 345 1233 dc
367 1190 464 1233 causa
488 1179 614 1249 patrata
647 1179 744 1232 sunt:
767 1181 798 1232 et
821 1179 942 1248 quanto
971 1170 1048 1250 J‘ure
1068 1189 1093 1232 s.
1120 1169 1280 1252 Hierony·

165 1292 241 1339 mus
263 1273 408 1336 scribens
429 1273 468 1334 ad
491 1273 611 1334 amicos
635 1273 873 1345 occidentales,
896 1274 1016 1334 dixerit
1041 1256 1216 1352 Origenem
1248 1281 1282 1335 et

167 1375 362 1455 origenistas
385 1374 559 1434 monachos
581 1373 679 1435 inisse
701 1375 732 1433 in
754 1374 897 1436 conciliis
919 1375 1132 1437 orientalibus
1154 1373 1284 1437 damna·

169 1484 231 1541 los.
256 1477 360 1539 Antea
384 1476 653 1553 praemittendum
672 1482 731 1547 est,
749 1472 999 1553 pripbanium‚
1019 1476 1167 1538 absoluta
1185 1474 1287 1559 Syno-

167 1580 207 1642 do
230 1578 367 1662 cypria,
390 1578 462 1639 ideo
484 1595 526 1638 ex
547 1573 718 1653 Theophili
740 1578 873 1637 oonsilio
895 1575 1204 1656 Constantinopolim
1229 1594 1285 1638 ns·

172 1680 307 1759 rigasse.
330 1677 510 1756 scripserat
530 1679 613 1738 enim
637 1680 664 1737 ei
688 1672 888 1755 Theophilus
915 1679 962 1738 bis
992 1680 1116 1739 verbis:
1142 1699 1158 1736 n
1182 1675 1284 1740 Didici

168 1781 257 1862 qnod
282 1778 534 1842 calumniatores
559 1795 653 1840 verae
676 1777 761 1850 fidei,
786 1778 988 1852 drumonius,
1007 1778 1165 1841 Eusebius
1184 1786 1284 1856 etque

172 1880 373 1962 Euthymios
395 1898 480 1942 noro
514 1897 573 1958 pro
600 1880 728 1939 haeresi
752 1875 924 1956 {Origenisl
948 1879 1060 1941 iurore
1091 1878 1284 1940 bacchantes

167 1979 477 2058 Constantinopolim
500 1980 705 2057 navigarunt,
724 1986 760 2039 ut
781 1988 812 2038 et
835 1996 947 2050 noros,
970 1981 1079 2057 siquos
1103 1981 1279 2052 valuerint,

171 2083 357 2162 decipiant:
381 2091 414 2142 et
442 2081 607 2143 veteribus
635 2098 713 2141 suae
742 2080 914 2157 impietatis
939 2082 1033 2142 sociis
1058 2080 1247 2159 jungantur.
1264 2098 1281 2136 e

169 2181 251 2246 Vide
273 2182 453 2262 perfidiam,
470 2201 533 2260 qun
557 2200 634 2245 usus
656 2188 703 2242 est
724 2177 937 2259 Theophilus,
954 2190 990 2243 ut
1006 2179 1185 2260 Epiphanio
1206 2181 1282 2244 illu·

169 2283 262 2346 deret
285 2291 316 2344 et
339 2283 502 2344 monacbis
524 2292 665 2344 noceret.

249 2383 379 2446 interim
411 2384 577 2457 audiatur,
611 2385 698 2463 quod
730 2385 844 2450 scribit
876 2383 1023 2470 Socrates
1047 2388 1078 2447 iu
1101 2383 1198 2447 Libro
1221 2382 1277 2445 Vl.

166 2500 195 2548 c.
220 2482 308 2548 XlV.
333 2482 415 2547 llist.
442 2484 528 2547 [leel.
545 2485 584 2548 de
608 2485 778 2565 Epiphanii
801 2487 941 2549 adventu
958 2487 988 2546 in
1006 2485 1134 2557 urbem,
1150 2492 1182 2547 et
1196 2504 1278 2563 quo·

166 2588 382 2652 modo‘istum
406 2587 554 2649 hortatus
577 2597 625 2649 est
640 2587 779 2650 loannes
804 2597 839 2650 ut
860 2607 970 2650 secum
993 2590 1024 2650 iu
1046 2588 1141 2649 domo
1157 2587 1281 2664 episco-

165 2688 232 2768 pali
254 2698 398 2752 maneret
409 2702 449 2751 s«
463 2687 585 2751 Verum
608 2689 664 2751 ille
685 2708 790 2767 neque
813 2707 1001 2751 mansurum
1017 2706 1090 2752 oum
1107 2708 1157 2764 eo,
1174 2706 1281 2767 neque

164 2798 379 2870 precatorum
402 2810 470 2854 esse
492 2792 588 2864 dixit,
604 2792 662 2851 nisi
685 2789 877 2852 Dioscorum
901 2790 1084 2870 fratresque
1106 2790 1176 2870 ejus
1196 2808 1215 2851 a
1237 2791 1281 2852 ci·

165 2893 266 2952 ritate
288 2892 479 2970 expulisset,
496 2902 529 2953 et
549 2891 806 2953 condemnationi
828 2890 988 2951 librorum
1010 2889 1160 2969 (trigenis
1178 2907 1280 2953 ,manu

163 2991 296 3069 propria
313 2992 563 3069 subscripsisset.
582 2990 662 3054 Cum
680 2989 820 3052 loannes
837 2991 865 3050 td
886 2990 992 3051 lacere
1009 2989 1167 3068 dilierret3
1186 2997 1218 3051 et
1232 2992 1279 3050 ni·

162 3089 210 3152 bil
236 3097 356 3153 temere
378 3092 537 3169 agendum
566 3110 634 3154 esse
660 3092 781 3154 diceret
807 3080 868 3191 erpi
883 3087 1062 3167 καθολικῆς
1076 3086 1278 3180 διαγνώσεως

160 3199 240 3254 aute
261 3192 454 3255 catholicam
477 3194 719 3273 definitionem3
742 3197 861 3257 inimici
897 3194 1022 3257 loannis
1050 3195 1141 3256 aliud
1174 3199 1276 3256 cousi·

159 3291 245 3354 lium
268 3302 499 3373 suggesserunt
531 3293 722 3374 Epiphanio.
754 3295 836 3360 Nam
868 3313 941 3359 cum
973 3295 1165 3356 celebranda
1195 3306 1278 3360 esset

159 3390 308 3457 Collecta
331 3398 364 3456 iu
390 3395 526 3458 eeclesia
552 3396 809 3475 Apostolorum,
834 3396 1048 3476 Epiphanium
1082 3397 1113 3457 in
1135 3397 1279 3458 medium

161 3492 296 3575 prodire
319 3493 477 3570 lecerunt,
494 3503 527 3558 et
548 3513 657 3557 coram
681 3498 834 3560 universo
851 3497 971 3577 populo
987 3499 1129 3575 primum
1144 3498 1276 3576 quidem

159 3590 312 3673 Origenis
333 3595 433 3656 libros
455 3596 693 3660 condemnare:
718 3599 831 3661 deinde
865 3616 943 3662 sero
976 3596 1167 3662 blascorum
1201 3615 1276 3660 cum

158 3695 228 3756 suis
248 3696 545 3772 excommunicare,
561 3704 593 3757 et
607 3695 778 3769 loannem,
796 3707 909 3777 utpote
931 3700 976 3761 eis
999 3699 1160 3759 laventem
1178 3698 1276 3761 simul

159 3795 390 3875 perstringere.
413 3794 501 3858 llaec
522 3797 637 3861 loanni
668 3801 929 3863 nuntiatasseunt.
953 3817 970 3856 a
994 3798 1108 3861 l’ostea
1141 3800 1172 3859 iu
1203 3817 1273 3877 cap.

158 3898 309 3973 sequenti
331 3896 451 3969 subdit,
469 3899 635 3976 quomodo
658 3898 807 3963 Eudoxio
831 3901 959 3962 hortata
981 3900 1022 3961 sit
1043 3896 1274 3978 Theophilum,

159 4001 199 4057 ut
219 3994 385 4076 Synodum
408 4008 581 4080 congreget
601 4003 756 4064 adversus
777 4000 950 4063 ioannem:
969 4001 1023 4061 ubi
1046 4000 1167 4062 multae
1182 4017 1277 4063 accu-

160 4098 302 4159 sationes
323 4108 429 4163 motse
450 4109 525 4164 suut
546 4103 576 4163 in
598 4111 744 4165 sanctum
768 4105 895 4165 virum:
921 4122 936 4161 n
954 4099 1028 4164 Nec
1046 4101 1113 4182 jam
1134 4100 1273 4175 ibidem,

158 4199 335 4280 sequitur,
357 4200 519 4269 librorum
540 4200 688 4284 Origeuis
712 4202 778 4269 ulla
802 4202 898 4268 tiebat
919 4203 1038 4268 mentio
1049 4221 1060 4282 3
1083 4203 1139 4265 sed
1160 4202 1273 4267 absur-
