2886 4784
481 224 499 265 d

144 443 183 511 Et
203 450 248 511 ite
271 449 457 528 explicatur
478 450 666 530 praecipue,
693 467 754 514 cor
775 449 832 512 din
853 447 1133 529 Constantinopoli
1158 467 1265 513 more-

144 559 195 612 tus
215 553 258 613 sit
281 548 440 632 Vipilios,
462 551 559 615 aliter
580 569 599 613 a
623 569 704 614 roua
728 552 1016 630 praesumptione,
1041 564 1139 629 quam
1164 551 1264 614 tristo-

140 649 198 714 rici
220 650 342 712 iocanti
364 658 595 729 conceperunt,
617 668 635 714 a
657 652 938 715 schismaticorum
964 654 1097 733 pertidia
1121 653 1221 715 illusi.

226 744 342 830 ltaque
373 770 436 815 nou
463 762 512 815 est
533 752 765 816 attendendum
791 753 879 831 qnod
913 754 1036 832 legitor
1065 756 1096 815 in
1128 751 1264 832 epistota

142 849 334 935 ripatorio,
356 852 411 917 ubi
432 851 554 917 dieitur
574 850 711 934 vigilius
732 857 896 935 scripsisse
918 856 956 916 ad
974 855 1188 917 Aurelianum
1204 855 1267 916 snb

143 953 291 1018 custodia
314 955 449 1033 positus,
468 972 527 1018 uec
546 957 577 1018 ei
600 955 729 1019 licuisse
751 955 932 1035 significare
953 956 1030 1036 quid
1054 957 1085 1018 in
1107 974 1143 1018 ea
1166 973 1263 1018 cansa

143 1053 373 1135 dapttutorum
395 1064 561 1134 ageretur,
580 1076 597 1116 a
612 1057 672 1121 nisi
695 1064 819 1120 tantum
842 1057 879 1118 de
899 1054 975 1119 aliis
996 1055 1121 1120 cauma:
1140 1066 1171 1118 et
1187 1059 1263 1136 qnia

145 1153 241 1217 tidem
264 1156 457 1218 catholicam
479 1163 512 1218 et
532 1168 676 1235 quatuor
697 1158 897 1242 synodorum
921 1159 1135 1220 reverentiam
1151 1175 1267 1220 secun·

145 1258 224 1321 dum
243 1258 448 1319 traditionem
467 1257 600 1320 Petrum
623 1259 764 1321 custodit
779 1266 878 1338 atque
899 1269 1113 1322 conservat.»
1134 1257 1174 1321 Et
1190 1259 1269 1319 lraec

147 1358 225 1421 dicit
248 1364 427 1440 anonymus
448 1360 537 1422 illius
558 1361 714 1440 epistolae
737 1359 876 1421 Auctor.

231 1455 462 1540 Nequaquam,
479 1463 584 1524 dicam
606 1480 679 1540 ego,
696 1479 759 1524 uon
780 1462 817 1523 de
837 1458 913 1524 aliis
933 1460 1040 1524 causes
1053 1469 1148 1525 extra
1170 1477 1269 1541 qnae·

149 1563 288 1625 ationem
311 1561 564 1642 Capitulorum,
587 1562 642 1627 sed
671 1581 824 1644 expresse
855 1571 889 1626 et
915 1562 1064 1628 absolute
1093 1562 1134 1626 de
1165 1562 1268 1626 tribas

149 1661 308 1741 Capitulis
332 1674 449 1728 tractat
473 1663 610 1745 vigilius
632 1665 663 1728 in
684 1665 734 1728 his
755 1666 873 1729 litteris
897 1665 936 1728 ad
961 1664 1191 1740 Aurelianum,
1214 1681 1269 1728 cn·

149 1763 222 1827 dem
248 1775 394 1843 repetens
412 1786 497 1848 quae
517 1770 646 1847 scripsit
666 1770 705 1830 de
726 1767 880 1833 tunicato
902 1768 940 1830 ad
964 1767 1136 1832 Rusticum
1159 1776 1192 1830 et
1212 1767 1265 1831 Se·

149 1865 331 1928 boetianum
354 1876 386 1930 et
406 1871 444 1929 ad
469 1867 741 1932 Valentinianum.
768 1867 808 1932 Et
842 1870 883 1931 ob
916 1871 976 1931 lroc
1009 1872 1141 1948 insuper
1171 1872 1266 1931 instat

150 1967 360 2031 vehementer
382 1971 531 2033 hortatus
553 1968 679 2034 Galliae
700 1973 867 2052 episcopos
889 1989 927 2033 ne
940 1991 961 2032 a
975 1969 1175 2033 mendacibus
1196 1988 1265 2031 oar·

147 2065 194 2130 dis
215 2068 389 2133 renunciis
410 2081 438 2132 et
457 2070 553 2152 salsis
584 2070 714 2151 scriptis
733 2072 958 2134 turbarentur.
983 2069 1077 2147 Quae
1102 2072 1268 2134 mandacio

147 2169 254 2245 ambo,
276 2169 386 2234 nuntii
407 2174 568 2237 mendaces
590 2183 618 2236 et
637 2174 724 2254 suisa
745 2171 887 2252 scripto,
910 2192 945 2235 ea
970 2175 1036 2252 ipsa
1059 2183 1151 2236 erant
1174 2192 1191 2234 a
1215 2192 1267 2234 me

146 2269 290 2334 discussa
313 2281 345 2334 ct
367 2273 507 2337 refutata
530 2276 561 2335 io
583 2295 611 2338 c.
636 2272 756 2338 xvttt.
779 2284 812 2337 et
834 2276 1022 2353 praesertim
1047 2262 1126 2337 haec
1152 2275 1264 2337 eadem

146 2370 281 2448 epistola
303 2371 477 2453 tepoteriis.
497 2373 658 2436 Deficiunt
679 2377 779 2453 igitur
800 2376 999 2454 quaerulgo
1021 2375 1203 2438 creduntur
1225 2374 1264 2434 de

149 2471 308 2552 Principis
337 2464 494 2539 violentia·
515 2478 545 2537 in
569 2473 748 2555 vigilium,
780 2478 822 2540 ita
853 2488 888 2540 ut
918 2478 993 2539 talia
1024 2497 1064 2539 ex
1092 2485 1182 2540 metu
1212 2494 1268 2537 no·

149 2573 264 2638 luisset
278 2577 400 2654 scripto
417 2577 578 2638 mandare.
596 2575 669 2639 Non
684 2579 766 2638 enim
789 2578 819 2639 in
841 2588 968 2641 secreto
982 2578 1109 2658 scripsit
1127 2575 1264 2657 vigilius

149 2676 344 2754 epistolem,
367 2696 425 2740 noc
446 2679 575 2741 occulte
599 2680 729 2741 tradidit
753 2681 921 2742 Anastasio
944 2688 980 2742 ut
1001 2698 1094 2742 nemo
1117 2680 1198 2740 hanc
1225 2678 1269 2738 le·

148 2785 241 2856 peret
262 2779 320 2840 uisi
343 2777 552 2842 Aurelianus.
578 2778 627 2842 Ab
649 2781 717 2858 ipso
740 2781 823 2841 enim
847 2779 1049 2858 lmpcratore
1071 2781 1171 2860 paulo
1194 2767 1266 2858 post

149 2878 230 2940 haec
251 2878 363 2942 eadem
385 2881 527 2957 citatur3
551 2889 583 2942 et
604 2881 634 2941 iu
656 2878 786 2965 Synodo
802 2881 924 2960 legitur
945 2900 1018 2944 com
1041 2884 1170 2957 ceteris,
1186 2899 1267 2960 quas

150 2976 240 3057 Papa
263 2979 302 3040 de
324 2979 443 3041 eisdem
465 2979 622 3060 Capitulis
648 2981 787 3059 scripsit.
809 2978 922 3060 Siquid
956 2981 1115 3042 adversos
1147 2980 1268 3041 Princi-

151 3094 224 3156 pem
247 3077 303 3140 ille
324 3079 505 3155 indicasset,
523 3081 603 3144 idest
625 3082 713 3160 quod
736 3082 885 3160 captivos
907 3082 937 3142 in
961 3078 1047 3142 Urbe
1070 3081 1157 3161 regia
1181 3086 1267 3142 tene·

152 3184 248 3241 retur
270 3175 418 3259 Vigilios,
441 3199 500 3243 nec
521 3183 665 3244 scribere
686 3183 728 3243 olr
751 3190 872 3245 metum
896 3182 1033 3244 auderet
1054 3199 1139 3261 quae
1160 3180 1200 3242 de
1220 3199 1268 3242 se·

151 3279 220 3360 ipso
248 3287 361 3355 eraut,
383 3300 515 3360 sperans
548 3300 582 3344 se
614 3283 823 3345 nibilominus
846 3291 916 3363 post
939 3283 1078 3345 reditum
1100 3298 1198 3344 suum
1222 3281 1267 3342 ta·

151 3390 284 3463 ctarurn
295 3404 307 3459 ;
329 3381 467 3446 tortasse
488 3381 713 3458 lastinianus,
737 3385 796 3448 hac
818 3387 849 3447 in
881 3403 956 3448 eom
981 3383 1131 3447 violentia
1166 3401 1266 3456 naus,

151 3499 215 3545 nou
238 3482 416 3546 dubitasset
436 3484 551 3547 saltem
584 3478 623 3546 de
654 3503 688 3544 se
721 3493 753 3547 et
784 3495 895 3548 contre
919 3505 952 3549 se
976 3485 1058 3548 verti
1080 3502 1116 3547 ea
1142 3482 1269 3546 rerba?

150 3580 356 3663 Proindeque
380 3587 465 3648 hunc
494 3585 580 3649 haud
603 3586 752 3665 ignoraus
773 3589 928 3666 epistolae
952 3593 1119 3657 tenorem,
1142 3603 1200 3648 nec
1221 3585 1265 3646 ita

150 3687 295 3748 scribere
316 3688 346 3749 ei
368 3688 575 3765 permisisset,
592 3706 650 3750 nec
673 3689 777 3752 multo
800 3676 904 3751 nrinus
927 3707 1035 3751 coram
1051 3687 1180 3772 Synodo
1202 3687 1264 3750 hoc

152 3787 343 3866 protulisset
367 3786 472 3867 Vigilii
490 3790 721 3853 documentum
744 3789 775 3851 in
795 3789 935 3868 suipsius
958 3786 1266 3850 condemnationem.

229 3887 446 3954 Nihilominus
467 3911 496 3954 c.
520 3889 643 3956 Censor
664 3893 748 3953 circa
771 3892 947 3954 dissensum
970 3888 1077 3968 Vigilii
1109 3906 1182 3951 cum
1205 3886 1265 3950 Ju-

149 3989 289 4052 stioiauo
311 3998 343 4053 et
365 3993 463 4075 hujus
488 3994 672 4057 violentiam
695 3994 725 4055 iu
747 4013 822 4058 eum
848 4003 880 4056 ct
902 3995 932 4055 iu
957 3993 1148 4072 Pelagium,
1174 3995 1268 4054 testes

148 4089 293 4166 appellat
316 4089 543 4158 Marcellinum
565 4104 597 4157 et
619 4093 807 4173 Victorcm;
832 4102 862 4156 et
879 4095 923 4155 ait
939 4112 989 4155 mo
1004 4093 1083 4156 alias
1100 4091 1263 4155 admisisse

150 4188 269 4255 horum
292 4195 487 4271 testimonia,
511 4197 590 4259 alies
613 4195 733 4260 eisdem
755 4213 888 4276 negasse
911 4195 1018 4258 fidem.
