2886 4784
156 456 311 532 ptiouom,
334 450 485 515 addentes
506 468 661 531 quoque,
684 445 828 529 ejusdem
850 446 951 510 libros
973 442 1072 509 luisse
1094 443 1248 526 interpola*

158 564 219 626 tos,
244 555 293 614 rel
315 572 443 614 sensum
466 562 683 630 corruptume
706 559 739 612 et
761 550 833 610 hinc
854 565 938 626 quae
960 547 1124 609 haeretica
1151 549 1249 611 ibidem

156 654 360 731 legebantur,
378 671 440 713 non
456 669 523 713 esse
540 652 686 714 codicum
702 652 904 710 sincerorum
921 649 1116 726 portionem;
1133 666 1185 709 nec
1196 649 1250 724 hoc,

157 757 323 832 inquiunt,
343 752 457 816 miram
479 771 554 823 esse,
576 751 606 811 si
625 750 661 812 ia
683 748 774 811 libris
795 767 901 809 recens
915 745 1046 827 seriptis
1060 750 1155 827 [raus
1168 749 1254 811 heere

159 852 224 915 lire
244 854 357 933 luisset
377 862 523 931 operata:
547 869 627 929 quae
648 851 683 911 in
704 847 892 928 quibusdam
914 850 991 912 locis
1019 869 1086 912 non
1118 850 1255 914 timuisset

157 953 296 1016 incidere
316 951 529 1033 evonpelc'eom
546 951 716 1014 veritatem.
741 951 782 1013 Et
804 954 864 1012 boc
886 954 1061 1030 genuinum
1086 939 1263 1032 responsum

158 1074 176 1116 a
200 1057 363 1117 inonachis
386 1058 416 1115 in
438 1055 566 1138 Synodo
589 1053 782 1126 exhibitum,
806 1070 843 1113 ac
865 1052 896 1111 ln
917 1071 951 1113 se
973 1054 1141 1114 continens
1160 1071 1256 1116 rerum

158 1156 357 1233 quaestionis
378 1162 497 1216 statum
531 1152 615 1215 inter
647 1156 775 1217 eosdem
808 1145 1117 1234 et'Theophilum‚
1146 1171 1257 1216 omnen

160 1257 245 1319 tollit
267 1257 518 1316 dubitationem:
543 1274 579 1316 ac
602 1255 858 1319 luculentissime
881 1258 1031 1333 ostendit,
1051 1257 1259 1337 quaestionem

160 1376 249 1419 mere
271 1357 415 1417 criticam
448 1356 545 1417 luisse
567 1357 607 1416 ibi
631 1375 647 1416 a
672 1359 829 1436 principio
863 1361 1043 1437 agitatam,
1075 1365 1109 1420 et
1138 1358 1258 1420 alteram

158 1461 288 1522 omniuo
310 1456 479 1518 exclusam
502 1458 717 1534 dogmaticam
739 1461 971 1537 quaestionem.

239 1556 407 1634 Alioquin,
424 1561 448 1618 si
465 1576 481 1616 a
498 1555 683 1636 Theophilq
698 1560 728 1619 in
744 1559 872 1643 Synodo
893 1579 1002 1623 coram
1021 1560 1187 1622 monachis
1200 1575 1258 1638 pre

161 1658 301 1736 positum
325 1656 437 1718 luisset
458 1658 606 1720 obsolute
627 1659 795 1720 anathema
820 1678 970 1722 errorum
992 1662 1140 1723 omnium
1161 1657 1257 1737 Origo·

161 1759 193 1820 ni
215 1757 480 1836 adscriptorum3
505 1767 536 1820 et
558 1760 598 1819 ab
620 1761 656 1820 iis
679 1763 796 1824 borum
819 1762 1012 1841 postulasset
1036 1760 1259 1821 condemnatio·

161 1876 256 1936 uem3
280 1869 311 1920 et
332 1861 357 1919 si
381 1861 526 1921 monachi
552 1863 731 1923 renuissent
764 1865 839 1925 boio
871 1862 1027 1925 accedere
1055 1862 1257 1939 damnationi3

162 1967 239 2023 tunc
256 1960 332 2040 jure
355 1963 385 2021 iu
409 1962 581 2022 monachos
605 1971 769 2042 tanlquam
793 1967 974 2026 haereticos
995 1965 1133 2043 egisset,
1156 1978 1258 2041 eosque

161 2064 271 2141 poenis
296 2061 484 2141 subjecisset
514 2062 638 2126 inllictis
669 2067 847 2127 catholicae
879 2065 952 2126 fidei
982 2065 1255 2143 expugnatoribus.

162 2160 313 2223 Attamen
337 2158 537 2241 Theophilus
567 2166 634 2242 ipse
664 2166 694 2225 iu
724 2167 853 2249 Synodo
885 2183 1095 2245 nequaquam
1127 2166 1256 2243 dogmata

162 2263 323 2326 haeretica
357 2265 494 2342 protulit
529 2266 856 2342 anathematizanda,
885 2266 941 2327 sed
973 2266 1076 2326 libros
1108 2283 1182 2327 eum
1212 2278 1257 2326 suo

161 2364 334 2426 Auctore:
358 2381 420 2425 raon
451 2364 617 2427 doetrinae
646 2368 841 2438 essentium,
864 2366 918 2428 sed
942 2382 1114 2444 personam
1141 2365 1256 2446 ejusque

161 2468 295 2545 scripta.
328 2463 410 2529 Nam
437 2465 475 2526 de
506 2466 651 2528 doctrina
676 2468 770 2545 impia
800 2468 888 2529 nulla
920 2474 990 2529 erat
1016 2469 1166 2546 quaestio
1192 2467 1257 2527 iuter

163 2569 338 2629 monachos
354 2575 388 2628 et
404 2565 633 2647 Theophilum.
650 2569 862 2630 Orthodosos
883 2589 917 2630 se
939 2587 1007 2630 esse
1030 2577 1063 2630 et
1085 2567 1257 2630 catholicin

163 2670 324 2749 prolessos
348 2668 441 2730 tidem
467 2672 615 2732 monaehi
638 2689 747 2731 coram
776 2669 843 2731 Deo
865 2680 897 2732 et
920 2670 1105 2732 hominibus
1126 2670 1256 2749 saepius,

164 2777 200 2831 ut
224 2770 303 2833 inira
328 2774 427 2848 magis
450 2772 602 2849 patefiet,
625 2772 773 2833 obtestati
806 2781 889 2834 suut.
913 2770 1051 2832 Tantum
1075 2771 1116 2831 de
1137 2769 1256 2847 Origene

164 2870 205 2930 ab
227 2870 264 2931 iis
295 2873 514 2948 quaerebatur
546 2881 577 2933 et
608 2872 881 2946 contendebatur,
905 2890 980 2931 num
1005 2856 1080 2931 talis
1116 2869 1257 2949 protessus

163 2982 246 3032 esset
268 2975 455 3050 scriptoque
479 2974 668 3034 mandasset.
695 2972 843 3034 Fortasse
866 2982 985 3033 temero
1009 2973 1070 3032 hoc
1098 2971 1257 3049 postulaba-

167 3071 249 3136 tur'?
271 3071 384 3136 Nonne
406 3083 477 3134 cerat
499 3074 662 3135 monachis
685 3075 850 3136 dubitandi
875 3075 957 3134 ratio
974 3072 1013 3133 de
1030 3073 1259 3150 interpolatione

164 3183 196 3235 ct
218 3176 427 3252 corruptione
457 3176 617 3237 libroruin
640 3174 817 3254 Origeuis'?
838 3174 951 3238 Nonne
974 3175 1015 3234 ab
1037 3177 1138 3253 ipsius
1162 3174 1259 3235 Aoete

169 3275 211 3336 ris
233 3285 339 3336 aetate
363 3278 428 3352 ipse
449 3282 664 3354 conqueritur
685 3278 723 3337 de
750 3296 886 3338 suorum
920 3279 1081 3348 librorum
1114 3275 1258 3335 falsatione

163 3376 285 3438 sivein
310 3378 425 3448 verbis,
443 3381 515 3439 sive
538 3380 683 3439 insensu
706 3398 746 3446 es
770 3380 1008 3442 haereticorum
1032 3365 1153 3454 parte?
1175 3373 1258 3452 Hujus

166 3478 211 3536 rei
234 3479 308 3537 satis
332 3489 472 3553 praestat
494 3498 519 3540 s.
546 3479 955 3555 Pamphilitestimouium.
982 3475 1051 3537 Nou
1080 3477 1140 3538 luit
1173 3480 1258 3551 itaque

168 3595 337 3655 perperam
360 3580 564 3640 adsertuma
589 3580 771 3654 monachis,
796 3596 853 3639 nec
876 3588 994 3639 temere
1017 3576 1258 3645 consulturum

167 3678 238 3739 ideo
260 3680 346 3739 nolle
367 3680 572 3740 subscribere
594 3679 742 3756 Origenis
765 3679 982 3739 anathemati:
1009 3675 1107 3754 cujus
1140 3684 1259 3750 eousque

166 3781 341 3841 orthodoxi
365 3799 479 3842 noussen
496 3791 605 3840 ¹totum
630 3780 828 3856 pervadebat
850 3779 962 3839 orbem
986 3778 1209 3838 christianum.

252 3881 289 3943 Et
314 3882 392 3943 haec
414 3892 482 3942 erat
508 3883 649 3942 conditio
670 3881 864 3958 quaestionis
887 3879 1092 3956 origenianae
1116 3879 1196 3937 inter
1214 3889 1261 3935 no·

167 3983 286 4042 nachos
308 3991 339 4042 et
361 3979 599 4059 l'heophilum3
619 3984 660 4040 ita
679 3992 713 4041 ut
730 3981 963 4041 monachorum
986 3987 1178 4056 argumenta
1196 3974 1261 4034 ride·

169 4091 284 4141 rentur
302 4081 377 4159 juro
399 4093 564 4163 praestare
598 4084 784 4144 auctoritati
806 4079 977 4160 Theophili
1002 4088 1034 4140 et
1056 4080 1260 4158 episcoporum

169 4180 298 4262 Synodo
320 4184 524 4244 adstantium.
552 4181 702 4244 Attamen
726 4190 809 4244 tanta
833 4182 984 4244 illusione
1009 4176 1260 4257 Hieronymusll
