2886 4784
1243 319 1265 387 3

136 432 201 512 qui
220 434 296 494 eunt
315 426 574 507 inexpertiores;
590 430 624 487 et
639 425 671 486 iu
686 423 874 505 captivitate
895 423 1019 488 ducunt
1038 443 1093 487 eos
1112 424 1263 488 falsantes

137 532 241 596 verbs
263 530 468 593 Domini...
487 527 664 591 suadenter
685 527 816 605 quidem
837 526 977 588 illiciunt
1006 544 1063 605 per
1087 527 1264 589 verborum

128 640 245 696 artem
267 629 501 709 simpliciores.
523 626 702 690 ..Error
722 636 832 689 autem
855 629 939 689 euim
961 628 1139 690 seeundum
1162 647 1264 690 seme·

131 734 263 813 tipsum
286 750 348 794 non
370 730 574 802 ostenditur,
599 747 637 790 ue
660 729 841 792 denudatus
864 728 919 790 liat
941 728 1264 808 comprehensibilis,

120 835 291 898 suasorio
312 840 422 894 autem
444 831 687 910 cooperimento
709 830 846 893 subdole
869 830 1060 904 adornatus,
1078 842 1110 893 et
1130 834 1195 908 ipsa
1216 849 1269 893 ve·

119 935 235 996 ritate
258 932 448 1011 (ridiculum
470 939 519 992 est
541 940 573 993 et
595 929 726 1006 dicere)
752 932 915 993 veriorem
944 933 1152 1010 semetipsum
1175 949 1267 1011 prse-

123 1035 216 1110 tert,
241 1041 279 1096 ut
300 1033 439 1111 decipiat
453 1031 611 1095 exteriori
630 1032 854 1110 phantasmate
870 1032 1039 1094 rudiores:
1057 1033 1267 1112 quemadmo-

123 1138 217 1198 ‹lum
234 1135 405 1197 ameliore
427 1134 517 1196 nobis
533 1135 654 1196 dictum
669 1141 717 1195 est
733 1133 772 1194 de
790 1131 991 1211 hujusmodi.
1006 1155 1023 1191 «
1041 1132 1202 1208 Quoniam
1217 1135 1266 1195 la·

121 1236 246 1314 pidem
271 1236 448 1313 pretiosum
471 1234 701 1311 smaragdum,
725 1233 830 1309 magui
853 1233 947 1311 pretii
973 1234 1058 1308 apud
1082 1232 1262 1311 quosdam,

132 1338 285 1400 vitreum
310 1337 339 1396 iu
360 1335 432 1416 ejus
453 1334 685 1399 contumeliam
703 1351 762 1412 per
776 1342 881 1395 artem
900 1333 1127 1408 assimilatum,
1144 1332 1267 1412 quosd-

126 1455 248 1516 usque
269 1454 332 1498 non
353 1435 455 1510 adest,
474 1436 529 1514 qui
546 1443 661 1524 potest¹
673 1434 814 1512 probare
831 1442 864 1496 et
878 1433 1052 1496 artificium
1075 1433 1264 1513 explorare,

126 1545 244 1615 atque
265 1535 345 1597 artis
364 1535 512 1610 solertia,
535 1535 566 1595 id
588 1533 674 1614 qnod
700 1542 831 1597 versute
854 1533 976 1596 iactum
998 1543 1066 1609 est,
1088 1533 1267 1613 depreben-

126 1635 220 1698 siere
243 1642 345 1713 queat
366 1644 428 1698 etc.
453 1654 468 1690 s

224 1735 286 1800 Sed
311 1737 427 1799 melius
443 1736 473 1797 iu
490 1735 553 1798 tine
575 1733 665 1813 Libri
688 1732 713 1795 l.
738 1754 766 1795 c.
790 1733 909 1797 XXXl.
932 1736 1105 1814 utriusque
1126 1740 1213 1812 patet
1233 1733 1265 1794 in

125 1854 294 1901 sermone
315 1842 501 1900 consensus:
520 1835 579 1898 «Α
604 1837 722 1898 talibus
747 1838 913 1912 matribus,
929 1838 1053 1910 scribit,
1070 1844 1101 1899 et
1118 1836 1266 1914 patribus

125 1944 172 1999 et
188 1937 321 2016 proavis
344 1956 410 2012 eos,
425 1939 481 2016 qui
497 1955 513 1997 a
532 1934 705 2018 Valentino
725 1940 800 2012 sint,
819 1939 914 2001 sicuti
936 1939 1022 2016 ipsae
1044 1936 1219 1999 sententiae
1233 1941 1267 2000 et

127 2039 280 2117 regulae
299 2038 473 2102 ostenduet
493 2057 561 2111 eos,
579 2041 796 2102 necessarium
812 2039 874 2102 luit
891 2038 1059 2100 manifeste
1074 2054 1216 2115 arguere
1230 2047 1264 2099 et

120 2137 169 2200 ie
193 2139 338 2202 medium
360 2139 479 2202 ailerre
500 2141 649 2219 dogmata
673 2144 833 2220 ipsorum,
852 2138 950 2220 siqui
969 2140 1054 2201 torte
1074 2158 1116 2201 ex
1131 2140 1169 2201 iis
1190 2155 1266 2217 poe-

124 2240 309 2303 niteutiam
329 2246 458 2318 agentes
479 2248 511 2302 et
533 2250 759 2303 convertentes
781 2241 820 2301 ad
845 2258 946 2303 unum
973 2240 1082 2301 solum
1110 2229 1265 2301 Condito-

128 2358 212 2403 rem
236 2348 270 2402 et
291 2339 393 2402 ileum
417 2339 574 2404 lectorem
591 2342 822 2416 universitatis,
837 2340 958 2402 salvari
978 2341 1110 2418 possint.
1134 2337 1267 2417 Reliqui

126 2447 256 2501 autem
277 2457 340 2501 uon
358 2431 679 2520 jam'aassmnamm
701 2460 717 2502 a
742 2459 855 2518 prava,
880 2441 971 2520 quasi
998 2439 1167 2502 verisimili
1191 2456 1266 2502 sua·

121 2540 231 2601 sione
254 2557 382 2614 eorum,
400 2548 549 2620 putantes
571 2541 675 2622 majus
690 2551 722 2603 et
737 2542 858 2621 aliquid
881 2542 979 2605 altius
1001 2540 1041 2601 ab
1064 2540 1101 2602 iis
1119 2540 1262 2602 sciturus

119 2657 172 2703 se
196 2640 388 2722 mysterium
397 2661 409 2719 3
431 2641 486 2703 sed
509 2660 526 2702 a
549 2642 639 2704 uobis
661 2643 743 2704 bene
764 2644 922 2706 discentes
945 2660 1030 2720 quae
1046 2640 1165 2703 abillis
1182 2639 1266 2704 malo

123 2740 318 2813 ducentur,
338 2741 506 2803 derideant
525 2742 656 2821 quidem
681 2743 860 2806 doctrinam
882 2761 997 2808 eorum
1010 2763 1021 2820 3
1045 2742 1178 2804 illorum
1205 2757 1265 2803 au·

117 2848 205 2904 tem
228 2844 456 2918 misereantur,
479 2842 536 2929 qui
556 2843 663 2904 adhue
686 2845 715 2904 iu
739 2845 786 2906 bis
809 2852 874 2907 tam
899 2845 1088 2907 miserrimis
1114 2851 1146 2904 et
1167 2843 1266 2903 insta·
1313 2853 1315 2857 ⁴

118 2939 263 3007 lsilibus
283 2943 402 3006 tabuiis
424 2951 544 3004 tantam
566 2945 739 3006 elationem
762 2955 1025 3024 assumpserunt,
1050 2953 1087 3006 ut
1111 2943 1265 3005 meliores

117 3045 332 3119 semetipsos
349 3045 483 3122 reliquis
506 3053 639 3122 propter
660 3045 758 3107 talem
781 3047 977 3123 agnitionem
1001 3049 1100 3106 immo
1115 3047 1265 3122 ignorau-

125 3145 234 3218 tiam,
258 3143 470 3207 arbitrentur.
495 3142 676 3206 Delectatio
701 3146 766 3219 (alii
790 3146 941 3219 detectio)
964 3162 1079 3206 eorum
1100 3152 1148 3204 est
1169 3144 1263 3215 haec,

123 3244 211 3307 zise
232 3244 389 3306 adversus
406 3262 460 3306 eos
477 3245 611 3305 victoria
635 3253 683 3306 est
704 3247 882 3307 sententiae
902 3262 1017 3306 eorum
1034 3242 1262 3306 manifestatio.-

224 3364 241 3402 α
264 3341 475 3422 Quapropter
496 3346 601 3406 conati
623 3363 736 3407 sumus
758 3362 814 3407 uos
830 3346 1019 3408 uuiversum
1037 3345 1121 3408 male
1136 3361 1267 3423 compo·

123 3445 225 3508 sitae
249 3445 444 3524 vulpeculae
468 3445 566 3525 hujus
588 3447 823 3525 corpusculum
845 3449 876 3508 iu
899 3447 1040 3510 medinm
1062 3447 1259 3524 producere,

126 3553 176 3608 ‹st
199 3563 259 3624 per
280 3554 311 3607 te
333 3545 442 3608 iacere
465 3545 683 3609 manifestum.
706 3545 779 3610 Jam
803 3549 886 3611 euim
902 3567 965 3610 uon
980 3547 1090 3611 multis
1106 3566 1188 3627 opus
1203 3547 1267 3608 erit

129 3645 350 3710 sermonibus
366 3647 405 3708 ad
424 3648 631 3710 evertendam
644 3648 830 3715 ,doctrinam
846 3667 975 3725 eorum,
988 3648 1268 3711 manifestamom·

130 3747 241 3810 nibus
266 3747 397 3810 laetam.
421 3745 705 3822 Quemadmodum
739 3750 860 3813 bestiae
892 3750 1033 3830 alicujus
1055 3750 1086 3810 in
1108 3747 1190 3809 silva
1213 3746 1268 3809 ab·

128 3846 312 3910 neocellae
333 3856 395 3910 ete.
419 3849 464 3910 aio
487 3854 519 3911 et
541 3850 630 3912 nobis
649 3869 752 3930 quum
770 3851 800 3912 iu
816 3852 1022 3914 manifestum
1046 3848 1265 3927 redegerimus

133 3964 263 4010 eorum
287 3946 474 4010 abscondita
497 3953 529 4011 et
550 3948 636 4027 apud
658 3967 693 4012 ee
715 3953 813 4012 tacita
837 3952 1002 4034 mysteria,
1023 3950 1090 4030 jam
1112 3965 1175 4009 noa
1196 3955 1268 4008 erat

139 4047 368 4112 necessarium
392 4048 502 4112 multis
524 4049 694 4113 destruere
716 4069 831 4114 eornm
852 4053 1050 4114 seutentiam.
1068 4050 1167 4113 adest
1182 4045 1265 4109 euim

145 4154 183 4209 et
204 4147 259 4212 tibi
282 4155 316 4213 et
340 4148 488 4214 omuibus
509 4151 565 4230 qui
589 4160 694 4214 tecum
717 4162 805 4229 suut,
827 4153 867 4217 ad
891 4154 969 4217 baec
991 4171 1075 4232 quae
1104 4148 1267 4231 praedicta
