2886 4784
158 423 212 469 ces
234 420 366 483 graecos
387 405 581 481 perscrutati
603 413 699 484 sunt3
723 406 753 467 in
776 408 894 487 quibus
907 416 1101 488 praestate
1119 406 1271 471 Tisohon·

158 505 315 570 dorlius'
307 525 337 567 ιιι
360 503 547 568 Recensione
581 505 657 569 noui
684 507 873 572 Testamenti
900 510 1005 592 praeci
1024 529 1075 572 an
1097 507 1188 574 1859.
1210 507 1274 572 Cu·

140 607 216 690 ‘jus
239 609 417 670 ondssiouis
439 608 523 669 circa
552 608 613 670 lroc
634 627 758 672 comma
781 616 979 693 partimugo
1001 614 1069 692 ipse
1091 615 1179 674 testis
1202 609 1271 682 ini,

159 709 219 789 qni
240 708 336 787 plara
358 709 575 785 manuscripta
598 710 743 772 vaticana
766 713 911 775 contuli:
935 713 989 776 nbi
1011 712 1109 776 lectio
1134 712 1270 792 vulgata

162 809 377 901 confirmatur
399 801 448 898 μή
475 799 526 876 ἐπὶ
549 806 682 911 capuita
702 831 766 874 non
786 814 833 875 od·
841 813 1091 894 fornicationem.
1162 884 1173 903 κ

244 909 338 974 Hisce
360 915 485 990 positis,
508 919 728 993 quaerendum
752 926 823 991 est,
847 935 922 979 num
944 918 1104 995 particula
1126 914 1272 995 negativa

159 1005 217 1101 ped
236 1029 300 1075 non
330 1013 405 1076 loco
426 1009 455 1080 ἐι
480 1008 530 1104 μή
551 1013 637 1093 nisi,
660 1018 775 1078 usitata
809 1018 908 1079 luerit
940 1003 1024 1096 apud
1049 1015 1248 1079 Matthaeum
1261 1031 1273 1092 3

161 1117 254 1194 uoco
278 1128 425 1196 negatur.
450 1119 654 1198 Evangelista
677 1119 760 1179 enirn
787 1119 900 1196 (sicuti
923 1120 1021 1181 ceteri
1045 1114 1188 1191 Marcus,
1212 1113 1276 1178 Lu·
1332 1125 1336 1134 '

163 1234 219 1279 cas
241 1228 272 1280 et
293 1217 487 1296 ioannes)
480 1240 510 1282 ιιι
534 1224 665 1301 proprio
688 1221 838 1299 loquendi
870 1240 954 1296 nso,
987 1221 1062 1283 loco
1094 1218 1274 1299 particulae

166 1324 357 1399 exceptione
379 1318 408 1391 ἐι
432 1345 482 1415 μη
504 1321 580 1397 nisi,
596 1341 760 1402 nunquam
778 1323 945 1385 substituit
965 1324 1140 1402 simplicem
1158 1322 1278 1398 negati

167 1440 242 1485 ram
265 1444 314 1512 μη
337 1444 412 1490 non.
428 1428 468 1492 Et
494 1444 568 1488 cum
596 1440 672 1486 sane
698 1426 883 1502 saepissimo
910 1427 981 1487 talis
997 1425 1156 1514 particula
1178 1416 1207 1490 ἐι
1230 1443 1279 1511 μη

166 1523 256 1600 nisi,
287 1537 440 1591 occurrat
463 1530 493 1587 in
516 1523 685 1602 Scriptura
717 1525 924 1602 evangelica,
955 1527 1150 1589 tantumdem
1179 1526 1280 1589 altera

167 1649 220 1720 μη
242 1627 274 1689 in
295 1629 527 1710 significatione
552 1625 619 1689 nisi
647 1626 905 1690 solummodum
929 1649 959 1691 v.
981 1627 1013 1694 9.
1037 1651 1064 1692 c.
1088 1628 1173 1691 XlX.
1198 1627 1281 1692 not·

171 1733 256 1794 thaci
279 1734 397 1794 inserta
420 1729 595 1808 reperitur.
621 1723 662 1787 Et
684 1726 745 1786 hoo
766 1729 934 1791 constituit
954 1739 1180 1808 argumentum
1205 1746 1284 1791 con·

170 1845 222 1896 tra
245 1834 342 1913 hujus
365 1831 535 1894 testimonii
559 1828 771 1906 integritatem
784 1848 795 1906 3
818 1831 904 1909 quod
928 1833 1027 1910 magis
1048 1841 1283 1913 augeturose·

171 1945 293 2016 qnento
321 1912 556 2012 praepositione
576 1924 627 1997 tal
651 1925 784 2031 napuita
803 1933 839 1994 oi
866 1932 1105 2013 fornicationem
1134 1941 1282 1995 constru-

171 2046 223 2099 cta
247 2054 320 2098 ouen
344 2038 452 2098 dativo
474 2053 551 2097 casn
578 2038 608 2096 in
630 2054 726 2099 sensu
748 2036 870 2099 causali
900 2036 936 2097 od
948 2079 960 2110 ,
991 2045 1117 2116 propter
1143 2032 1286 2115 fornica-¹

170 2137 301 2212 tionem,
318 2137 538 2216 quae-nullibi
560 2139 705 2201 occurrit
721 2137 806 2218 apud
824 2136 1076 2218 Evangelistam.
1094 2135 1145 2199 Ex
1168 2137 1285 2198 caver·-

173 2260 211 2304 so
235 2242 320 2302 enim
342 2240 414 2301 loco
435 2233 488 2308 ἔπι·
505 2239 589 2302 dixit
609 2228 689 2336 apia
717 2221 870 2320 propter,
893 2241 941 2302 uti
974 2239 1075 2318 paulo
1106 2249 1180 2302 anto
1201 2233 1282 2337 aspie

174 2341 241 2415 ad,
266 2339 315 2430 rel
334 2350 464 2419 propter
493 2342 639 2407 duritiem
659 2341 763 2405 cordis
783 2339 880 2404 uestri
907 2346 968 2403 etc.
990 2338 1053 2403 Sed
1082 2341 1285 2424 frequentius

174 2444 359 2519 usurpavit,
381 2435 439 2509 teet
448 2453 591 2525 propter,
613 2463 666 2509 cx.
682 2461 711 2524 g.
727 2459 861 2524 reanum
881 2441 1062 2508 coelorum:
1083 2435 1142 2515 dmi
1154 2462 1286 2534 propter

175 2543 365 2609 traditiones
383 2556 502 2610 uestras
523 2553 584 2608 etc.
888 2569 892 2578 ·
997 2586 1003 2593 ,

260 2645 431 2710 Praeterea
445 2683 446 2687 =
461 2647 471 2727 (
486 2646 574 2726 qnod
592 2661 688 2723 quam
711 2643 888 2723 plurimum
912 2646 1063 2729 prolicit)
1084 2669 1178 2719 nemo
1201 2658 1289 2737 iguo.

177 2755 240 2820 ret,
264 2747 406 2824 praelata
431 2747 590 2809 nocebula
614 2742 666 2834 pil
688 2740 742 2813 iai
765 2742 897 2846 πορνέιᾳ
917 2766 981 2811 non
996 2747 1032 2810 ab
1045 2753 1288 2834 fornicationem

177 2870 242 2913 non
263 2853 355 2915 citeri
378 2870 394 2913 e
418 2854 541 2931 graecis
562 2854 675 2931 priscis
700 2851 869 2930 Patribus3
896 2860 945 2915 ast
973 2872 1033 2931 pro
1062 2855 1099 2917 iis
1131 2859 1290 2939 scripsere

174 2945 450 3054 ruperitleges
473 2951 623 3051 copreae
644 2962 772 3031 concepta
793 2971 891 3014 causa
911 2951 1145 3034 fornicationis,
1163 2959 1239 3021 satis
1261 2960 1292 3022 in

181 3061 244 3123 hoc
266 3059 458 3134 indicantes,
482 3077 614 3140 graecos
638 3054 806 3133 Evangelii
830 3053 955 3116 codices
976 3057 1072 3116 aetati
1094 3059 1291 3135 apostolieae

179 3163 442 3242 propinquiores,
468 3162 562 3223 talem
587 3158 752 3238 praeferre
777 3155 948 3218 lectionem
971 3161 1163 3235 genuinam,
1187 3161 1290 3224 altera

159 3261 328 3325 exclusa.
352 3259 387 3322 lo
410 3261 518 3324 autem
543 3268 701 3323 testantur
723 3254 923 3336 Theophilus
953 3259 1186 3337 antiochenas,
1219 3261 1292 3328 Cle·

181 3382 270 3427 mens
296 3363 546 3437 alexandrinus,
571 3371 603 3425 et
629 3360 820 3439 praesertim
841 3357 997 3437 Origenes
1021 3379 1120 3441 sagax
1145 3365 1293 3428 codicum

182 3464 365 3528 Bibliorum
387 3466 597 3544 investigator
616 3481 655 3524 ao
678 3459 779 3523 tidelis
810 3461 993 3537 interpres:
1019 3464 1075 3542 qui
1098 3465 1294 3533 verbotenus

183 3567 383 3630 versiculum
403 3563 434 3630 9.
457 3585 484 3631 e.
508 3563 596 3637 xtx.
620 3571 738 3643 quater
759 3564 868 3622 citavit
892 3566 1127 3643 exposuitque:
1154 3558 1295 3646 quicumss

182 3687 242 3748 oue
263 3666 419 3732 dimiserit
440 3685 570 3730 uxorem
593 3685 683 3730 suom
704 3660 860 3760 παρεκτὸς
883 3659 978 3754 λόγου
1000 3663 1150 3762 πορνέιας
1169 3681 1296 3752 recepta

185 3765 412 3850 fornicationis
433 3786 544 3844 cansa,
564 3765 729 3856 faciteam
750 3766 928 3845 moechari,
952 3770 1066 3834 omissa
1089 3772 1227 3836 lectione
1247 3791 1296 3836 se·

184 3870 330 3935 eundum
353 3877 479 3932 textum
502 3887 654 3950 graecum
686 3871 889 3933 hodiernum.
913 3869 1009 3946 Quod
1040 3874 1122 3935 idem
1154 3862 1296 3938 animad-

184 3980 356 4036 verterunt
378 3990 404 4034 s.
428 3968 577 4047 Basilius,
600 3990 626 4034 s.
651 3971 924 4053 Cbrpsostomus,
945 3972 1090 4058 Cyrillus
1110 3976 1296 4038 alexandri·

184 4090 268 4148 uus,
290 4069 540 4151 Theodoretus,
563 4074 729 4151 ceterique
752 4089 855 4150 usqae
877 4071 915 4133 ad
939 4072 1107 4136 dimidium
1128 4076 1230 4139 seculi
1253 4072 1293 4136 V.

183 4174 300 4244 Cuncti
315 4173 470 4257 praelati,
483 4176 611 4256 quoties
626 4191 749 4237 sosoma
766 4172 797 4238 9.
815 4191 843 4236 o.
862 4173 948 4238 XlX.
966 4175 1184 4254 appellarunt,
1204 4194 1296 4258 prae·
