2886 4784
1226 362 1266 433 85

154 462 191 532 ia
212 464 327 548 quilius
347 463 431 528 inter
451 485 481 528 se
502 463 676 547 aliquando
696 466 788 527 etiem
802 464 976 529 doctissimi
992 473 1084 548 otqtoe
1098 467 1211 548 optimi
1224 487 1276 530 re-

151 570 247 647 quloc
269 566 439 630 catholicoe
461 568 659 647 defensores,
680 568 771 631 solco
791 569 863 646 fidei
883 587 1054 650 compopc,
1077 588 1141 632 non
1162 590 1270 634 conso-

153 679 263 732 nant:
286 669 353 732 olio
374 689 445 731 cero
465 688 544 751 quoe
565 670 607 731 od
627 669 698 750 ipso
718 670 790 752 fidei
811 673 1020 752 fondamento
1038 669 1214 751 pertineat.

240 771 282 834 Et
306 772 378 834 hinc
400 774 487 834 aliud
511 790 585 833 sane
608 782 654 834 est
676 773 845 853 eujusdam
868 773 1012 859 auctoris
1034 776 1186 837 haeretici
1204 778 1273 855 opi·

156 875 269 937 niones
292 875 469 936 haereticas
493 874 666 937 defendere
688 885 799 938 contra
823 875 1040 937 definitionem
1062 877 1269 938 catholicam:

156 984 190 1038 et
212 975 300 1037 aliud
324 983 371 1036 est
393 975 573 1054 disceptare
597 986 706 1038 utrum
730 977 817 1038 illius
840 978 981 1039 auctoris
1003 977 1174 1051 liber‚'ubi
1198 978 1273 1041 hae·

157 1077 260 1139 retica
283 1077 430 1155 dogmata
454 1085 676 1155 exponuntur,
693 1080 733 1139 sit
754 1098 812 1141 nec
828 1098 866 1140 ne
881 1080 1049 1156 genuinus,
1067 1087 1124 1141 aut
1138 1097 1273 1163 apocry-

156 1179 266 1257 phus,
292 1180 343 1239 vel
365 1179 542 1241 mutilatus.
570 1177 603 1238 ln
627 1180 730 1255 primo
752 1198 828 1241 casu
849 1188 912 1240 stat
934 1180 1093 1253 haeresis,
1116 1180 1147 1239 in
1169 1179 1273 1241 allero

158 1297 380 1359 nequaquam.
406 1279 447 1341 El
475 1281 547 1342 hinc
569 1281 631 1340 alia
655 1282 786 1358 insuper
807 1280 1021 1359 subsequitur
1052 1280 1192 1358 regula,
1223 1284 1275 1342 cui

158 1382 391 1444 studiosissime
408 1381 551 1460 inhujus
568 1383 693 1460 generis
713 1383 995 1460 disceptationibus
1015 1383 1271 1444 racandnmest:
1316 1371 1317 1375 ’

159 1501 246 1562 quae
268 1485 413 1546 consistit
434 1484 464 1543 in
485 1482 679 1544 secernenda
702 1486 890 1560 quaestione
912 1483 1023 1544 critica
1046 1500 1064 1543 a
1086 1485 1274 1561 quaestione

159 1586 354 1663 dogmatica.
379 1583 418 1645 Et
440 1584 519 1645 haec
542 1593 630 1660 petra
654 1574 817 1659 scandali,
842 1587 871 1646 iu
903 1603 999 1662 quam
1022 1585 1117 1662 prisci
1148 1592 1179 1645 el
1206 1602 1273 1663 ¹ma·

158 1687 247 1748 xime
270 1689 464 1747 recentiores
489 1686 580 1747 valde
604 1687 832 1760 offenderunt,
863 1688 922 1748 hac
949 1686 1093 1764 neglecta
1124 1687 1274 1748 diiieren·

161 1788 205 1851 tia
227 1789 259 1851 in
281 1788 494 1868 dijudicandis
517 1790 751 1851 monachorum
773 1789 975 1850 nitriensium
999 1797 1031 1850 et
1051 1788 1192 1851 aliorum
1207 1806 1277 1850 sen·

160 1890 250 1953 cibus
272 1891 378 1970 quoad
401 1887 550 1970 Origenis
571 1892 750 1953 doctrinam
777 1897 809 1952 et
840 1889 984 1968 ejusdem
1008 1897 1170 1966 patronos.

241 1991 292 2054 Ex
316 1994 363 2055 his
386 1994 566 2069 praemissis
592 2011 696 2072 aeque
724 1993 902 2071 quaestioni
934 1998 1064 2053 nostrae
1095 2006 1276 2054 accommo-

159 2093 260 2165 datis,
279 2094 662 2174 limpideconsequetur,
680 2102 824 2173 quatuor
846 2094 949 2171 magni
972 2092 1122 2154 momenti
1144 2109 1274 2154 errores

158 2193 324 2256 admisisse
351 2195 498 2272 Origcuis
523 2203 555 2256 el
576 2195 823 2272 origenistarum
853 2193 1079 2263 adversarios,
1112 2190 1273 2271 Theophi-

157 2288 229 2357 lum
252 2313 395 2374 suosque
417 2297 581 2376 gregarios
603 2297 691 2358 illius
713 2305 745 2356 et
768 2297 969 2356 successivae
990 2294 1113 2355 aetatis.

165 2423 169 2431 ·
243 2395 393 2473 Primus,
416 2398 502 2477 quod
525 2405 711 2460 accuratam
738 2397 940 2476 neglexerint
962 2379 1109 2457 veterum
1143 2391 1275 2456 Patrem
1380 2409 1389 2422 ·

159 2497 464 2576 investigationem:
489 2509 604 2578 quum,
621 2500 731 2576 probis
747 2499 879 2560 testibus
894 2506 925 2559 et
938 2498 1070 2560 sinceris
1085 2498 1203 2558 horum
1219 2495 1275 2557 do·

159 2601 321 2661 cumentis
342 2601 478 2675 omissis,
502 2618 603 2662 unum
628 2598 828 2661 Demetrium
851 2618 891 2661 ex
914 2598 1033 2661 invidia
1055 2605 1180 2661 molum
1197 2597 1275 2659 cita·

160 2710 240 2763 runt
261 2699 409 2780 Origeuis
431 2710 699 2781 expugnatorem.

248 2800 428 2876 Secundus,
447 2802 547 2882 quod,
564 2808 601 2864 ut
621 2803 701 2870 dixi.
724 2802 945 2881 quaestionem
967 2801 1183 2880 dogmaticam
1204 2817 1276 2864 cou-

159 2901 308 2966 iuderint
329 2922 403 2965 cum
426 2907 614 2983 quaestione
636 2906 759 2967 critica.
950 2899 952 2904 ’
1156 2926 1159 2931 ·

243 2999 395 3076 Tertius,
425 3004 510 3082 quod
541 3005 665 3068 haeresi
689 3006 821 3068 iniectos
847 3013 878 3066 et
905 3003 1095 3083 reprobatos
1124 3002 1275 3065 decrera-

161 3103 228 3166 riut
248 3103 437 3182 origenistas
459 3107 632 3169 monachos
655 3108 821 3168 nitrienses
842 3113 875 3168 et
894 3107 975 3167 alios
989 3115 1116 3167 sanctos
1133 3106 1219 3166 viros
1233 3121 1275 3164 ex

161 3214 371 3283 praesumpta
388 3207 567 3284 cognitione
584 3206 806 3268 tantummodo
822 3209 951 3269 intimae
962 3209 1098 3269 istorum
1113 3203 1276 3265 conscien-

161 3305 227 3366 tiae
242 3306 309 3391 soli
333 3304 521 3380 Doudoua,
539 3327 600 3369 uon
618 3327 694 3369 vero
710 3327 750 3370 ex
768 3307 933 3369 manifesta
954 3320 1068 3368 eorum
1086 3320 1184 3384 prava
1201 3320 1275 3365 con·

161 3403 301 3468 lessione
323 3415 434 3469 contra
458 3408 650 3470 catholicam
673 3409 779 3469 iidem.

244 3504 403 3581 Quartus,
419 3508 505 3587 quod
523 3510 706 3572 inconsulto
718 3518 866 3585 putatum
882 3510 935 3583 sit,
951 3525 1073 3581 omnes,
1086 3514 1277 3586 quotquota

159 3601 334 3683 Theophili
357 3617 461 3670 aetate
485 3627 587 3688 usque
610 3609 647 3670 ad
670 3591 817 3671 seculum
839 3610 1011 3688 septimum
1027 3616 1059 3670 el
1073 3610 1172 3680 ultra,
1189 3611 1277 3668 recte

162 3707 216 3768 vel
240 3707 371 3786 oblique
403 3728 533 3773 causam
563 3712 764 3787 susceperint
796 3710 965 3789 Origenis‚
996 3708 1208 3787 praesumptis
1239 3707 1276 3766 il·

160 3807 229 3870 lius
251 3812 504 3873 communicasse
527 3812 719 3889 erroribus3
743 3824 774 3874 et
796 3812 881 3891 quod
897 3815 1071 3888 scriptores
1089 3809 1277 3887 praesertim
1343 3811 1345 3814 ’

161 3928 205 3972 ex
229 3910 483 3973 occidentalibus
506 3914 638 3975 nimium
662 3914 865 3975 auctoritatis
887 3911 1063 3974 detulerint
1088 3907 1277 3991 Hieronymi

159 4011 315 4088 scriptis:
339 4015 395 4092 qui
418 4012 448 4074 iu
470 4012 618 4075 omnibus
640 4013 789 4076 incautus
811 4010 980 4092 Theophili
1002 4012 1096 4074 cessit
1118 4008 1224 4070 iraudi
1245 4016 1279 4070 el

159 4110 328 4190 perfidiae.
1064 4108 1065 4111 ’

245 4208 335 4276 llaec
355 4213 525 4293 diligenter
547 4231 680 4278 excussa
712 4215 857 4278 semitam
888 4213 976 4278 uobis
1008 4211 1091 4274 inter
1120 4225 1277 4289 praerup-
