2886 4784
157 298 242 488 listis
266 405 289 468 l.
314 405 443 486 Pelagio
467 401 509 467 ll.
532 414 564 469 et
585 406 826 470 successoribus
850 407 945 470 eteuh
967 400 1112 472 Ecclesia
1136 404 1275 473 Catholi-

157 527 194 571 ca
216 518 386 588 acceptum
408 527 446 570 ac
468 509 654 589 probatum.

242 609 282 673 Et
309 610 437 673 sanein
462 611 523 674 hoc
552 621 598 675 est
627 611 835 687 Constituto,
862 613 917 675 ubl
948 612 1136 678 refutantur
1164 611 1277 696 vigilio

160 713 320 792 adscripta
345 717 373 773 in
396 715 524 776 duobus
553 714 752 794 praemissis:
780 715 833 776 uhi
855 717 1175 791 anathematizatur,
1196 737 1277 799 quae

161 815 303 889 dicitur,
329 811 402 876 ibae
428 814 597 896 Epistulas
621 832 659 877 ac
687 815 782 877 simul
810 815 1026 903 damnantur,
1049 818 1105 897 qui
1132 819 1276 882 adstrue·

162 934 197 978 re
219 919 390 989 nituntur,
416 917 505 995 hene
520 916 619 980 luisse
639 932 657 978 a
679 912 808 1000 Synodo
830 919 1074 982 chalcedonensi
1096 928 1276 1000 susceptam

163 1029 196 1082 et
215 1019 434 1081 orthodoxam
457 1019 676 1081 declaratam:
707 1021 760 1083 ubi
791 1021 984 1101 paulopost
1015 1025 1136 1087 iterum
1164 1023 1240 1086 dicit
1261 1040 1276 1082 ι

163 1141 209 1195 se,
232 1130 264 1183 et
286 1140 303 1182 a
328 1120 478 1184 Patribus
500 1124 533 1183 in
553 1120 758 1185 Chalcedone
779 1123 856 1204 jure
880 1122 978 1186 luisse
1000 1124 1204 1185 damnatum:
1226 1123 1278 1185 ubi

163 1224 283 1298 subdit,
309 1247 324 1282 o
347 1225 428 1286 absit
451 1233 487 1287 ut
507 1227 679 1305 quisquam
702 1239 837 1302 asserat,
869 1227 929 1288 tris
957 1226 1106 1305 Capituln
1140 1227 1276 1290 luisses

164 1323 294 1409 Synodo
315 1327 559 1389 chalcedonensi
576 1335 738 1407 suscepte,
759 1327 810 1389 vel
825 1347 892 1403 ens,
909 1330 964 1408 qni
990 1328 1064 1389 talia
1087 1335 1276 1408 sapuerunt,

165 1427 263 1492 inisse
284 1439 462 1508 susceptos.
481 1449 496 1486 o
514 1429 554 1493 Et
574 1428 627 1490 ubi
645 1432 774 1493 demum
796 1431 972 1505 concludit,
989 1450 1024 1493 sc
1038 1431 1099 1494 boc
1115 1430 1277 1494 decretum

75 1515 79 1522 ’
164 1530 377 1594 damnationis
399 1534 552 1607 emisisse,
574 1551 614 1595 ne
631 1531 716 1613 plebs
742 1529 862 1598 Christi
884 1531 942 1596 Dei
963 1531 1064 1597 nostri
1083 1530 1277 1614 ampliusn-

119 1633 123 1640 '
168 1634 316 1696 ducatur.
961 1641 967 1653 ·

246 1732 327 1799 Cum
352 1735 513 1813 igiturne
536 1736 650 1800 doceat
674 1733 831 1816 Vigilins,
853 1737 1010 1816 suspicari
1038 1737 1112 1817 quis
1144 1737 1277 1817 poterit,

168 1837 272 1916 ipsum
294 1845 386 1898 antea
409 1838 543 1901 illusum
566 1857 604 1900 ea
627 1857 846 1920 propugnasse
867 1837 1044 1917 Capitnla'?
1068 1839 1179 1919 lnquit
1201 1838 1276 1903 euim

171 1957 233 2001 non
254 1958 287 2000 se
309 1939 363 2002 sed
387 1941 566 2004 haereticos
589 1942 786 2005 machinntos
811 1961 900 2019 esse,
924 1954 959 2004 nt
982 1942 1191 2005 adstruerent
1212 1938 1278 2002 lhas

41 2058 45 2063 ·
173 2039 349 2122 Epistulam
386 2041 483 2105 luisse
514 2061 532 2104 a
568 2041 717 2108 Patribus
748 2044 1054 2108 chalcedonensibus
1086 2051 1274 2123 susceptam.

172 2143 343 2207 Praeterea
366 2144 463 2221 dicit,
487 2146 570 2207 absit
592 2156 628 2209 ut
648 2149 820 2228 quisquam
843 2154 965 2211 asserat
993 2144 1186 2226 hujusmodi
1219 2143 1277 2207 bls-

172 2244 337 2328 sphemiss
355 2246 430 2310 hnic
445 2243 610 2326 Epistulae
632 2250 767 2312 insertas
788 2248 829 2311 ab
852 2266 888 2311 ea
911 2247 1040 2330 Synndo
1060 2245 1279 2327 comprobatas

171 2367 250 2412 esse.
274 2345 341 2412 Nec
363 2348 519 2413 ullimnde
541 2352 618 2414 dicit
638 2369 671 2414 se
693 2349 870 2430 aliquando
891 2368 944 2411 eas
965 2349 1146 2427 suscepisse
1168 2366 1206 2409 ac
1228 2365 1274 2425 pc·

170 2459 237 2514 stea
261 2450 429 2514 refutasse.
453 2452 533 2516 Item
557 2454 601 2515 ait
621 2473 655 2516 se
678 2454 739 2515 hnc
762 2451 903 2516 emisisse
933 2450 1147 2513 damnationis
1179 2450 1279 2511 decre·

172 2560 242 2618 tum
261 2573 300 2616 ne
315 2553 401 2634 plebs
426 2551 544 2618 Christi
565 2553 622 2618 Dei
642 2552 744 2619 nostri
763 2556 945 2617 seducetur.
963 2551 1030 2618 Nec
1046 2553 1213 2615 contessus
1228 2558 1279 2622 est,

172 2675 207 2720 se
228 2674 267 2720 eo
290 2674 394 2737 usqne
415 2675 431 2719 a
455 2657 610 2721 daemone
631 2659 790 2737 illusum3
822 2659 877 2719 sed
902 2665 1034 2720 veretur
1060 2673 1098 2716 ne
1126 2655 1181 2716 aiii
1213 2653 1280 2715 illu·

173 2758 303 2822 dantur.
320 2757 392 2823 Non
414 2777 448 2822 se
466 2765 560 2824 vocat
579 2760 750 2824 seductum
758 2781 769 2839 3
793 2770 842 2822 ast
863 2767 958 2823 curat
979 2778 1018 2818 ne
1041 2756 1131 2835 plebs
1147 2754 1208 2829 liei
1225 2772 1281 2815 arn·

175 2860 259 2941 plius
279 2862 466 2926 seducatur.
489 2860 561 2928 Non
583 2863 659 2927 dicit
680 2882 713 2926 se
736 2864 905 2942 hucusque
927 2879 963 2922 ea
986 2858 1167 2920 defendisse
1199 2857 1281 2934 Capi·

177 2963 257 3039 tuta,
273 2972 304 3027 et
319 2963 404 3040 dein,
428 2971 550 3029 mutata
571 2967 741 3038 sententia,
768 2963 957 3043 reprobasse
968 2981 980 3041 5
996 2960 1050 3023 sed
1074 2959 1144 3039 jem
1167 2955 1282 3038 pridem

175 3064 217 3130 sb
247 3084 286 3128 eo
320 3065 416 3146 inisse
449 3067 602 3131 reiutsta.
637 3064 720 3128 lure
751 3083 829 3143 ergo
859 3065 943 3127 inter
974 3063 1093 3141 scripta
1126 3067 1203 3124 nota
1227 3057 1284 3121 due

176 3167 286 3246 priora
318 3167 523 3233 documenta.
543 3167 677 3242 remisi,
701 3176 736 3230 ut
762 3166 985 3229 tantummodo
1017 3164 1079 3227 boc
1109 3162 1286 3242 superesset

176 3270 399 3337 authenticum
422 3271 631 3335 novissimum
655 3267 898 3343 Constitutum,
929 3286 1003 3332 enm
1031 3266 1095 3328 alia
1127 3261 1285 3344 praeclare

178 3380 308 3455 patent,
331 3375 506 3439 collatione
528 3373 635 3450 lacte,
658 3373 824 3436 elaborata
849 3370 948 3435 luisse
973 3388 1015 3432 ex
1039 3367 1138 3449 hujus
1166 3361 1285 3447 genuini

180 3473 348 3538 falsatione
369 3485 401 3539 et
422 3477 636 3540 mutilatione.

259 3575 347 3642 llaec
369 3596 468 3659 porro
490 3579 689 3662 apocrypha,
715 3577 792 3640 laisa
822 3575 1015 3638 documenta
1040 3581 1071 3634 et
1093 3569 1179 3632 aliae
1201 3568 1287 3630 char·

179 3690 227 3744 tae
249 3681 288 3744 de
309 3682 538 3745 controversiis
560 3683 644 3743 inter
667 3676 820 3758 vigilium
851 3687 884 3740 ei
914 3676 1160 3746 iustiniaumn,
1188 3676 1283 3733 stante

179 3783 322 3868 Synodn,
345 3785 437 3859 ortis,
460 3782 654 3864 amplissime
677 3782 863 3844 refutantur
888 3781 928 3842 ab
953 3777 1123 3842 Eustothio
1147 3773 1284 3838 omniun

183 3891 262 3950 teste
283 3885 416 3949 oeutsto
437 3902 522 3964 qnae
544 3886 575 3946 iu
596 3884 664 3963 ipsa
687 3882 815 3964 Synodo
848 3880 931 3942 iacta
963 3884 1048 3941 suot.
1078 3872 1163 3938 Dicit
1191 3874 1289 3936 enim:

181 3994 326 4068 quotuor
347 3986 561 4066 patriarchas,
584 3985 614 4049 in
635 3985 753 4063 quibus
773 3981 938 4060 vigilium,
958 3978 1198 4048 convenientes,
1220 3987 1290 4036 cns·

180 4088 238 4152 ctis
260 4078 511 4152 dubitationibus
531 4096 560 4150 et
581 4081 800 4148 controversiis
830 4099 894 4144 non
923 4077 1077 4142 violentia
1105 4087 1199 4158 atque
1226 4085 1291 4151 pnr-

183 4191 264 4257 rium
284 4190 406 4267 studio,
428 4200 455 4254 ct
477 4187 649 4271 affectione,
664 4188 724 4249 'red
745 4183 1045 4248 detricostrationum
1066 4190 1095 4244 et
1117 4171 1293 4243 cohortatio·
