2886 4784
1194 355 1235 422 23

109 462 319 546 Anonymum
335 476 352 521 e
369 457 508 539 quodem
525 458 658 538 antiquo
673 461 832 540 scriptore
848 460 901 521 rel
914 460 954 521 ab
971 477 1035 523 uno
1052 459 1232 540 eodemque

110 567 199 629 tonte
226 566 301 626 tatia
330 564 453 626 eruisse
484 574 714 644 monumenta3
747 582 930 643 eorumque
963 581 1232 644 unumquemque

109 686 170 746 pro
193 667 303 728 studio
324 685 385 728 suo
408 665 487 727 alias
509 665 621 727 eadem
645 668 898 745 transcripsisse,
920 675 951 729 et
973 668 1054 729 alies
1076 669 1234 744 interpre-

111 779 239 843 tatum,
264 778 299 829 ut
321 769 367 829 sic
388 777 539 846 pergeret
557 768 668 846 opinio
698 769 738 828 de
769 772 920 854 anonymi
943 769 1032 831 Libri
1056 775 1231 832 vetustate.

110 871 235 934 Verum
261 869 447 950 hujusmodi
471 871 657 951 hypothesis
681 869 846 933 refutatur
868 889 885 932 a
907 872 972 933 stili
998 872 1132 943 unitate,
1149 888 1234 950 quae

111 973 206 1035 tacite
230 972 520 1051 comprehenditur
541 975 571 1035 in
594 969 741 1034 Cedreno
755 993 766 1051 ;
790 972 844 1034 ubi
870 973 1045 1034 verborum
1069 974 1232 1054 syntaxis,

110 1053 313 1153 proprietas,
338 1080 369 1133 ot
391 1073 546 1134 orationis
567 1073 667 1135 series
688 1074 820 1135 eaedem
847 1081 1005 1153 apparent
1027 1079 1095 1136 tum
1118 1073 1149 1133 in
1171 1072 1234 1136 boc

111 1175 384 1255 pbilosophorum
406 1176 597 1251 specimine,
622 1182 689 1238 tum
712 1177 743 1236 in
765 1176 1031 1254 praecedentibus
1052 1184 1085 1237 et
1106 1192 1233 1237 sucees-

110 1273 187 1334 sivis
214 1270 313 1350 hujus
335 1268 522 1347 Compendii
545 1270 639 1332 dictis
660 1276 693 1332 et
714 1271 901 1349 praesertim
922 1269 1016 1350 juxta
1041 1287 1119 1332 suae
1144 1276 1234 1330 oeta·

111 1374 151 1436 tis
173 1375 281 1452 graeci
303 1375 459 1434 sermonis
482 1373 643 1452 iudotem;
667 1392 727 1437 nec
762 1374 835 1437 ideo
865 1391 934 1436 esse
966 1372 1232 1436 confundendum

112 1494 190 1539 cnm
212 1476 285 1537 aliis
307 1477 430 1553 graecis
451 1477 680 1554 scriptoribus.

195 1574 333 1637 Demum
349 1577 374 1636 si
390 1578 461 1654 quis
475 1577 656 1654 potioribus
672 1578 874 1656 argumentis
891 1577 966 1638 buie
982 1575 1143 1638 obstiterit
1165 1574 1234 1652 opi·

112 1677 225 1752 ninni,
249 1685 363 1754 putans
384 1676 567 1743 Cedrenum
595 1690 627 1741 et
650 1681 856 1762 Anonymum
887 1679 927 1740 ab
955 1697 1023 1740 uno
1051 1677 1233 1755 eodemque

114 1778 203 1841 tonte
225 1780 359 1859 antiquo
382 1780 444 1843 boc
467 1782 734 1861 philosophorum
752 1783 912 1860 specimen
929 1783 1052 1844 eruisse
1059 1799 1071 1858 ;
1089 1779 1235 1859 velitque

113 1881 190 1942 ideo
213 1889 341 1943 vetusto
365 1899 458 1956 aevo,
480 1884 576 1945 sicuti
599 1885 665 1962 ipse
687 1884 726 1945 de
747 1901 781 1945 se
802 1882 892 1962 tingit
912 1881 1052 1958 ductor,
1069 1883 1235 1943 remittere

114 1980 427 2062 Philosopbnmenen
447 1984 560 2064 Opust
585 1986 794 2048 nibilominus
817 1986 906 2047 nobis
922 1986 997 2046 setis
1010 1984 1234 2061 sithucusque
1333 2044 1339 2056 ,

112 2085 313 2158 ostendisse,
340 2084 539 2164 scriptorem
563 2096 711 2149 veterum
734 2086 1004 2164 pbilosophorum
1036 2084 1132 2146 modo
1158 2098 1233 2163 pre·

115 2205 207 2250 rasse
229 2206 372 2265 sensum,
389 2189 486 2252 modo
506 2188 708 2268 negligenter
721 2196 754 2252 et
767 2188 907 2251 obscure
928 2205 1043 2250 eornm
1066 2184 1234 2265 exposuis-

110 2305 148 2350 se
169 2288 343 2369 dogmata:
366 2290 452 2369 quod
469 2296 599 2354 nostrae
614 2288 818 2353 discussionis
839 2305 1034 2368 magnopere
1054 2287 1197 2351 interest.
