2886 4784
1219 346 1240 398 r

160 453 256 527 sorte
286 455 491 551 origeniana
522 455 629 528 lectio
658 476 738 527 eum
770 453 849 525 istis
886 451 1068 526 obtineret
1106 477 1240 526 couve-

156 583 348 659 nientiam.
1141 592 1143 597 '

268 712 344 787 Hoc
366 729 488 787 autem
518 736 561 786 eo
594 710 778 804 lubentius
807 709 963 807 explevi,
992 735 1063 808 qno
1092 711 1242 787 validius

163 867 231 939 per
260 843 353 914 hanc
381 843 628 915 recensionem
667 855 896 936 expugnatur
932 839 1245 914 schismaticorum

160 987 200 1044 et
231 971 512 1045 reformatorum
542 983 756 1065 praetextus
768 990 788 1055 3.
800 969 858 1064 qui
879 969 962 1041 huic
981 971 1152 1042 commati
1173 994 1245 1042 mar

161 1103 262 1174 xime
291 1101 463 1172 insistunt
483 1099 526 1170 nd
552 1097 825 1171 convellendum
854 1097 1138 1170 ecclesiasticum
1168 1112 1243 1171 sta·

160 1244 281 1303 tutum
310 1230 354 1302 de
382 1229 546 1324 conjugio
576 1228 685 1300 ctiam
715 1226 761 1299 ob
790 1227 895 1299 unius
921 1227 1080 1322 conjugis
1101 1226 1242 1301 adulte·

159 1359 253 1429 rium
293 1354 542 1428 indissolubili.
572 1353 683 1446 Aiunt
716 1356 810 1427 enim
842 1355 909 1427 boc
939 1354 1121 1426 Ecclesiae
1150 1356 1241 1451 dog-

160 1509 221 1558 ma
253 1485 296 1557 de
326 1485 478 1580 coniugii
509 1483 769 1558 insolubilitate
798 1486 907 1558 etiam
938 1483 984 1556 ob
1012 1484 1241 1575 adulterium,

162 1638 368 1709 repugnare
389 1613 532 1687 Domini
553 1614 723 1686 mandato
743 1614 912 1686 dicentis:
933 1611 1009 1712 Epo
1027 1629 1145 1686 nutem
1165 1614 1244 1687 dico

160 1744 269 1826 uobis,
297 1745 381 1840 quin
408 1744 622 1840 quicumque
649 1741 823 1814 dimiserit
851 1764 998 1813 uxorem
1025 1764 1147 1826 suom,
1174 1743 1243 1815 nisi

160 1872 201 1972 ob
229 1872 522 1966 fornicationem,
551 1884 584 1941 et
613 1867 722 1942 ulium
751 1867 918 1950 tinuerit,
951 1869 1183 1952 moechatum
1210 1885 1244 1942 et

161 2000 224 2096 qni
251 1997 432 2069 dimissum
452 1997 608 2077 diruerit,
627 1995 843 2066 moechetur.
865 2019 881 2061 u
902 1991 1008 2090 Erpo,
1028 1993 1077 2066 illi
1097 1997 1245 2078 docent,

162 2151 181 2198 e
208 2127 386 2225 contrario
413 2149 543 2206 sensu,
570 2125 633 2221 qni
658 2098 799 2219 propter
831 2144 974 2194 cortuum
1001 2123 1244 2218 fornicationis

161 2254 310 2326 dimittit
337 2276 511 2333 uxorem,
539 2269 572 2324 et
608 2250 715 2322 olium
758 2249 883 2332 ducit,
920 2274 989 2322 non
1026 2251 1242 2324 moecbotur.

163 2380 238 2456 Hoc
264 2397 357 2454 certe
384 2381 462 2454 luce
488 2380 687 2452 meridiano
725 2378 855 2451 clurino
892 2393 954 2450 cst.
988 2380 1039 2450 lta
1068 2378 1243 2451 Martinus

161 2509 392 2582 Chemnitius
424 2511 460 2580 in
496 2506 675 2580 Enomine
714 2505 862 2581 Concilii
896 2504 1107 2587 'li‘identinb
1137 2505 1244 2578 Libro

159 2637 254 2711 XlV.
284 2652 321 2711 et
349 2637 480 2710 Petrus
500 2635 678 2710 Arcudius
700 2635 805 2708 Libro
834 2633 907 2706 vlt.
937 2659 968 2707 c.
990 2633 1067 2707 Vll.
1092 2633 1141 2709 De
1167 2660 1244 2708 nro·

159 2770 340 2841 trimooio.

269 2893 417 2969 interim
448 2919 532 2967 vero
562 2918 644 2966 cnm
680 2895 772 2965 hanc
809 2915 937 2966 novam
969 2893 1163 2986 suscipiam
1195 2917 1245 2966 re·
1294 2956 1297 2959 .

158 3019 384 3105 censionem,
414 3045 520 3095 nemo
550 3035 653 3118 putet
681 3012 989 3104 meinenmbere,
1019 3034 1058 3093 ut
1087 3019 1242 3093 refutem

159 3178 193 3226 s.
223 3151 412 3248 Augustini
453 3165 490 3226 et
527 3151 681 3223 aliorum
719 3150 918 3223 recentium
958 3148 1242 3220 orthodoxorum

159 3281 515 3376 interpretationem,
544 3279 730 3374 hucusque
758 3290 966 3373 acceptum:
996 3299 1151 3372 quacum
1179 3277 1244 3349 do·

157 3422 314 3480 ruerunt
340 3430 387 3479 ex
416 3406 614 3479 versiculo:
646 3403 733 3478 Dico
761 3423 879 3477 antem
906 3405 1025 3487 uobis,
1052 3405 1137 3501 puio
1164 3405 1243 3500 pui-

161 3509 314 3632 onmque
342 3532 516 3606 dimiserit
543 3557 690 3606 onorem
717 3556 848 3614 suom,
877 3533 945 3604 nisi
973 3531 1014 3604 ob
1040 3532 1245 3633 fornicatio·

157 3685 259 3745 nem,
287 3675 321 3733 et
349 3660 459 3734 olium
486 3660 655 3746 duxerit,
684 3660 917 3742 moechatur,
943 3681 1013 3731 non
1043 3680 1124 3730 esse
1153 3655 1244 3728 inle-

158 3789 314 3862 rendnm
344 3788 553 3861 absolutum
581 3788 774 3861 divortium
814 3787 860 3861 ob
898 3787 1143 3868 adulterium,
1181 3786 1244 3859 sed

159 3916 414 3989 tantummodo
446 3917 513 3988 tori
541 3914 820 4010 separationem.
846 3913 922 3986 Hoc
942 3914 1050 3986 absit.
1071 3912 1242 3985 Attamen

158 4068 243 4118 cum
272 4045 486 4117 heterodoxi
515 4044 598 4116 huie
627 4043 780 4116 firmiter
811 4042 958 4116 obstent
998 4042 1244 4138 expositioni,

159 4197 225 4248 eos
254 4196 340 4270 rogo
368 4184 409 4247 ut
438 4171 542 4246 alteri
570 4171 743 4247 accedant
772 4173 908 4269 potitae
937 4196 957 4244 a
988 4187 1148 4253 veterum
1179 4169 1244 4244 Pa·
