2886 4784
159 388 201 458 iti

157 495 280 559 ctriune
302 489 396 553 iacile
416 491 629 567 superandus.
654 489 864 571 Quapropter
885 507 960 553 cum
983 506 1067 552 uuus
1088 488 1278 571 hypocrisin

158 602 329 667 ususest,
352 600 388 654 ot
412 591 567 655 illuderet
586 589 791 668 iustiniau03
814 600 846 652 et
871 607 947 654 cum
979 591 1040 654 iste
1071 588 1218 653 iaieatur
1244 607 1279 652 se

157 693 199 754 ab
221 691 374 754 huthimo
396 692 530 754 illusum
551 690 689 753 subdola
712 690 785 754 tidei
818 691 1041 770 professione,
1064 707 1141 754 'nou
1175 699 1212 754 ut
1243 707 1280 753 ea

157 794 315 868 sentiret,
338 810 422 872 quae
448 792 502 856 iile
533 792 769 871 profitebatur,
798 794 853 855 sed
887 803 1003 871 putans
1024 795 1130 872 ipsum
1153 795 1281 856 sincere

157 895 305 967 credere,
328 911 368 956 oe
388 895 617 972 suspicandum
640 893 770 973 quidem
792 900 852 967 est,
878 893 1111 973 Imperatorem
1130 893 1279 974 aliquau-

158 994 200 1057 do
221 1012 359 1070 errasse,
382 1003 440 1058 aut
462 994 616 1057 llutbimo
637 995 824 1057 convenisse
847 996 970 1057 erroris
990 995 1042 1057 sui
1059 976 1277 1074 participem,

161 1095 212 1157 vel
234 1097 266 1157 in
287 1095 470 1175 agapetum
492 1095 710 1173 insurgentem
731 1096 872 1175 coegisse
897 1094 936 1156 ad
967 1095 1141 1158 haereseos
1170 1102 1280 1175 patro·

158 1195 288 1258 ciuium.
313 1195 354 1258 Et
375 1195 416 1256 ab
438 1195 487 1256 bis
510 1196 637 1257 inierim
659 1195 836 1258 luculentis
863 1206 896 1259 et
926 1194 990 1258 lide
1011 1195 1110 1275 dignis
1135 1195 1278 1259 testimo·

159 1297 218 1358 uiis
241 1298 306 1358 ruit
329 1295 487 1358 Anastasii
508 1296 665 1358 narratio.

240 1394 395 1459 Similiter
416 1396 586 1459 dicendum
609 1406 656 1459 est
679 1397 717 1458 de
740 1394 811 1459 Vita
834 1394 962 1460 Silrerii
983 1395 1102 1475 Papae,
1119 1395 1176 1459 ubi
1194 1395 1279 1460 Ana·

158 1497 275 1577 stasius
291 1494 453 1560 discordet
475 1514 491 1557 a
516 1497 668 1576 praelatis
690 1496 884 1560 authenticis
898 1497 1098 1560 documentis
1110 1504 1173 1575 ;·et
1187 1498 1276 1576 quod

161 1598 300 1677 amplius
322 1597 511 1661 firmatura
534 1596 772 1680 Vigiiio‚cujus
794 1605 881 1678 gesta
904 1599 944 1662 ab
967 1599 1036 1677 ipso
1056 1595 1277 1662 Bibliotheca·

161 1701 212 1761 rio
233 1706 362 1761 narrata
387 1702 511 1782 uariant
532 1700 572 1760 ab
594 1701 797 1779 expositione
819 1701 849 1761 in
872 1699 1015 1778 epistolis
1037 1697 1184 1778 ejusdem
1218 1698 1276 1763 Pa·

160 1810 220 1872 pae
241 1803 272 1856 et
294 1792 466 1857 iustiniani
489 1796 626 1858 decretis
648 1805 761 1860 exacta
785 1798 871 1858 circa
894 1796 1128 1876 acephalorum
1163 1798 1277 1862 baere-

159 1897 218 1958 sim
241 1904 272 1958 et
294 1897 433 1958 manime
457 1896 656 1960 anthimum.
679 1896 797 1962 Scribit
817 1898 1005 1960 Anastasius
1025 1899 1279 1976 iaouocirciicr

161 2005 333 2077 postquam
354 1996 539 2074 Imperator
560 1999 691 2079 publico
713 1999 845 2062 decreto
866 1996 1091 2060 condemnavit
1116 2015 1180 2061 uua
1201 2015 1276 2063 cum

160 2096 272 2160 eodem
306 2097 459 2161 Authimo
492 2099 650 2160 haeresim
680 2099 935 2179 acephalorum)
961 2097 1139 2179 vigilium,
1170 2100 1277 2179 prius·

160 2216 257 2276 quam
280 2197 555 2274 Porticenses,
578 2195 769 2274 Theodorus
792 2204 824 2262 ei
844 2195 1028 2261 iustiniano
1049 2205 1177 2262 secrete
1201 2217 1274 2279 pro·

160 2299 282 2361 misisse
302 2319 337 2363 se
359 2299 483 2361 haeresi
505 2298 768 2376 subscripturum
785 2315 822 2360 ac
839 2298 1029 2360 huthimum
1042 2299 1276 2363 restituturum

159 2401 192 2462 in
211 2401 318 2462 sedem
340 2401 567 2478 episcopalem.
593 2398 632 2462 Et
654 2399 727 2461 hiuc
760 2417 894 2461 narrans
925 2417 1009 2479 quae
1031 2400 1062 2460 iu
1084 2390 1198 2478 vigilii
1219 2400 1273 2463 ad-

160 2510 258 2565 ventu
281 2501 590 2579 Constantinopolim
613 2501 696 2563 lacta
717 2507 804 2574 suut,
820 2504 884 2565 ait:
902 2521 919 2560 a
937 2501 998 2564 Per
1014 2501 1178 2563 biennium
1197 2518 1274 2565 vero

160 2601 295 2666 luerunt
316 2606 533 2664 contentiones
552 2602 592 2665 de
616 2603 768 2664 dntbimo
791 2602 987 2680 patriarcba,
1013 2601 1181 2679 quomodo
1202 2621 1274 2681 pro·

59 2738 63 2743 -
161 2705 297 2767 misisset
319 2700 455 2791 vigilius
475 2700 666 2768 Theodorae
687 2713 719 2765 et
739 2700 922 2766 Justiniano
945 2719 1102 2765 revocare
1117 2709 1152 2764 et
1166 2703 1290 2770 remit,

161 2811 231 2866 iere
253 2822 327 2867 eum
350 2806 380 2865 iu
401 2804 511 2868 locum
532 2824 650 2868 suum:
674 2815 707 2868 et
728 2805 910 2869 cautionem
933 2821 1046 2866 manus
1066 2819 1149 2867 suae
1168 2812 1275 2867 osteu-

161 2907 290 2977 dcbant‚
308 2907 472 2983 quornodo
494 2909 687 2985 promiserat
709 2925 783 2970 eum
807 2907 838 2968 iu
859 2906 1004 2968 ordinem
1026 2923 1124 2969 suum
1141 2923 1274 2968 revoca·

161 3024 207 3068 re.
229 3004 289 3068 Sed
315 3004 450 3086 vigilius
472 3007 657 3069 nullatenus
681 3007 786 3069 voluit
806 3007 851 3069 eis
873 3007 1066 3069 consentire.
1088 3005 1152 3072 Sed
1189 3011 1275 3069 tauto

160 3108 334 3171 roboratus
357 3110 489 3181 virtute,
514 3109 612 3186 magis
628 3109 684 3171 ille
701 3110 783 3170 mori
800 3106 1015 3182 desiderabat,
1033 3125 1131 3186 quam
1150 3110 1270 3171 virere.

159 3206 250 3275 Tunc
273 3207 408 3287 vigilius
430 3210 530 3272 dixit:
554 3221 592 3272 ut
616 3209 719 3282 video,
738 3228 801 3271 uon
817 3229 866 3271 me
889 3210 1037 3272 iecerunt
1054 3211 1167 3272 venire
1182 3209 1225 3271 ad
1239 3226 1271 3272 se

159 3309 359 3374 lastinianus
380 3319 413 3371 et
434 3307 605 3372 Theodora
629 3313 759 3389 piissimi
782 3311 939 3389 principes
951 3330 962 3388 3
985 3310 1039 3371 sed
1064 3310 1160 3373 bodie
1182 3312 1250 3373 scio
1262 3351 1273 3382 ,

158 3410 245 3488 quod
272 3408 508 3472 Diocletianum
531 3420 561 3472 et
584 3409 809 3473 Eleutheriam
842 3411 959 3472 iuveni.
985 3408 1118 3484 Facite,
1143 3420 1180 3473 ui
1205 3410 1273 3473 vul-

160 3511 221 3587 tis3
243 3509 337 3588 digua
360 3511 443 3572 enim
467 3510 559 3571 iactis
582 3513 723 3590 recipio,
746 3521 806 3574 etc.
831 3530 848 3568 a
872 3509 1042 3574 Liberatus
1065 3528 1167 3589 porro
1192 3512 1273 3573 hauc

159 3611 329 3689 descripsit
348 3613 478 3691 impiam
500 3616 744 3676 conventionem
767 3632 783 3675 a
810 3611 926 3691 Vigilio
947 3631 1023 3676 cum
1045 3612 1167 3675 eis'dem
1191 3615 1274 3692 prin·

160 3713 285 3792 cipibus
316 3725 443 3776 secreto
469 3723 594 3793 pactam
629 3734 687 3794 pro
718 3717 862 3778 hutbimi
899 3715 1102 3778 restitutione
1138 3714 1274 3795 ejusque

159 3800 329 3878 haereseos
350 3814 545 3878 defensione.

238 3916 369 3979 interim
390 3917 431 3978 sb
453 3920 513 3980 bac
536 3919 693 3981 Anastasii
716 3918 918 3997 expositione
947 3924 1169 3998 sequeretur,
1194 3918 1274 3979 intra

157 4018 253 4080 unius
274 4020 347 4080 anui
368 4020 532 4098 spatium,
556 4019 654 4083 immo
677 4031 851 4101 antequam
876 4019 1034 4084 Silserius
1056 4026 1140 4083 essct
1162 4017 1272 4098 Papa,

158 4125 190 4180 ei
217 4120 324 4191 statim
355 4138 393 4183 ac
420 4122 593 4201 acephalos
618 4122 843 4185 condemnavit
868 4131 900 4184 ei
922 4119 1111 4185 Authimum
1146 4119 1274 4199 expulit

159 4216 372 4303 lastinianus,
395 4224 504 4303 istum,
528 4230 652 4288 mutato
674 4224 823 4301 consilio,
848 4223 1088 4289 haereticorum
1115 4221 1274 4302 suscepis-
