<?xml version="1.0" encoding="UTF-8"?>
<!DOCTYPE html PUBLIC "-//W3C//DTD XHTML 1.0 Transitional//EN"
    "http://www.w3.org/TR/xhtml1/DTD/xhtml1-transitional.dtd">
<html xmlns="http://www.w3.org/1999/xhtml" xml:lang="en" lang="en">
 <head>
  <title>
</title>
<meta http-equiv="Content-Type" content="text/html;charset=utf-8" />
  <meta name='ocr-system' content='tesseract 3.04.00' />
  <meta name='ocr-capabilities' content='ocr_page ocr_carea ocr_par ocr_line ocrx_word'/>
</head>
<body>
  <div class='ocr_page' id='page_1' title='image "./insgregoriinyss00vincgoog_0278.png"; bbox 0 0 2886 4784; ppageno 0'>
   <div class='ocr_carea' id='block_1_1' title="bbox 1230 336 1270 407">
    <p class='ocr_par' dir='ltr' id='par_1_1' title="bbox 1230 336 1270 407">
     <span class='ocr_line' id='line_1_1' title="bbox 1230 336 1270 407; baseline 0 0"><span class='ocrx_word' id='word_1_1' title='bbox 1230 336 1270 407; x_wconf 79' lang='lat'><strong>8³</strong></span> 
     </span>
    </p>
   </div>
   <div class='ocr_carea' id='block_1_2' title="bbox 581 459 832 508">
    <p class='ocr_par' dir='ltr' id='par_1_2' title="bbox 581 459 832 508">
     <span class='ocr_line' id='line_1_2' title="bbox 581 459 832 508; baseline 0.008 -2"><span class='ocrx_word' id='word_1_2' title='bbox 581 459 832 508; x_wconf 77' lang='lat' dir='ltr'>PROLOGUS</span> 
     </span>
    </p>
   </div>
   <div class='ocr_carea' id='block_1_3' title="bbox 140 646 1328 4067">
    <p class='ocr_par' dir='ltr' id='par_1_3' title="bbox 140 646 1271 2046">
     <span class='ocr_line' id='line_1_3' title="bbox 230 646 1268 730; baseline -0.007 -17"><span class='ocrx_word' id='word_1_3' title='bbox 230 647 336 714; x_wconf 91' lang='lat' dir='ltr'><strong>Nemo</strong></span> <span class='ocrx_word' id='word_1_4' title='bbox 358 649 495 709; x_wconf 92' lang='lat' dir='ltr'><strong>miretur</strong></span> <span class='ocrx_word' id='word_1_5' title='bbox 517 665 574 708; x_wconf 90' lang='lat' dir='ltr'><strong>uec</strong></span> <span class='ocrx_word' id='word_1_6' title='bbox 595 646 801 725; x_wconf 66' lang='lat' dir='ltr'><strong>aegrotant,</strong></span> <span class='ocrx_word' id='word_1_7' title='bbox 825 647 913 730; x_wconf 84' lang='lat' dir='ltr'><strong>quod</strong></span> <span class='ocrx_word' id='word_1_8' title='bbox 935 664 994 726; x_wconf 91' lang='lat' dir='ltr'><strong>ego</strong></span> <span class='ocrx_word' id='word_1_9' title='bbox 1007 689 1019 720; x_wconf 90' lang='lat'><strong>,</strong></span> <span class='ocrx_word' id='word_1_10' title='bbox 1042 658 1211 726; x_wconf 78' lang='lat' dir='ltr'><strong>postquam</strong></span> <span class='ocrx_word' id='word_1_11' title='bbox 1235 647 1268 707; x_wconf 91' lang='lat' dir='ltr'><strong>iu</strong></span> 
     </span>
     <span class='ocr_line' id='line_1_4' title="bbox 140 746 1269 816; baseline -0.007 0"><span class='ocrx_word' id='word_1_12' title='bbox 140 750 253 816; x_wconf 83' lang='lat' dir='ltr'><strong>Temo</strong></span> <span class='ocrx_word' id='word_1_13' title='bbox 277 746 638 812; x_wconf 65' lang='lat' dir='ltr'><strong>libentissimi</strong></span> <span class='ocrx_word' id='word_1_14' title='bbox 663 746 716 810; x_wconf 89' lang='lat' dir='ltr'><strong>tv.</strong></span> <span class='ocrx_word' id='word_1_15' title='bbox 740 768 780 810; x_wconf 85' lang='lat' dir='ltr'><strong>ex</strong></span> <span class='ocrx_word' id='word_1_16' title='bbox 805 759 952 810; x_wconf 85' lang='lat' dir='ltr'><strong>veterum</strong></span> <span class='ocrx_word' id='word_1_17' title='bbox 988 749 1177 809; x_wconf 75' lang='lat' dir='ltr'><strong>testimoniis</strong></span> <span class='ocrx_word' id='word_1_18' title='bbox 1212 747 1269 808; x_wconf 91' lang='lat' dir='ltr'><strong>do·</strong></span> 
     </span>
     <span class='ocr_line' id='line_1_5' title="bbox 141 849 1269 928; baseline -0.004 -14"><span class='ocrx_word' id='word_1_19' title='bbox 141 853 275 915; x_wconf 83' lang='lat' dir='ltr'><strong>ctrinae</strong></span> <span class='ocrx_word' id='word_1_20' title='bbox 297 849 445 928; x_wconf 91' lang='lat' dir='ltr'><strong>Origenis</strong></span> <span class='ocrx_word' id='word_1_21' title='bbox 466 857 498 909; x_wconf 94' lang='lat' dir='ltr'><strong>et</strong></span> <span class='ocrx_word' id='word_1_22' title='bbox 520 850 751 912; x_wconf 88' lang='lat' dir='ltr'><strong>monachorum</strong></span> <span class='ocrx_word' id='word_1_23' title='bbox 775 849 975 919; x_wconf 78' lang='lat' dir='ltr'><strong>nitriensium</strong></span> <span class='ocrx_word' id='word_1_24' title='bbox 998 850 1213 927; x_wconf 80' lang='lat' dir='ltr'><strong>integritatem</strong></span> <span class='ocrx_word' id='word_1_25' title='bbox 1237 859 1269 910; x_wconf 90' lang='lat' dir='ltr'><strong>et</strong></span> 
     </span>
     <span class='ocr_line' id='line_1_6' title="bbox 148 950 1269 1032; baseline -0.004 -18"><span class='ocrx_word' id='word_1_26' title='bbox 148 954 236 1016; x_wconf 86' lang='lat' dir='ltr'><strong>vitae</strong></span> <span class='ocrx_word' id='word_1_27' title='bbox 260 953 452 1032; x_wconf 89' lang='lat' dir='ltr'><strong>probitatem</strong></span> <span class='ocrx_word' id='word_1_28' title='bbox 464 968 485 1017; x_wconf 86' lang='lat' dir='ltr'><strong>¹a</strong></span> <span class='ocrx_word' id='word_1_29' title='bbox 503 950 671 1012; x_wconf 91' lang='lat' dir='ltr'><strong>calumniis</strong></span> <span class='ocrx_word' id='word_1_30' title='bbox 697 951 872 1024; x_wconf 85' lang='lat' dir='ltr'><strong>vindicavi,</strong></span> <span class='ocrx_word' id='word_1_31' title='bbox 895 952 1001 1014; x_wconf 89' lang='lat' dir='ltr'><strong>denuo</strong></span> <span class='ocrx_word' id='word_1_32' title='bbox 1024 953 1105 1012; x_wconf 91' lang='lat' dir='ltr'><strong>banc</strong></span> <span class='ocrx_word' id='word_1_33' title='bbox 1128 959 1269 1029; x_wconf 87' lang='lat' dir='ltr'><strong>repetam</strong></span> 
     </span>
     <span class='ocr_line' id='line_1_7' title="bbox 142 1050 1265 1133; baseline -0.003 -17"><span class='ocrx_word' id='word_1_34' title='bbox 142 1055 386 1133; x_wconf 87' lang='lat' dir='ltr'><strong>quaestionem.</strong></span> <span class='ocrx_word' id='word_1_35' title='bbox 410 1050 492 1116; x_wconf 87' lang='lat' dir='ltr'><strong>Cum</strong></span> <span class='ocrx_word' id='word_1_36' title='bbox 515 1052 597 1113; x_wconf 89' lang='lat' dir='ltr'><strong>enim</strong></span> <span class='ocrx_word' id='word_1_37' title='bbox 621 1052 766 1113; x_wconf 80' lang='lat' dir='ltr'><strong>nonnulii</strong></span> <span class='ocrx_word' id='word_1_38' title='bbox 787 1054 894 1115; x_wconf 90' lang='lat' dir='ltr'><strong>adbuc</strong></span> <span class='ocrx_word' id='word_1_39' title='bbox 916 1060 1070 1131; x_wconf 80' lang='lat' dir='ltr'><strong>perstent,</strong></span> <span class='ocrx_word' id='word_1_40' title='bbox 1092 1051 1265 1128; x_wconf 86' lang='lat' dir='ltr'><strong>Origenem</strong></span> 
     </span>
     <span class='ocr_line' id='line_1_8' title="bbox 147 1152 1268 1225; baseline -0.005 -7"><span class='ocrx_word' id='word_1_41' title='bbox 147 1162 331 1218; x_wconf 78' lang='lat' dir='ltr'><strong>asserentes</strong></span> <span class='ocrx_word' id='word_1_42' title='bbox 354 1155 395 1214; x_wconf 93' lang='lat' dir='ltr'><strong>ob</strong></span> <span class='ocrx_word' id='word_1_43' title='bbox 418 1154 576 1214; x_wconf 88' lang='lat' dir='ltr'><strong>baeresim</strong></span> <span class='ocrx_word' id='word_1_44' title='bbox 598 1152 797 1225; x_wconf 88' lang='lat' dir='ltr'><strong>damnatum,</strong></span> <span class='ocrx_word' id='word_1_45' title='bbox 821 1172 858 1214; x_wconf 89' lang='lat' dir='ltr'><strong>ac</strong></span> <span class='ocrx_word' id='word_1_46' title='bbox 879 1157 911 1215; x_wconf 93' lang='lat' dir='ltr'><strong>iu</strong></span> <span class='ocrx_word' id='word_1_47' title='bbox 933 1154 1057 1215; x_wconf 86' lang='lat' dir='ltr'><strong>haeresi</strong></span> <span class='ocrx_word' id='word_1_48' title='bbox 1080 1152 1268 1214; x_wconf 76' lang='lat' dir='ltr'><strong>defunctum</strong></span> 
     </span>
     <span class='ocr_line' id='line_1_9' title="bbox 150 1253 1268 1334; baseline -0.004 -16"><span class='ocrx_word' id='word_1_49' title='bbox 150 1275 235 1331; x_wconf 89' lang='lat' dir='ltr'><strong>esse,</strong></span> <span class='ocrx_word' id='word_1_50' title='bbox 260 1263 292 1316; x_wconf 91' lang='lat' dir='ltr'><strong>et</strong></span> <span class='ocrx_word' id='word_1_51' title='bbox 315 1255 386 1316; x_wconf 90' lang='lat' dir='ltr'><strong>binc</strong></span> <span class='ocrx_word' id='word_1_52' title='bbox 409 1253 531 1316; x_wconf 83' lang='lat' dir='ltr'><strong>trustra</strong></span> <span class='ocrx_word' id='word_1_53' title='bbox 555 1254 707 1316; x_wconf 85' lang='lat' dir='ltr'><strong>laborare</strong></span> <span class='ocrx_word' id='word_1_54' title='bbox 729 1255 816 1317; x_wconf 84' lang='lat' dir='ltr'><strong>iltius</strong></span> <span class='ocrx_word' id='word_1_55' title='bbox 839 1264 1012 1333; x_wconf 77' lang='lat' dir='ltr'><strong>patronosr</strong></span> <span class='ocrx_word' id='word_1_56' title='bbox 1036 1255 1268 1334; x_wconf 90' lang='lat' dir='ltr'><strong>perstringendi</strong></span> 
     </span>
     <span class='ocr_line' id='line_1_10' title="bbox 150 1354 1269 1435; baseline -0.005 -15"><span class='ocrx_word' id='word_1_57' title='bbox 150 1357 226 1420; x_wconf 90' lang='lat' dir='ltr'><strong>ideo</strong></span> <span class='ocrx_word' id='word_1_58' title='bbox 248 1374 345 1418; x_wconf 92' lang='lat' dir='ltr'><strong>causa</strong></span> <span class='ocrx_word' id='word_1_59' title='bbox 370 1356 584 1435; x_wconf 88' lang='lat' dir='ltr'><strong>oppositores,</strong></span> <span class='ocrx_word' id='word_1_60' title='bbox 600 1363 631 1417; x_wconf 90' lang='lat' dir='ltr'><strong>et</strong></span> <span class='ocrx_word' id='word_1_61' title='bbox 650 1356 849 1419; x_wconf 90' lang='lat' dir='ltr'><strong>iucuientius</strong></span> <span class='ocrx_word' id='word_1_62' title='bbox 872 1357 1006 1419; x_wconf 83' lang='lat' dir='ltr'><strong>illorum</strong></span> <span class='ocrx_word' id='word_1_63' title='bbox 1030 1355 1192 1418; x_wconf 89' lang='lat' dir='ltr'><strong>reiutaudi</strong></span> <span class='ocrx_word' id='word_1_64' title='bbox 1215 1354 1269 1414; x_wconf 92' lang='lat' dir='ltr'><strong>ad·</strong></span> 
     </span>
     <span class='ocr_line' id='line_1_11' title="bbox 150 1457 1270 1538; baseline -0.002 -16"><span class='ocrx_word' id='word_1_65' title='bbox 150 1469 266 1538; x_wconf 79' lang='lat' dir='ltr'><strong>serta3</strong></span> <span class='ocrx_word' id='word_1_66' title='bbox 290 1476 372 1520; x_wconf 80' lang='lat' dir='ltr'><strong>nova</strong></span> <span class='ocrx_word' id='word_1_67' title='bbox 395 1457 535 1536; x_wconf 86' lang='lat' dir='ltr'><strong>quadam</strong></span> <span class='ocrx_word' id='word_1_68' title='bbox 558 1457 662 1519; x_wconf 84' lang='lat' dir='ltr'><strong>forma</strong></span> <span class='ocrx_word' id='word_1_69' title='bbox 686 1461 906 1536; x_wconf 88' lang='lat' dir='ltr'><strong>quaestionem</strong></span> <span class='ocrx_word' id='word_1_70' title='bbox 929 1457 1117 1531; x_wconf 78' lang='lat' dir='ltr'><strong>adornabo,</strong></span> <span class='ocrx_word' id='word_1_71' title='bbox 1149 1460 1270 1538; x_wconf 89' lang='lat' dir='ltr'><strong>prisco·</strong></span> 
     </span>
     <span class='ocr_line' id='line_1_12' title="bbox 151 1557 1271 1640; baseline -0.003 -17"><span class='ocrx_word' id='word_1_72' title='bbox 151 1579 226 1624; x_wconf 90' lang='lat' dir='ltr'><strong>rum</strong></span> <span class='ocrx_word' id='word_1_73' title='bbox 252 1561 426 1640; x_wconf 84' lang='lat' dir='ltr'><strong>praecipue</strong></span> <span class='ocrx_word' id='word_1_74' title='bbox 448 1559 654 1621; x_wconf 84' lang='lat' dir='ltr'><strong>considerans</strong></span> <span class='ocrx_word' id='word_1_75' title='bbox 676 1557 811 1621; x_wconf 80' lang='lat' dir='ltr'><strong>Petrum</strong></span> <span class='ocrx_word' id='word_1_76' title='bbox 829 1559 1032 1632; x_wconf 89' lang='lat' dir='ltr'><strong>testimonia,</strong></span> <span class='ocrx_word' id='word_1_77' title='bbox 1055 1559 1110 1636; x_wconf 88' lang='lat' dir='ltr'><strong>qui</strong></span> <span class='ocrx_word' id='word_1_78' title='bbox 1133 1577 1207 1620; x_wconf 89' lang='lat' dir='ltr'><strong>oum</strong></span> <span class='ocrx_word' id='word_1_79' title='bbox 1230 1577 1271 1620; x_wconf 92' lang='lat' dir='ltr'><strong>eo</strong></span> 
     </span>
     <span class='ocr_line' id='line_1_13' title="bbox 149 1660 1270 1738; baseline -0.003 -16"><span class='ocrx_word' id='word_1_80' title='bbox 149 1663 318 1733; x_wconf 81' lang='lat' dir='ltr'><strong>vixerunt,</strong></span> <span class='ocrx_word' id='word_1_81' title='bbox 336 1661 423 1722; x_wconf 88' lang='lat' dir='ltr'><strong>iliius</strong></span> <span class='ocrx_word' id='word_1_82' title='bbox 444 1661 536 1720; x_wconf 88' lang='lat' dir='ltr'><strong>dicta·</strong></span> <span class='ocrx_word' id='word_1_83' title='bbox 551 1660 739 1733; x_wconf 87' lang='lat' dir='ltr'><strong>audierunt,</strong></span> <span class='ocrx_word' id='word_1_84' title='bbox 757 1667 855 1738; x_wconf 87' lang='lat' dir='ltr'><strong>atque</strong></span> <span class='ocrx_word' id='word_1_85' title='bbox 878 1660 1025 1732; x_wconf 83' lang='lat' dir='ltr'><strong>iliorum,</strong></span> <span class='ocrx_word' id='word_1_86' title='bbox 1044 1660 1099 1736; x_wconf 88' lang='lat' dir='ltr'><strong>qui</strong></span> <span class='ocrx_word' id='word_1_87' title='bbox 1116 1669 1270 1720; x_wconf 85' lang='lat' dir='ltr'><strong>oretenus</strong></span> 
     </span>
     <span class='ocr_line' id='line_1_14' title="bbox 152 1760 1271 1841; baseline -0.005 -15"><span class='ocrx_word' id='word_1_88' title='bbox 152 1762 334 1826; x_wconf 82' lang='lat' dir='ltr'><strong>doctrinam</strong></span> <span class='ocrx_word' id='word_1_89' title='bbox 356 1762 456 1840; x_wconf 90' lang='lat' dir='ltr'><strong>ipsius</strong></span> <span class='ocrx_word' id='word_1_90' title='bbox 477 1762 673 1840; x_wconf 82' lang='lat' dir='ltr'><strong>excipientes</strong></span> <span class='ocrx_word' id='word_1_91' title='bbox 695 1763 818 1841; x_wconf 92' lang='lat' dir='ltr'><strong>scripto</strong></span> <span class='ocrx_word' id='word_1_92' title='bbox 840 1760 1047 1835; x_wconf 89' lang='lat' dir='ltr'><strong>mandarunt,</strong></span> <span class='ocrx_word' id='word_1_93' title='bbox 1069 1761 1166 1823; x_wconf 90' lang='lat' dir='ltr'><strong>simui</strong></span> <span class='ocrx_word' id='word_1_94' title='bbox 1195 1777 1271 1823; x_wconf 88' lang='lat' dir='ltr'><strong>cou-</strong></span> 
     </span>
     <span class='ocr_line' id='line_1_15' title="bbox 149 1852 1271 1944; baseline -0.005 -16"><span class='ocrx_word' id='word_1_95' title='bbox 149 1866 247 1929; x_wconf 90' lang='lat' dir='ltr'><strong>sertis</strong></span> <span class='ocrx_word' id='word_1_96' title='bbox 267 1852 306 1928; x_wconf 74' lang='lat' dir='ltr'><strong>&#39;ac</strong></span> <span class='ocrx_word' id='word_1_97' title='bbox 325 1865 387 1927; x_wconf 91' lang='lat' dir='ltr'><strong>sub</strong></span> <span class='ocrx_word' id='word_1_98' title='bbox 409 1881 474 1926; x_wconf 88' lang='lat' dir='ltr'><strong>nuo</strong></span> <span class='ocrx_word' id='word_1_99' title='bbox 495 1864 616 1929; x_wconf 91' lang='lat' dir='ltr'><strong>iutuitu</strong></span> <span class='ocrx_word' id='word_1_100' title='bbox 636 1864 816 1938; x_wconf 85' lang='lat' dir='ltr'><strong>collocatis,</strong></span> <span class='ocrx_word' id='word_1_101' title='bbox 839 1880 923 1944; x_wconf 91' lang='lat' dir='ltr'><strong>quae</strong></span> <span class='ocrx_word' id='word_1_102' title='bbox 943 1863 975 1923; x_wconf 91' lang='lat' dir='ltr'><strong>iu</strong></span> <span class='ocrx_word' id='word_1_103' title='bbox 996 1870 1141 1940; x_wconf 84' lang='lat' dir='ltr'><strong>quatuor</strong></span> <span class='ocrx_word' id='word_1_104' title='bbox 1161 1859 1271 1925; x_wconf 86' lang='lat' dir='ltr'><strong>Tomis</strong></span> 
     </span>
     <span class='ocr_line' id='line_1_16' title="bbox 151 1965 424 2046; baseline -0.004 -18"><span class='ocrx_word' id='word_1_105' title='bbox 151 1965 317 2046; x_wconf 88' lang='lat' dir='ltr'><strong>disputata</strong></span> <span class='ocrx_word' id='word_1_106' title='bbox 338 1973 424 2028; x_wconf 87' lang='lat' dir='ltr'><strong>sunt.</strong></span> 
     </span>
    </p>

    <p class='ocr_par' dir='ltr' id='par_1_4' title="bbox 150 2065 1328 3961">
     <span class='ocr_line' id='line_1_17' title="bbox 236 2065 1269 2144; baseline -0.004 -14"><span class='ocrx_word' id='word_1_107' title='bbox 236 2065 388 2131; x_wconf 83' lang='lat' dir='ltr'><strong>Proiecto</strong></span> <span class='ocrx_word' id='word_1_108' title='bbox 410 2068 462 2129; x_wconf 93' lang='lat' dir='ltr'><strong>bic</strong></span> <span class='ocrx_word' id='word_1_109' title='bbox 486 2084 586 2130; x_wconf 89' lang='lat' dir='ltr'><strong>vanus</strong></span> <span class='ocrx_word' id='word_1_110' title='bbox 610 2066 777 2132; x_wconf 79' lang='lat' dir='ltr'><strong>videretur</strong></span> <span class='ocrx_word' id='word_1_111' title='bbox 795 2067 912 2141; x_wconf 91' lang='lat' dir='ltr'><strong>labor,</strong></span> <span class='ocrx_word' id='word_1_112' title='bbox 935 2084 1010 2129; x_wconf 91' lang='lat' dir='ltr'><strong>cum</strong></span> <span class='ocrx_word' id='word_1_113' title='bbox 1031 2085 1056 2129; x_wconf 92' lang='lat' dir='ltr'><strong>s.</strong></span> <span class='ocrx_word' id='word_1_114' title='bbox 1081 2065 1269 2144; x_wconf 85' lang='lat' dir='ltr'><strong>Pamphilus</strong></span> 
     </span>
     <span class='ocr_line' id='line_1_18' title="bbox 156 2168 1328 2249; baseline -0.005 -16"><span class='ocrx_word' id='word_1_115' title='bbox 156 2171 207 2233; x_wconf 81' lang='lat' dir='ltr'><strong>vir</strong></span> <span class='ocrx_word' id='word_1_116' title='bbox 231 2168 296 2232; x_wconf 83' lang='lat' dir='ltr'><strong>tide</strong></span> <span class='ocrx_word' id='word_1_117' title='bbox 316 2177 350 2232; x_wconf 91' lang='lat' dir='ltr'><strong>et</strong></span> <span class='ocrx_word' id='word_1_118' title='bbox 370 2169 532 2248; x_wconf 87' lang='lat' dir='ltr'><strong>probitate</strong></span> <span class='ocrx_word' id='word_1_119' title='bbox 555 2169 708 2248; x_wconf 89' lang='lat' dir='ltr'><strong>insignis,</strong></span> <span class='ocrx_word' id='word_1_120' title='bbox 731 2171 976 2249; x_wconf 70' lang='lat' dir='ltr'><strong>,iquinquagiuta</strong></span> <span class='ocrx_word' id='word_1_121' title='bbox 1007 2169 1140 2231; x_wconf 90' lang='lat' dir='ltr'><strong>circiter</strong></span> <span class='ocrx_word' id='word_1_122' title='bbox 1169 2184 1269 2228; x_wconf 90' lang='lat' dir='ltr'><strong>anuos</strong></span> <span class='ocrx_word' id='word_1_123' title='bbox 1325 2235 1328 2240; x_wconf 42' lang='lat'>‚</span> 
     </span>
     <span class='ocr_line' id='line_1_19' title="bbox 154 2269 1268 2350; baseline -0.005 -16"><span class='ocrx_word' id='word_1_124' title='bbox 154 2279 228 2350; x_wconf 88' lang='lat' dir='ltr'><strong>post</strong></span> <span class='ocrx_word' id='word_1_125' title='bbox 247 2270 397 2350; x_wconf 88' lang='lat' dir='ltr'><strong>Origeuis</strong></span> <span class='ocrx_word' id='word_1_126' title='bbox 418 2271 567 2346; x_wconf 88' lang='lat' dir='ltr'><strong>obitum,</strong></span> <span class='ocrx_word' id='word_1_127' title='bbox 590 2271 790 2349; x_wconf 87' lang='lat' dir='ltr'><strong>praeclaram</strong></span> <span class='ocrx_word' id='word_1_128' title='bbox 822 2289 861 2334; x_wconf 91' lang='lat' dir='ltr'><strong>ac</strong></span> <span class='ocrx_word' id='word_1_129' title='bbox 889 2271 1060 2349; x_wconf 89' lang='lat' dir='ltr'><strong>ingenuam</strong></span> <span class='ocrx_word' id='word_1_130' title='bbox 1090 2269 1268 2346; x_wconf 85' lang='lat' dir='ltr'><strong>susceperit</strong></span> 
     </span>
     <span class='ocr_line' id='line_1_20' title="bbox 151 2369 1267 2451; baseline -0.002 -18"><span class='ocrx_word' id='word_1_131' title='bbox 151 2372 246 2435; x_wconf 90' lang='lat' dir='ltr'><strong>istius</strong></span> <span class='ocrx_word' id='word_1_132' title='bbox 270 2372 475 2451; x_wconf 79' lang='lat' dir='ltr'><strong>Apologiam,</strong></span> <span class='ocrx_word' id='word_1_133' title='bbox 492 2371 635 2451; x_wconf 90' lang='lat' dir='ltr'><strong>undique</strong></span> <span class='ocrx_word' id='word_1_134' title='bbox 663 2372 926 2435; x_wconf 86' lang='lat' dir='ltr'><strong>adversariorum</strong></span> <span class='ocrx_word' id='word_1_135' title='bbox 949 2371 1116 2434; x_wconf 90' lang='lat' dir='ltr'><strong>conatibus</strong></span> <span class='ocrx_word' id='word_1_136' title='bbox 1140 2369 1267 2431; x_wconf 90' lang='lat' dir='ltr'><strong>retusis.</strong></span> 
     </span>
     <span class='ocr_line' id='line_1_21' title="bbox 153 2470 1267 2552; baseline -0.004 -17"><span class='ocrx_word' id='word_1_137' title='bbox 153 2471 216 2535; x_wconf 88' lang='lat' dir='ltr'><strong>Sed</strong></span> <span class='ocrx_word' id='word_1_138' title='bbox 240 2491 314 2534; x_wconf 90' lang='lat' dir='ltr'><strong>oum</strong></span> <span class='ocrx_word' id='word_1_139' title='bbox 336 2491 378 2535; x_wconf 84' lang='lat' dir='ltr'><strong>ex</strong></span> <span class='ocrx_word' id='word_1_140' title='bbox 406 2491 464 2536; x_wconf 85' lang='lat' dir='ltr'><strong>sex</strong></span> <span class='ocrx_word' id='word_1_141' title='bbox 495 2475 609 2547; x_wconf 92' lang='lat' dir='ltr'><strong>libris,</strong></span> <span class='ocrx_word' id='word_1_142' title='bbox 632 2474 662 2534; x_wconf 91' lang='lat' dir='ltr'><strong>iu</strong></span> <span class='ocrx_word' id='word_1_143' title='bbox 685 2474 803 2552; x_wconf 85' lang='lat' dir='ltr'><strong>quibus</strong></span> <span class='ocrx_word' id='word_1_144' title='bbox 834 2483 900 2536; x_wconf 92' lang='lat' dir='ltr'><strong>tota</strong></span> <span class='ocrx_word' id='word_1_145' title='bbox 931 2470 1267 2552; x_wconf 90' lang='lat' dir='ltr'><strong>comprehendebatur</strong></span> 
     </span>
     <span class='ocr_line' id='line_1_22' title="bbox 154 2572 1268 2664; baseline -0.004 -27"><span class='ocrx_word' id='word_1_146' title='bbox 154 2573 330 2653; x_wconf 78' lang='lat' dir='ltr'><strong>Apologia,</strong></span> <span class='ocrx_word' id='word_1_147' title='bbox 355 2576 577 2638; x_wconf 88' lang='lat' dir='ltr'><strong>tautummodo</strong></span> <span class='ocrx_word' id='word_1_148' title='bbox 600 2574 705 2652; x_wconf 90' lang='lat' dir='ltr'><strong>portio</strong></span> <span class='ocrx_word' id='word_1_149' title='bbox 727 2574 816 2637; x_wconf 90' lang='lat' dir='ltr'><strong>illius</strong></span> <span class='ocrx_word' id='word_1_150' title='bbox 835 2574 988 2654; x_wconf 88' lang='lat' dir='ltr'><strong>supersit,</strong></span> <span class='ocrx_word' id='word_1_151' title='bbox 1010 2582 1043 2636; x_wconf 91' lang='lat' dir='ltr'><strong>et</strong></span> <span class='ocrx_word' id='word_1_152' title='bbox 1064 2572 1162 2664; x_wconf 77' lang='lat' dir='ltr'><strong>buius</strong></span> <span class='ocrx_word' id='word_1_153' title='bbox 1186 2588 1268 2650; x_wconf 88' lang='lat' dir='ltr'><strong>quo·</strong></span> 
     </span>
     <span class='ocr_line' id='line_1_23' title="bbox 152 2671 1268 2753; baseline -0.004 -17"><span class='ocrx_word' id='word_1_154' title='bbox 152 2693 218 2753; x_wconf 91' lang='lat' dir='ltr'><strong>que</strong></span> <span class='ocrx_word' id='word_1_155' title='bbox 241 2673 445 2736; x_wconf 89' lang='lat' dir='ltr'><strong>desideretur</strong></span> <span class='ocrx_word' id='word_1_156' title='bbox 466 2683 574 2737; x_wconf 85' lang='lat' dir='ltr'><strong>textus</strong></span> <span class='ocrx_word' id='word_1_157' title='bbox 598 2692 755 2752; x_wconf 81' lang='lat' dir='ltr'><strong>graecus3</strong></span> <span class='ocrx_word' id='word_1_158' title='bbox 777 2682 904 2737; x_wconf 91' lang='lat' dir='ltr'><strong>etcum</strong></span> <span class='ocrx_word' id='word_1_159' title='bbox 927 2675 1058 2753; x_wconf 90' lang='lat' dir='ltr'><strong>iusuper</strong></span> <span class='ocrx_word' id='word_1_160' title='bbox 1078 2674 1110 2735; x_wconf 92' lang='lat' dir='ltr'><strong>in</strong></span> <span class='ocrx_word' id='word_1_161' title='bbox 1132 2671 1268 2734; x_wconf 91' lang='lat' dir='ltr'><strong>dubium</strong></span> 
     </span>
     <span class='ocr_line' id='line_1_24' title="bbox 152 2773 1265 2855; baseline -0.001 -19"><span class='ocrx_word' id='word_1_162' title='bbox 152 2773 224 2855; x_wconf 88' lang='lat' dir='ltr'><strong>ejus</strong></span> <span class='ocrx_word' id='word_1_163' title='bbox 249 2776 403 2837; x_wconf 85' lang='lat' dir='ltr'><strong>versionis</strong></span> <span class='ocrx_word' id='word_1_164' title='bbox 427 2783 539 2837; x_wconf 85' lang='lat' dir='ltr'><strong>vocata</strong></span> <span class='ocrx_word' id='word_1_165' title='bbox 561 2776 600 2837; x_wconf 92' lang='lat' dir='ltr'><strong>sit</strong></span> <span class='ocrx_word' id='word_1_166' title='bbox 623 2775 785 2849; x_wconf 86' lang='lat' dir='ltr'><strong>fidelitas,</strong></span> <span class='ocrx_word' id='word_1_167' title='bbox 808 2776 924 2838; x_wconf 89' lang='lat' dir='ltr'><strong>ceteris</strong></span> <span class='ocrx_word' id='word_1_168' title='bbox 947 2783 1054 2854; x_wconf 90' lang='lat' dir='ltr'><strong>postea</strong></span> <span class='ocrx_word' id='word_1_169' title='bbox 1077 2775 1265 2848; x_wconf 91' lang='lat' dir='ltr'><strong>commotis,</strong></span> 
     </span>
     <span class='ocr_line' id='line_1_25' title="bbox 152 2875 1268 2956; baseline -0.003 -19"><span class='ocrx_word' id='word_1_170' title='bbox 152 2876 209 2955; x_wconf 84' lang='lat' dir='ltr'><strong>qui</strong></span> <span class='ocrx_word' id='word_1_171' title='bbox 233 2875 285 2939; x_wconf 84' lang='lat' dir='ltr'><strong>rei</strong></span> <span class='ocrx_word' id='word_1_172' title='bbox 306 2875 468 2951; x_wconf 85' lang='lat' dir='ltr'><strong>illusione,</strong></span> <span class='ocrx_word' id='word_1_173' title='bbox 494 2877 544 2939; x_wconf 87' lang='lat' dir='ltr'><strong>vel</strong></span> <span class='ocrx_word' id='word_1_174' title='bbox 566 2875 698 2956; x_wconf 86' lang='lat' dir='ltr'><strong>pertidia</strong></span> <span class='ocrx_word' id='word_1_175' title='bbox 722 2878 819 2954; x_wconf 93' lang='lat' dir='ltr'><strong>capti,</strong></span> <span class='ocrx_word' id='word_1_176' title='bbox 836 2877 942 2937; x_wconf 91' lang='lat' dir='ltr'><strong>auimo</strong></span> <span class='ocrx_word' id='word_1_177' title='bbox 961 2875 1141 2936; x_wconf 86' lang='lat' dir='ltr'><strong>vehementi</strong></span> <span class='ocrx_word' id='word_1_178' title='bbox 1163 2875 1268 2936; x_wconf 90' lang='lat' dir='ltr'><strong>insur-</strong></span> 
     </span>
     <span class='ocr_line' id='line_1_26' title="bbox 153 2974 1267 3057; baseline -0.003 -19"><span class='ocrx_word' id='word_1_179' title='bbox 153 2985 315 3039; x_wconf 84' lang='lat' dir='ltr'><strong>rexerunt</strong></span> <span class='ocrx_word' id='word_1_180' title='bbox 345 2974 494 3055; x_wconf 75' lang='lat' dir='ltr'><strong>origenis</strong></span> <span class='ocrx_word' id='word_1_181' title='bbox 522 2985 763 3056; x_wconf 84' lang='lat' dir='ltr'><strong>oppugnatores</strong></span> <span class='ocrx_word' id='word_1_182' title='bbox 795 2974 978 3057; x_wconf 79' lang='lat' dir='ltr'><strong>eiusmodi,</strong></span> <span class='ocrx_word' id='word_1_183' title='bbox 1003 2976 1069 3037; x_wconf 83' lang='lat' dir='ltr'><strong>risa</strong></span> <span class='ocrx_word' id='word_1_184' title='bbox 1101 2984 1149 3037; x_wconf 90' lang='lat' dir='ltr'><strong>est</strong></span> <span class='ocrx_word' id='word_1_185' title='bbox 1169 2991 1267 3036; x_wconf 90' lang='lat' dir='ltr'><strong>causa</strong></span> 
     </span>
     <span class='ocr_line' id='line_1_27' title="bbox 152 3074 1269 3158; baseline -0.003 -18"><span class='ocrx_word' id='word_1_186' title='bbox 152 3085 225 3140; x_wconf 89' lang='lat' dir='ltr'><strong>acta</strong></span> <span class='ocrx_word' id='word_1_187' title='bbox 247 3095 332 3152; x_wconf 89' lang='lat' dir='ltr'><strong>esse,</strong></span> <span class='ocrx_word' id='word_1_188' title='bbox 353 3086 385 3141; x_wconf 87' lang='lat' dir='ltr'><strong>et</strong></span> <span class='ocrx_word' id='word_1_189' title='bbox 409 3079 469 3141; x_wconf 85' lang='lat' dir='ltr'><strong>viri</strong></span> <span class='ocrx_word' id='word_1_190' title='bbox 491 3080 646 3141; x_wconf 89' lang='lat' dir='ltr'><strong>memoria</strong></span> <span class='ocrx_word' id='word_1_191' title='bbox 676 3081 802 3158; x_wconf 91' lang='lat' dir='ltr'><strong>penitus</strong></span> <span class='ocrx_word' id='word_1_192' title='bbox 834 3077 1035 3141; x_wconf 87' lang='lat' dir='ltr'><strong>conculcata.</strong></span> <span class='ocrx_word' id='word_1_193' title='bbox 1059 3074 1269 3156; x_wconf 85' lang='lat' dir='ltr'><strong>Quapropter</strong></span> 
     </span>
     <span class='ocr_line' id='line_1_28' title="bbox 153 3176 1269 3258; baseline 0 -20"><span class='ocrx_word' id='word_1_194' title='bbox 153 3176 194 3238; x_wconf 86' lang='lat' dir='ltr'><strong>ad</strong></span> <span class='ocrx_word' id='word_1_195' title='bbox 215 3183 313 3241; x_wconf 85' lang='lat' dir='ltr'><strong>situm</strong></span> <span class='ocrx_word' id='word_1_196' title='bbox 336 3180 529 3258; x_wconf 90' lang='lat' dir='ltr'><strong>principium</strong></span> <span class='ocrx_word' id='word_1_197' title='bbox 552 3198 649 3243; x_wconf 91' lang='lat' dir='ltr'><strong>causa</strong></span> <span class='ocrx_word' id='word_1_198' title='bbox 674 3187 838 3255; x_wconf 87' lang='lat' dir='ltr'><strong>revocata,</strong></span> <span class='ocrx_word' id='word_1_199' title='bbox 861 3178 969 3242; x_wconf 87' lang='lat' dir='ltr'><strong>studio</strong></span> <span class='ocrx_word' id='word_1_200' title='bbox 990 3177 1117 3252; x_wconf 91' lang='lat' dir='ltr'><strong>eodem,</strong></span> <span class='ocrx_word' id='word_1_201' title='bbox 1140 3196 1207 3257; x_wconf 87' lang='lat' dir='ltr'><strong>quo</strong></span> <span class='ocrx_word' id='word_1_202' title='bbox 1230 3177 1269 3238; x_wconf 90' lang='lat' dir='ltr'><strong>il·</strong></span> 
     </span>
     <span class='ocr_line' id='line_1_29' title="bbox 150 3278 1267 3362; baseline 0.003 -23"><span class='ocrx_word' id='word_1_203' title='bbox 150 3278 217 3341; x_wconf 92' lang='lat' dir='ltr'><strong>lius</strong></span> <span class='ocrx_word' id='word_1_204' title='bbox 239 3281 346 3341; x_wconf 88' lang='lat' dir='ltr'><strong>conati</strong></span> <span class='ocrx_word' id='word_1_205' title='bbox 368 3289 446 3342; x_wconf 90' lang='lat' dir='ltr'><strong>sunt</strong></span> <span class='ocrx_word' id='word_1_206' title='bbox 466 3282 755 3360; x_wconf 84' lang='lat' dir='ltr'><strong>expugnationem,</strong></span> <span class='ocrx_word' id='word_1_207' title='bbox 778 3299 838 3362; x_wconf 89' lang='lat' dir='ltr'><strong>ego</strong></span> <span class='ocrx_word' id='word_1_208' title='bbox 860 3298 993 3360; x_wconf 85' lang='lat' dir='ltr'><strong>quoque</strong></span> <span class='ocrx_word' id='word_1_209' title='bbox 1013 3279 1088 3341; x_wconf 89' lang='lat' dir='ltr'><strong>binc</strong></span> <span class='ocrx_word' id='word_1_210' title='bbox 1109 3296 1267 3353; x_wconf 79' lang='lat' dir='ltr'><strong>exorsus,</strong></span> 
     </span>
     <span class='ocr_line' id='line_1_30' title="bbox 154 3379 1269 3462; baseline 0 -22"><span class='ocrx_word' id='word_1_211' title='bbox 154 3379 294 3441; x_wconf 90' lang='lat' dir='ltr'><strong>illorum</strong></span> <span class='ocrx_word' id='word_1_212' title='bbox 315 3382 488 3458; x_wconf 85' lang='lat' dir='ltr'><strong>aggrediar</strong></span> <span class='ocrx_word' id='word_1_213' title='bbox 510 3392 632 3455; x_wconf 88' lang='lat' dir='ltr'><strong>castra,</strong></span> <span class='ocrx_word' id='word_1_214' title='bbox 654 3401 720 3462; x_wconf 87' lang='lat' dir='ltr'><strong>quo</strong></span> <span class='ocrx_word' id='word_1_215' title='bbox 741 3402 774 3446; x_wconf 89' lang='lat' dir='ltr'><strong>se</strong></span> <span class='ocrx_word' id='word_1_216' title='bbox 797 3389 1009 3462; x_wconf 90' lang='lat' dir='ltr'><strong>receperunt,</strong></span> <span class='ocrx_word' id='word_1_217' title='bbox 1035 3398 1139 3460; x_wconf 87' lang='lat' dir='ltr'><strong>eaque</strong></span> <span class='ocrx_word' id='word_1_218' title='bbox 1161 3379 1269 3441; x_wconf 90' lang='lat' dir='ltr'><strong>dirue·</strong></span> 
     </span>
     <span class='ocr_line' id='line_1_31' title="bbox 154 3478 1268 3563; baseline 0.001 -24"><span class='ocrx_word' id='word_1_219' title='bbox 154 3495 191 3539; x_wconf 91' lang='lat' dir='ltr'><strong>re</strong></span> <span class='ocrx_word' id='word_1_220' title='bbox 212 3478 367 3553; x_wconf 91' lang='lat' dir='ltr'><strong>conabor,</strong></span> <span class='ocrx_word' id='word_1_221' title='bbox 390 3480 455 3543; x_wconf 89' lang='lat' dir='ltr'><strong>iilis</strong></span> <span class='ocrx_word' id='word_1_222' title='bbox 478 3481 679 3559; x_wconf 88' lang='lat' dir='ltr'><strong>potissimum</strong></span> <span class='ocrx_word' id='word_1_223' title='bbox 701 3486 798 3544; x_wconf 87' lang='lat' dir='ltr'><strong>armis</strong></span> <span class='ocrx_word' id='word_1_224' title='bbox 819 3484 977 3563; x_wconf 84' lang='lat' dir='ltr'><strong>adjutus,</strong></span> <span class='ocrx_word' id='word_1_225' title='bbox 999 3482 1117 3562; x_wconf 88' lang='lat' dir='ltr'><strong>quibus</strong></span> <span class='ocrx_word' id='word_1_226' title='bbox 1133 3499 1175 3544; x_wconf 80' lang='lat' dir='ltr'><strong>ex</strong></span> <span class='ocrx_word' id='word_1_227' title='bbox 1192 3487 1268 3541; x_wconf 90' lang='lat' dir='ltr'><strong>tem·</strong></span> 
     </span>
     <span class='ocr_line' id='line_1_32' title="bbox 155 3579 1268 3660; baseline -0.001 -19"><span class='ocrx_word' id='word_1_228' title='bbox 155 3597 273 3658; x_wconf 91' lang='lat' dir='ltr'><strong>porum</strong></span> <span class='ocrx_word' id='word_1_229' title='bbox 296 3579 414 3659; x_wconf 75' lang='lat' dir='ltr'><strong>iniuria</strong></span> <span class='ocrx_word' id='word_1_230' title='bbox 437 3590 468 3642; x_wconf 93' lang='lat' dir='ltr'><strong>ct</strong></span> <span class='ocrx_word' id='word_1_231' title='bbox 490 3584 680 3660; x_wconf 88' lang='lat' dir='ltr'><strong>praesertim</strong></span> <span class='ocrx_word' id='word_1_232' title='bbox 705 3584 828 3646; x_wconf 87' lang='lat' dir='ltr'><strong>mediae</strong></span> <span class='ocrx_word' id='word_1_233' title='bbox 854 3585 967 3647; x_wconf 87' lang='lat' dir='ltr'><strong>aetatis</strong></span> <span class='ocrx_word' id='word_1_234' title='bbox 989 3583 1193 3656; x_wconf 88' lang='lat' dir='ltr'><strong>conditione,</strong></span> <span class='ocrx_word' id='word_1_235' title='bbox 1216 3595 1268 3641; x_wconf 92' lang='lat' dir='ltr'><strong>ca·</strong></span> 
     </span>
     <span class='ocr_line' id='line_1_33' title="bbox 155 3680 1268 3749; baseline 0 -8"><span class='ocrx_word' id='word_1_236' title='bbox 155 3685 263 3742; x_wconf 93' lang='lat' dir='ltr'><strong>rentes</strong></span> <span class='ocrx_word' id='word_1_237' title='bbox 285 3692 502 3744; x_wconf 88' lang='lat' dir='ltr'><strong>antecessores</strong></span> <span class='ocrx_word' id='word_1_238' title='bbox 525 3685 625 3746; x_wconf 93' lang='lat' dir='ltr'><strong>nostri</strong></span> <span class='ocrx_word' id='word_1_239' title='bbox 646 3685 677 3746; x_wconf 91' lang='lat' dir='ltr'><strong>in</strong></span> <span class='ocrx_word' id='word_1_240' title='bbox 700 3685 865 3749; x_wconf 91' lang='lat' dir='ltr'><strong>bominum</strong></span> <span class='ocrx_word' id='word_1_241' title='bbox 887 3693 919 3747; x_wconf 93' lang='lat' dir='ltr'><strong>et</strong></span> <span class='ocrx_word' id='word_1_242' title='bbox 942 3703 1052 3747; x_wconf 92' lang='lat' dir='ltr'><strong>rerum</strong></span> <span class='ocrx_word' id='word_1_243' title='bbox 1068 3680 1268 3746; x_wconf 86' lang='lat' dir='ltr'><strong>contexenda</strong></span> 
     </span>
     <span class='ocr_line' id='line_1_34' title="bbox 154 3780 1268 3864; baseline 0.001 -22"><span class='ocrx_word' id='word_1_244' title='bbox 154 3780 306 3857; x_wconf 89' lang='lat' dir='ltr'><strong>bistoria,</strong></span> <span class='ocrx_word' id='word_1_245' title='bbox 327 3782 413 3845; x_wconf 93' lang='lat' dir='ltr'><strong>baud</strong></span> <span class='ocrx_word' id='word_1_246' title='bbox 436 3787 511 3846; x_wconf 89' lang='lat' dir='ltr'><strong>satis</strong></span> <span class='ocrx_word' id='word_1_247' title='bbox 535 3793 611 3847; x_wconf 92' lang='lat' dir='ltr'><strong>tuuc</strong></span> <span class='ocrx_word' id='word_1_248' title='bbox 632 3793 701 3847; x_wconf 88' lang='lat' dir='ltr'><strong>arte</strong></span> <span class='ocrx_word' id='word_1_249' title='bbox 723 3786 833 3847; x_wconf 90' lang='lat' dir='ltr'><strong>critica</strong></span> <span class='ocrx_word' id='word_1_250' title='bbox 856 3785 992 3864; x_wconf 87' lang='lat' dir='ltr'><strong>aliisque</strong></span> <span class='ocrx_word' id='word_1_251' title='bbox 1014 3781 1181 3863; x_wconf 88' lang='lat' dir='ltr'><strong>praesidiis</strong></span> <span class='ocrx_word' id='word_1_252' title='bbox 1198 3798 1268 3843; x_wconf 93' lang='lat' dir='ltr'><strong>mu·</strong></span> 
     </span>
     <span class='ocr_line' id='line_1_35' title="bbox 155 3883 876 3961; baseline 0.001 -17"><span class='ocrx_word' id='word_1_253' title='bbox 155 3883 228 3961; x_wconf 92' lang='lat' dir='ltr'><strong>niti,</strong></span> <span class='ocrx_word' id='word_1_254' title='bbox 253 3885 284 3946; x_wconf 91' lang='lat' dir='ltr'><strong>iu</strong></span> <span class='ocrx_word' id='word_1_255' title='bbox 305 3885 416 3949; x_wconf 91' lang='lat' dir='ltr'><strong>odium</strong></span> <span class='ocrx_word' id='word_1_256' title='bbox 440 3888 517 3948; x_wconf 91' lang='lat' dir='ltr'><strong>tanti</strong></span> <span class='ocrx_word' id='word_1_257' title='bbox 542 3888 601 3948; x_wconf 86' lang='lat' dir='ltr'><strong>riri</strong></span> <span class='ocrx_word' id='word_1_258' title='bbox 624 3888 770 3949; x_wconf 85' lang='lat' dir='ltr'><strong>conversi</strong></span> <span class='ocrx_word' id='word_1_259' title='bbox 792 3893 876 3949; x_wconf 91' lang='lat' dir='ltr'><strong>suut.</strong></span> 
     </span>
    </p>

    <p class='ocr_par' dir='ltr' id='par_1_5' title="bbox 239 3985 1269 4067">
     <span class='ocr_line' id='line_1_36' title="bbox 239 3985 1269 4067; baseline -0.002 -21"><span class='ocrx_word' id='word_1_260' title='bbox 239 3985 272 4046; x_wconf 91' lang='lat' dir='ltr'><strong>iu</strong></span> <span class='ocrx_word' id='word_1_261' title='bbox 296 3989 356 4050; x_wconf 94' lang='lat' dir='ltr'><strong>boc</strong></span> <span class='ocrx_word' id='word_1_262' title='bbox 377 4005 452 4051; x_wconf 91' lang='lat' dir='ltr'><strong>sane</strong></span> <span class='ocrx_word' id='word_1_263' title='bbox 474 4007 572 4067; x_wconf 90' lang='lat' dir='ltr'><strong>quam</strong></span> <span class='ocrx_word' id='word_1_264' title='bbox 589 3990 728 4051; x_wconf 81' lang='lat' dir='ltr'><strong>maxime</strong></span> <span class='ocrx_word' id='word_1_265' title='bbox 744 3988 940 4062; x_wconf 90' lang='lat' dir='ltr'><strong>incumbam,</strong></span> <span class='ocrx_word' id='word_1_266' title='bbox 956 3988 1070 4050; x_wconf 85' lang='lat' dir='ltr'><strong>sedulo</strong></span> <span class='ocrx_word' id='word_1_267' title='bbox 1086 3990 1269 4066; x_wconf 87' lang='lat' dir='ltr'><strong>perscruta·</strong></span> 
     </span>
    </p>
   </div>
   <div class='ocr_carea' id='block_1_4' title="bbox 155 4085 1373 4169">
    <p class='ocr_par' dir='ltr' id='par_1_6' title="bbox 155 4085 1373 4169">
     <span class='ocr_line' id='line_1_37' title="bbox 155 4085 1373 4169; baseline -0.006 -19"><span class='ocrx_word' id='word_1_268' title='bbox 155 4097 208 4150; x_wconf 90' lang='lat' dir='ltr'><strong>tus</strong></span> <span class='ocrx_word' id='word_1_269' title='bbox 232 4086 366 4150; x_wconf 88' lang='lat' dir='ltr'><strong>illorum</strong></span> <span class='ocrx_word' id='word_1_270' title='bbox 389 4091 564 4169; x_wconf 90' lang='lat' dir='ltr'><strong>ingenium,</strong></span> <span class='ocrx_word' id='word_1_271' title='bbox 588 4092 643 4169; x_wconf 91' lang='lat' dir='ltr'><strong>qui</strong></span> <span class='ocrx_word' id='word_1_272' title='bbox 665 4091 705 4150; x_wconf 94' lang='lat' dir='ltr'><strong>ab</strong></span> <span class='ocrx_word' id='word_1_273' title='bbox 727 4091 826 4168; x_wconf 90' lang='lat' dir='ltr'><strong>ipsius</strong></span> <span class='ocrx_word' id='word_1_274' title='bbox 847 4088 994 4168; x_wconf 88' lang='lat' dir='ltr'><strong>Origenis</strong></span> <span class='ocrx_word' id='word_1_275' title='bbox 1024 4096 1128 4158; x_wconf 89' lang='lat' dir='ltr'><strong>aetate</strong></span> <span class='ocrx_word' id='word_1_276' title='bbox 1150 4085 1189 4147; x_wconf 94' lang='lat' dir='ltr'><strong>ad</strong></span> <span class='ocrx_word' id='word_1_277' title='bbox 1212 4085 1269 4146; x_wconf 91' lang='lat' dir='ltr'><strong>ini·</strong></span> <span class='ocrx_word' id='word_1_278' title='bbox 1370 4123 1373 4129; x_wconf 79' lang='lat'><strong>·</strong></span> 
     </span>
    </p>
   </div>
   <div class='ocr_carea' id='block_1_5' title="bbox 151 4188 1268 4352">
    <p class='ocr_par' dir='ltr' id='par_1_7' title="bbox 151 4188 1268 4352">
     <span class='ocr_line' id='line_1_38' title="bbox 151 4188 1268 4270; baseline -0.003 -20"><span class='ocrx_word' id='word_1_279' title='bbox 151 4190 237 4251; x_wconf 90' lang='lat' dir='ltr'><strong>tium</strong></span> <span class='ocrx_word' id='word_1_280' title='bbox 258 4190 361 4252; x_wconf 89' lang='lat' dir='ltr'><strong>secuti</strong></span> <span class='ocrx_word' id='word_1_281' title='bbox 384 4188 422 4252; x_wconf 87' lang='lat' dir='ltr'><strong>V.</strong></span> <span class='ocrx_word' id='word_1_282' title='bbox 446 4210 572 4270; x_wconf 88' lang='lat' dir='ltr'><strong>usquc,</strong></span> <span class='ocrx_word' id='word_1_283' title='bbox 599 4191 648 4253; x_wconf 80' lang='lat' dir='ltr'><strong>sel</strong></span> <span class='ocrx_word' id='word_1_284' title='bbox 671 4209 732 4270; x_wconf 91' lang='lat' dir='ltr'><strong>pro</strong></span> <span class='ocrx_word' id='word_1_285' title='bbox 753 4210 792 4253; x_wconf 89' lang='lat' dir='ltr'><strong>eo</strong></span> <span class='ocrx_word' id='word_1_286' title='bbox 804 4235 816 4268; x_wconf 96' lang='lat'><strong>,</strong></span> <span class='ocrx_word' id='word_1_287' title='bbox 838 4199 896 4253; x_wconf 88' lang='lat' dir='ltr'><strong>aut</strong></span> <span class='ocrx_word' id='word_1_288' title='bbox 916 4198 1028 4253; x_wconf 90' lang='lat' dir='ltr'><strong>contra</strong></span> <span class='ocrx_word' id='word_1_289' title='bbox 1050 4207 1125 4253; x_wconf 89' lang='lat' dir='ltr'><strong>eum</strong></span> <span class='ocrx_word' id='word_1_290' title='bbox 1149 4203 1268 4266; x_wconf 83' lang='lat' dir='ltr'><strong>pugne·</strong></span> 
     </span>
     <span class='ocr_line' id='line_1_39' title="bbox 1035 4287 1073 4352; baseline -0.053 0"><span class='ocrx_word' id='word_1_291' title='bbox 1035 4287 1073 4352; x_wconf 82' lang='grc'><strong>17</strong></span> 
     </span>
    </p>
   </div>
   <div class='ocr_carea' id='block_1_6' title="bbox 0 0 1448 4784">
    <p class='ocr_par' dir='ltr' id='par_1_8' title="bbox 0 0 1448 4784">
     <span class='ocr_line' id='line_1_40' title="bbox 0 0 1448 4784; baseline 0 0"><span class='ocrx_word' id='word_1_292' title='bbox 0 0 1448 4784; x_wconf 95' lang='lat' dir='ltr'><strong> </strong></span> 
     </span>
    </p>
   </div>
  </div>
 </body>
</html>
