2886 4784
174 322 194 394 l

171 448 237 492 rem
258 444 348 490 suom
363 433 489 506 excepto
509 421 735 505 fornicationis
755 440 874 496 conso,
897 425 929 484 el
951 420 1016 482 huc
1040 417 1072 480 in
1098 434 1125 479 c.
1148 410 1225 478 xtx.
1242 408 1264 479 9.

173 528 350 593 transterre
372 545 431 607 pro
452 527 634 606 argumenti
654 527 705 588 sui
727 523 938 596 discussione,
955 537 1030 582 cum
1046 516 1172 580 abunde
1191 533 1265 595 prae·

175 631 240 692 lata
262 632 292 693 ei
312 627 508 692 sufficereut.
525 627 679 690 Ceterum
699 626 838 704 speeiem
863 621 985 685 iraudis
1000 620 1197 683 adhibuisset
1210 617 1267 682 Cle

173 749 262 794 mens
282 748 323 806 ex
345 730 577 810 suppositione,
593 729 698 807 ipsum
720 726 900 789 occultasse
921 725 1139 786 summisisse
1154 739 1265 784 remon

171 830 203 898 9.
226 831 323 911 huius
346 831 470 909 capitis,
490 840 526 893 ut
546 830 687 891 alterurn
708 829 930 890 introduceret
952 844 993 888 ex
1016 842 1087 905 cap.
1106 821 1145 885 V.
1160 831 1268 884 mutua-

173 940 247 996 tu'ss
270 932 356 1013 quod
380 950 442 993 rrou
465 930 595 994 ridetur
614 929 858 992 admittendum.
876 926 1088 1006 Quapropter
1102 928 1128 989 si
1141 926 1267 1005 Clemens

173 1035 237 1097 hoc
255 1033 351 1115 juxta
374 1031 546 1112 volgatam
570 1032 789 1094 testimonium
812 1031 1012 1108 praeterivit,
1037 1046 1101 1092 nen
1133 1029 1189 1090 nisi
1219 1025 1266 1088 ltoc

172 1136 259 1213 egit,
282 1136 357 1213 duis
380 1135 411 1194 in
433 1151 550 1213 graece
570 1150 631 1197 suo
659 1130 770 1194 codice
791 1130 974 1209 etquidem
997 1131 1029 1191 in
1052 1130 1116 1193 hoc
1143 1145 1170 1191 c.
1194 1125 1265 1192 xttt.

176 1235 300 1298 deerat.

252 1334 413 1407 Secundo,
437 1354 534 1416 quam
556 1335 693 1417 subjecit
710 1333 872 1409 Clemens,
893 1332 1120 1411 interpretatio
1142 1332 1172 1393 in
1192 1328 1265 1391 disci

172 1438 327 1516 polorum
346 1439 427 1498 dicta
444 1447 477 1498 et
492 1434 609 1501 Christi
627 1455 814 1516 responsum
830 1444 904 1497 sant
916 1432 1056 1498 erinacii
1070 1445 1132 1497 etc.
1148 1431 1265 1512 amplios

174 1538 343 1602 confirmat
364 1538 406 1599 ob
427 1537 542 1600 oculos
562 1555 638 1600 suos
660 1556 722 1600 non
744 1538 841 1599 luisse
864 1537 963 1614 posite
988 1535 1087 1597 verbe
1113 1553 1140 1595 r.
1161 1532 1190 1599 9.
1210 1532 1264 1611 qni·

172 1655 301 1716 cumque
323 1634 481 1699 dimiserit
494 1655 625 1699 umorem
640 1654 732 1699 snam
745 1635 811 1699 nisi
825 1636 861 1698 ol
873 1634 1132 1715 fornr'entienem,
1146 1645 1172 1696 et
1184 1631 1263 1694 olion

171 1738 326 1812 duxerit,
345 1739 537 1800 moechetur.
560 1737 642 1802 Cum
664 1733 747 1800 enini
770 1740 813 1799 ait
834 1737 1008 1815 discipulos
1029 1741 1219 1815 (postquam
1236 1733 1264 1793 de

171 1838 313 1901 disertio
333 1839 465 1901 locutus
487 1845 535 1900 est
555 1837 664 1914 iesus,
681 1838 763 1900 idest
778 1856 840 1899 non
857 1838 956 1900 licere
972 1846 1043 1917 post
1065 1837 1260 1899 dimissionem

170 1942 286 2003 uxoris
310 1941 406 2001 aliern
429 1940 572 2018 ducere;
594 1946 627 2001 et
647 1957 749 2019 quum
773 1940 830 2017 ipsi
855 1940 1080 2013 subdiderint,
1111 1939 1206 2002 rebus
1228 1937 1261 1999 sir

169 2041 340 2116 stantibus,
364 2058 427 2103 non
449 2042 603 2120 expedire
624 2041 833 2122 conjugium)
857 2051 1003 2120 rogantes
1025 2060 1118 2115 enm,
1141 2042 1260 2105 voluisse

168 2143 252 2204 scire
273 2160 337 2216 an,
361 2159 467 2204 uxore
489 2142 637 2204 damnato
659 2154 691 2205 et
712 2143 838 2222 ejecta,
861 2143 975 2205 liceret
1006 2143 1106 2206 aliem
1135 2144 1258 2214 ducere,

169 2236 299 2300 minime
319 2239 470 2316 supponit
491 2238 574 2300 dicta
598 2256 629 2300 v.
644 2237 675 2302 9.
696 2239 873 2300 secundum
892 2236 1088 2318 Vulgatams
1110 2237 1166 2319 qai
1185 2235 1260 2300 dini·

167 2336 244 2400 serit
262 2355 390 2401 eruorem
411 2358 503 2400 suom
524 2337 591 2423 nisi
609 2340 645 2401 od
664 2339 928 2418 fornicationem,
949 2339 1100 2403 stolium
1127 2339 1258 2410 emerit,

165 2439 365 2514 moechatam
383 2441 437 2504 sed
460 2458 589 2513 revera,
605 2459 701 2519 quarn
726 2446 888 2521 praemisit
911 2445 1097 2522 genuinam,
1113 2443 1169 2525 qni
1187 2439 1258 2507 dinti-

166 2536 242 2601 serit
261 2557 391 2601 uxerem
411 2558 503 2602 suom
518 2549 645 2620 excepto
658 2541 880 2620 fornicationis
895 2563 1005 2614 conso,
1020 2545 1102 2623 (ecit
1115 2563 1181 2606 eam
1197 2559 1258 2604 mor·

168 2636 268 2700 oncri.
291 2637 323 2701 Si
344 2643 429 2701 enim
451 2639 598 2704 Clemens
620 2643 719 2718 paulo
740 2654 813 2705 ante
836 2641 960 2705 Domini
985 2658 1256 2723 responsumrmn

165 2754 272 2798 omnes
293 2737 426 2817 capiant
445 2741 570 2802 verbnm
591 2739 648 2802 doc
668 2751 728 2804 etc.
745 2745 775 2804 in
790 2763 850 2805 suo
864 2744 974 2806 codice
989 2744 1120 2822 legisset
1135 2740 1257 2823 quicun-

165 2853 224 2914 qne
245 2836 401 2899 dimiserit
418 2856 549 2902 rnorem
570 2859 661 2904 snam
680 2840 746 2904 nisi
766 2843 800 2904 ob
821 2844 1087 2923 fornicationem,
1120 2856 1149 2907 et
1177 2844 1256 2907 alien

163 2938 311 3014 dnnerit,
336 2941 539 3017 moechetur,
562 2961 625 3004 non
646 2945 824 3022 scripsisset
845 2945 958 3008 deinde
984 2947 1200 3023 simpliciter:
1219 2962 1258 3004 m·

163 3037 305 3102 scierunt
326 3041 478 3122 discipali
496 3045 581 3122 qnod
597 3055 764 3125 postquam
786 3046 822 3106 de
843 3046 974 3125 repudio
996 3049 1121 3110 locutas
1142 3043 1257 3109 essetir-

161 3156 228 3213 sns,
250 3141 305 3203 sed
336 3142 508 3204 addidisset
530 3143 565 3205 de
594 3142 660 3206 clio
682 3144 836 3226 conjapio.
861 3145 966 3220 Quam
996 3151 1254 3210 circumstantiam

164 3247 270 3304 lamen
292 3261 353 3304 non
376 3242 686 3309 advertitClemens.
703 3245 752 3309 Ac
774 3249 845 3308 ideo
866 3250 975 3308 subdit
996 3249 1174 3329 discipulos
1196 3249 1252 3308 hae·

162 3342 253 3414 sisse,
275 3343 463 3416 nescientes,
487 3354 597 3408 utrum
620 3346 661 3408 ob
683 3347 895 3421 adulterium,
918 3350 1019 3428 ejecta
1045 3370 1175 3424 uxore,
1196 3351 1254 3409 lice·

163 3448 213 3502 ret
228 3440 307 3502 alias
329 3442 408 3503 inire
424 3446 560 3520 nuptias.
575 3443 670 3520 Quod
687 3446 920 3526 discipulorum
938 3451 1073 3513 dubium
1092 3451 1252 3513 excludere

162 3538 291 3600 videtur
312 3539 481 3603 lectionem
505 3543 694 3621 vulgatam:
715 3556 742 3608 et
763 3545 862 3609 oliam
883 3547 1025 3623 donarit,
1047 3551 1232 3612 moechetur.

241 3640 372 3702 Cunctis
403 3642 514 3721 itaque
545 3645 671 3707 collatis
702 3645 874 3710 Clementis
910 3651 1250 3719 animadversionibus,

159 3739 367 3802 concluditur
384 3743 527 3804 codicem
543 3742 721 3825 Evangelii,
737 3767 836 3825 super
850 3768 946 3828 quem
960 3753 1164 3813 concinnavit
1179 3767 1252 3829 prae·

159 3841 240 3903 latas
262 3842 543 3920 interpretationes
558 3843 597 3908 de
613 3849 761 3911 connubii
784 3851 948 3912 christiani
971 3851 1249 3921 indissolubilitate,

160 3941 245 4004 haud
268 3943 547 4021 comprehendisse
570 3947 666 4009 verba
687 3949 782 4011 sicuti
805 3952 900 4014 hodie
921 3952 1030 4031 prodit
1048 3955 1197 4034 vulgatus
1217 3961 1249 4013 te·

155 4051 232 4106 xtus
252 4043 320 4105 sire
341 4061 476 4122 graecus
497 4046 565 4108 sive
587 4048 729 4126 latinns3
749 4052 804 4115 sed
827 4072 863 4115 ee
888 4056 1112 4118 tantummodo
1135 4062 1246 4134 praetu-

156 4144 243 4221 lisse,
267 4161 350 4223 quae
371 4155 550 4212 occurrunt
570 4149 602 4212 in
622 4169 649 4213 o.
669 4149 704 4213 tt.
725 4171 754 4218 v.
770 4151 820 4220 32.
845 4154 1034 4236 quiere-mque
1056 4154 1206 4220 dimiserit
1222 4171 1247 4213 n·
