2886 4784
286 344 345 417 tid

285 449 502 529 tenerrimam.
524 447 628 528 Cujus
649 455 744 512 tenor
761 449 897 525 extitit,
919 450 1110 514 cbrisllruos
1131 449 1279 530 legitime
1300 449 1396 532 bsptl·

286 560 374 615 satos
396 550 437 611 ab
459 550 652 624 haereticis,
675 556 707 613 el
728 551 767 611 ad
790 550 990 614 Catholicam
1014 550 1194 616 Ecclesiam
1228 560 1394 616 lrauseon·

284 659 342 724 iss,
365 668 427 712 oon
450 667 534 712 novo
557 650 759 731 baptismate,
775 653 829 714 sed
852 646 923 715 aliis
943 653 1094 716 adhibitis
1117 654 1232 716 ritibus
1254 646 1394 718 recou'ci·

285 751 408 815 llaudos
430 768 511 814 esso.

363 852 395 918 S.
416 851 597 936 Cyprianus
618 855 649 916 io
671 855 807 934 epistola
820 849 878 920 tl.
893 856 932 916 ad
951 853 1154 937 Pompeium,
1169 854 1326 936 Stephani
1343 858 1396 922 Pa·

285 972 344 1039 pas
364 956 531 1020 decretum
553 964 666 1020 contra
687 959 828 1036 seipsum
851 958 928 1019 citat
949 958 988 1020 dc
1010 959 1180 1021 haereticis
1202 978 1266 1021 non
1289 961 1395 1041 rabrp·

286 1058 439 1121 libandis:
464 1078 480 1117 e
497 1056 755 1137 Stephanus-ait,
777 1060 878 1139 siquis
900 1077 917 1119 a
940 1076 1149 1139 quacumque
1164 1061 1293 1123 haeresi
1311 1081 1396 1126 reno·

284 1161 330 1222 rit
350 1161 389 1221 ad
415 1177 483 1232 roa,
507 1159 584 1221 nihil
607 1161 794 1233 innocenii,
817 1161 876 1223 nisi
898 1162 985 1240 quod
1011 1161 1166 1222 tradituro
1187 1169 1255 1234 esi,
1280 1171 1317 1226 ul
1337 1181 1395 1226 mtt-

286 1278 346 1324 uns
368 1261 414 1322 illi
436 1261 623 1340 impooaiur
644 1263 674 1322 io
698 1262 924 1340 poeniteutiam
937 1281 948 1340 ;
971 1279 1045 1324 curn
1069 1262 1127 1340 ipsi
1149 1262 1307 1325 baeretici
1328 1281 1394 1342 pro·

287 1363 357 1443 pria
378 1362 574 1425 alterutrum
596 1362 635 1424 ad
657 1380 692 1425 se
715 1363 876 1424 venientes
898 1379 961 1424 ooo
984 1363 1157 1443 baptizent,
1172 1365 1228 1427 sed
1256 1383 1393 1432 commu·

287 1464 392 1526 oicout
415 1471 549 1525 tantum.
573 1481 590 1521 n

369 1562 537 1647 Ejusmodi
559 1563 709 1645 Stephani
733 1562 829 1626 rerba
852 1562 1032 1647 Cyprianus
1056 1573 1133 1628 tunc
1162 1566 1282 1631 illusus
1314 1566 1393 1632 relu-

291 1673 372 1738 lans,
396 1677 598 1747 conalusquo
620 1666 732 1728 lalsatn
754 1683 846 1729 suam
868 1668 1078 1729 assertionem
1097 1669 1141 1730 'da
1163 1668 1324 1748 baptismo
1343 1669 1393 1734 ilc·

290 1769 390 1831 raudo
413 1769 571 1832 roborare
592 1769 804 1848 argumentis,
826 1767 907 1830 illud
932 1770 1070 1847 primum
1089 1772 1261 1834 videretur
1274 1772 1393 1838 istodo-

289 1870 394 1934 huisse
425 1869 570 1933 Pontifici
595 1869 737 1950 objicere
766 1877 925 1932 statutum
955 1874 1167 1934 antecessoris
1193 1874 1244 1936 sui
1275 1870 1392 1936 Callisti

292 1973 333 2033 de
353 1973 495 2034 secundo
518 1972 730 2050 baptismate,
758 1971 844 2052 quod
867 1973 910 2036 ob
931 1970 1069 2036 aetatem
1090 1990 1130 2035 ao
1158 1971 1349 2036 relationem
1367 1992 1395 2037 c·

286 2072 413 2154 jusdem
437 2075 531 2152 gestis
554 2075 748 2153 proximam,
765 2077 895 2137 minime
915 2075 1093 2152 putandum
1117 2084 1165 2136 esl
1187 2076 1294 2152 ipsum
1315 2078 1395 2155 igno·

289 2193 387 2238 rasse.
412 2175 561 2236 Attamen
583 2175 666 2236 inter
687 2175 781 2253 plora
798 2177 896 2255 ipsius
911 2174 1063 2258 Cypriani
1079 2176 1395 2254 argumenta-adrer-

287 2296 342 2340 sus
363 2275 574 2357 Stephanum,
598 2294 731 2354 prorsus
752 2278 915 2339 omittitur
929 2277 1054 2341 Callicli
1075 2276 1243 2338 decretum
1266 2278 1306 2339 de
1327 2276 1395 2357 bsp-

291 2380 373 2440 tismi
404 2379 618 2440 innovatione.
643 2375 683 2438 Et
703 2378 863 2456 amplius,
886 2380 944 2440 etsi
967 2396 992 2440 s.
1017 2375 1198 2459 Cyprianus
1225 2378 1409 2457 redarguat.

288 2479 487 2558 Stephanum
511 2480 628 2561 Papam
651 2480 693 2540 ob
713 2481 979 2542 consuetudinem
1002 2477 1168 2541 Ecclesiae
1192 2478 1394 2542 Romanaeiu

206 2626 209 2632 -
289 2582 445 2645 servanda
462 2581 607 2643 doctrina
625 2581 665 2642 de
677 2598 739 2641 nou
755 2581 1000 2659 rebaptizandis,
1015 2581 1071 2659 qui
1085 2581 1125 2639 ab
1141 2581 1313 2643 haereticis
1328 2581 1396 2662 bap·

292 2684 512 2760 iiaatieran13
539 2692 643 2743 tameo
665 2699 729 2742 noo
748 2683 952 2753 contradicit,
974 2683 1028 2743 sed
1052 2682 1181 2760 accipin
1204 2680 1303 2744 aliter
1326 2670 1395 2743 vero

289 2785 388 2864 ipsius
411 2784 474 2844 vitu
496 2783 665 2844 dehitinre
686 2792 835 2845 conatur.
858 2803 875 2841 tt
898 2779 965 2845 Nec
987 2782 1201 2856 consociudo,
1222 2783 1327 2863 inquil
1341 2780 1396 2865 Cy·

290 2887 443 2964 prianus,
466 2903 563 2964 quam
585 2882 670 2962 apud
693 2885 849 2962 quosdam
872 2885 1084 2962 obrepserat,
1118 2883 1276 2962 impedire
1308 2883 1396 2946 uehat

287 2987 460 3065 quominus
483 2986 601 3047 raritas
622 2985 810 3063 praeniteat
831 2993 863 3046 et
885 2987 1001 3047 vincat.
1019 2983 1101 3047 Num
1117 2985 1321 3049 consuetudo
1335 2987 1395 3048 sius

292 3089 428 3150 veritate
451 3095 593 3150 talusias
613 3089 736 3150 erroris
758 3097 815 3148 est.
840 3105 857 3144 n
883 3084 961 3148 ltem
986 3085 1193 3150 Firmidianus
1215 3089 1246 3149 in
1268 3087 1396 3169 epistola
1418 3144 1422 3149 .

288 3187 339 3254 75.
361 3189 400 3251 ad
422 3208 447 3251 s.
471 3187 668 3272 cyprianum
684 3189 821 3249 admittit
838 3187 1002 3250 Ecclesiae
1019 3186 1181 3260 Romanae
1200 3190 1394 3251 traditionem

292 3291 331 3352 de
352 3299 414 3352 bon
437 3289 670 3368 rebaptizandis
692 3290 872 3351 haereticis.
896 3289 935 3352 Et
958 3290 1034 3369 qnid
1056 3299 1104 3352 est
1127 3291 1208 3364 hoe,
1230 3291 1291 3352 nisi
1311 3304 1396 3368 aper·

294 3401 323 3452 ta
347 3391 506 3472 Anonymi
529 3392 736 3451 commentitii
760 3391 929 3450 testimonii
953 3391 1150 3464 confutatio,
1172 3408 1248 3454 cum
1272 3391 1298 3453 is
1317 3386 1395 3452 affir-

292 3501 371 3566 mat,
393 3490 480 3570 qnod
502 3487 682 3574 Cyprianus
698 3499 730 3553 et
746 3488 954 3553 Firmiliaous
976 3495 1072 3554 etiarn
1093 3493 1125 3555 in
1147 3509 1246 3556 causa
1268 3511 1328 3557 sua
1348 3506 1397 3553 na·

292 3590 391 3671 pani?

80 4124 344 4496 Ἃ
