2886 4784
513 469 651 540 CAPUT
677 468 713 536 V.

52 682 214 749 Aduersus
235 698 262 741 e.
289 675 432 744 Censoris
451 677 630 758 opinionem
647 678 805 759 probatur
828 675 992 757 origenem
1028 677 1176 743 antiimo·

134 787 171 849 da
189 781 289 864 fnisse
309 781 348 846 od
368 779 565 847 oecumenico
586 780 712 861 Synodo
740 778 770 845 V.
792 782 992 843 domnorum.

60 1031 112 1159 Si
136 1094 306 1170 hucusque
328 1090 360 1152 iu
381 1085 516 1152 historia
538 1085 646 1151 Sinodi
663 1086 701 1151 V.
719 1088 824 1152 minas
839 1090 1013 1168 propitium
1037 1087 1178 1149 animad-

60 1194 263 1259 versionibus
286 1193 363 1254 meis
377 1211 410 1253 se
426 1202 517 1270 gerat
532 1211 560 1255 c.
577 1190 720 1271 Censor3
738 1193 824 1255 haud
841 1211 933 1255 secus
949 1192 1013 1270 egit
1029 1193 1059 1252 in
1076 1209 1175 1270 quae·
1195 1205 1204 1233 ·

57 1299 162 1359 stione
185 1296 394 1374 origeniana3
419 1296 485 1366 ubi,
502 1304 670 1373 postquam
689 1295 800 1355 validis
814 1296 1011 1373 argumentis
1027 1296 1057 1354 in
1073 1312 1100 1355 c.
1122 1289 1175 1353 tx.

57 1397 259 1478 propugnari
282 1395 492 1457 intrusionem
508 1393 656 1474 Origonis
677 1397 760 1457 inter
781 1397 861 1459 aiios
884 1396 1062 1458 haereticos
1085 1396 1174 1456 dam-

56 1509 149 1563 natos
172 1499 202 1559 io
225 1497 352 1560 Conone
374 1495 431 1561 ΧΙ.
455 1495 573 1581 Synodi
589 1494 628 1559 V.
651 1507 683 1559 et
705 1507 873 1578 postquam
896 1499 928 1560 in
949 1516 1020 1577 cap.
1040 1515 1176 1575 sequen·

56 1600 80 1666 n
101 1601 180 1661 satis
193 1599 328 1666 1ostendi
351 1600 381 1659 in
403 1596 547 1677 ejusdem
577 1595 711 1661 Consilii
744 1593 926 1662 Collatinus
947 1595 987 1660 V.
1014 1599 1173 1660 intrusam

57 1702 195 1780 pariter,
216 1710 249 1761 et
270 1698 399 1779 quidem
422 1700 578 1761 aurursus
600 1703 887 1776 argumentationis
909 1700 1068 1771 ordinem,
1091 1700 1175 1778 peri·

58 1821 189 1880 copem,
212 1802 265 1864 nbi
286 1802 407 1864 dicitur
428 1801 597 1863 damnatus
619 1800 776 1879 Origenes
799 1822 815 1863 a
842 1802 992 1864 Patribus
1015 1804 1044 1862 io
1066 1820 1103 1862 ea
1120 1802 1178 1885 Sy·
1255 1876 1256 1879 Ἴ

57 1906 144 1967 uodo
166 1914 198 1965 et
219 1923 237 1965 a
261 1901 400 1981 Vigitioz
424 1912 455 1964 et
478 1904 627 1981 quamvis
643 1903 764 1966 Censor
780 1923 906 1967 meeum
924 1904 1066 1965 fateatur
1080 1913 1175 1964 extra

57 2007 170 2069 iocum
193 2007 344 2067 insertam
366 2005 483 2067 dictam
508 2007 703 2084 ponteonem,
726 2006 845 2085 qnippe
868 2007 1023 2067 sermonis
1046 2006 1177 2064 abrum-

59 2109 105 2186 ptr
126 2123 273 2184 nexum3
296 2106 504 2169 nihilomiuus
525 2109 667 2185 episcopi
683 2107 866 2169 disserentis
882 2108 912 2167 iu
929 2103 1059 2189 Synodo
1075 2096 1176 2182 impe-

61 2211 167 2272 ritiam
191 2210 297 2286 potius
318 2208 467 2286 corripit,
490 2226 587 2286 quam
611 2209 783 2270 intrusoris
806 2207 984 2286 perfidiam.
1003 2204 1042 2267 m
1060 2209 1101 2267 ob
1118 2209 1179 2267 troc

59 2311 199 2392 subjecit
220 2327 364 2373 asserens
394 2310 580 2388 huiusmodi
610 2310 823 2372 aberrationis
855 2309 1004 2387 exempla
1040 2310 1176 2388 reperiri

59 2410 236 2492 aliquando
251 2413 335 2489 apud
356 2407 518 2473 Ecclesiae
532 2413 717 2490 scriptores.
738 2412 886 2473 Attamen
902 2413 1027 2473 cunctis
1044 2429 1178 2488 perpen-

59 2521 100 2576 sis
124 2513 223 2592 hujus
245 2514 397 2574 historiae
419 2515 680 2588 circumstantiis,
699 2522 731 2576 et
754 2516 894 2576 maxime
914 2514 973 2576 viri
995 2514 1180 2575 disserentis

65 2615 196 2694 peritia,
219 2613 327 2674 audax
352 2614 428 2674 mihi
453 2612 582 2674 videtur
602 2617 723 2692 opinio,
744 2615 825 2676 adeo
847 2625 882 2675 nt
906 2612 982 2676 huic
1003 2614 1182 2676 communi·

62 2734 136 2778 care
158 2731 330 2793 nequeam,
346 2715 424 2792 quin
444 2731 540 2776 sanae
563 2716 694 2777 criticae
717 2717 977 2795 praetergrediar
1000 2716 1099 2794 leges.

147 2811 187 2875 Et
208 2798 338 2892 quidem
361 2832 435 2876 cum
458 2813 501 2874 ita
525 2825 616 2893 putet
637 2813 759 2878 Censor
786 2832 821 2878 se
852 2814 1031 2879 diffieuitati
1056 2815 1182 2878 satisfe-

63 2916 169 2993 cisse3
196 2931 259 2976 non
282 2923 387 2976 tamen
409 2916 517 2988 sensit,
541 2935 574 2978 se
597 2916 695 2996 paulo
718 2926 800 2997 post,
823 2917 886 2979 alia
911 2917 1034 2996 majore
1050 2935 1185 2997 praepo·

64 3018 139 3090 diri,
157 3036 241 3096 quae
264 3015 488 3078 manifestatur
509 3019 539 3079 in
561 3015 817 3097 Programmate,
841 3037 898 3079 seu
922 3020 952 3079 in
975 3017 1181 3081 Confessiona

64 3114 137 3180 ndei
160 3117 355 3181 iustiniani:
380 3138 464 3197 qnae
488 3119 558 3181 talis
580 3130 639 3195 est,
665 3131 700 3182 ut
726 3121 922 3200 amplissime
948 3121 1183 3194 confirmetur,

65 3238 180 3282 revera
205 3221 354 3283 ieisatam
378 3221 476 3285 inisse
499 3225 668 3303 genuinam
692 3224 861 3285 tectionem
885 3236 1033 3287 actorum
1049 3223 1186 3304 synoda·
1216 3299 1218 3306 Ι

63 3325 166 3396 tium,
190 3340 248 3384 uec
270 3323 453 3385 disserentis
481 3324 578 3387 inisse
600 3343 761 3387 errorem.
787 3323 827 3399 m
850 3327 923 3388 hinc
946 3327 1003 3388 nisi
1026 3325 1181 3388 credatur

62 3426 245 3496 intrusioni,
268 3426 425 3487 credatur
445 3427 559 3487 saitem
584 3430 744 3505 genuinae
765 3425 938 3490 iustiniani
964 3427 1181 3506 expositioni,

63 3526 119 3586 ubi
142 3528 210 3587 soie
233 3526 431 3602 splendidior
452 3526 603 3589 co'ruscat
626 3529 833 3606 interpolatio
855 3528 1047 3592 Collatiouis
1068 3524 1106 3588 V.
1125 3528 1184 3589 iru-

61 3627 115 3706 jus
131 3624 261 3706 Synodi.
282 3624 320 3687 m
342 3645 404 3688 non
426 3629 532 3691 sotum
555 3648 595 3692 ex
621 3629 864 3708 Progrommate
881 3631 1009 3711 patefiet
1025 3629 1184 3691 Adaman-

64 3730 97 3791 tii
120 3729 256 3789 nominis
277 3737 308 3790 et
330 3729 541 3790 anathematis
564 3731 701 3793 intrusio
723 3734 753 3792 in
777 3734 848 3793 ioco
872 3733 983 3805 citato,
1000 3731 1102 3792 sedet
1124 3730 1184 3790 fai-

63 3830 147 3890 satio
169 3830 298 3890 canonis
321 3825 376 3890 Xi.
401 3829 455 3892 ubi
479 3831 553 3891 item
578 3842 669 3892 extra
695 3832 802 3895 iocum
819 3831 1112 3913 notatnrcjusdem
1129 3850 1185 3894 no·

68 3946 143 3990 meu
166 3930 252 3991 iuter
274 3929 453 3994 haereticos
475 3932 687 4012 inscriptum:
711 3953 809 4013 supra
831 3933 918 4014 quod
937 3933 1185 4014 priusaliquan·

67 4029 176 4092 tutum
201 4030 367 4094 immorari
392 4031 536 4095 interest.

148 4129 196 4191 nc
219 4131 345 4194 iuterim
369 4149 464 4193 nemo
496 4134 619 4206 nescit,
644 4125 724 4196 hanc
750 4132 922 4197 iustiniani
948 4134 1186 4200 Confessionem
1288 4206 1290 4210 ,
1382 4197 1383 4201 ,

64 4233 285 4297 surnmarinm
307 4233 471 4298 continoro
495 4236 594 4301 totins
615 4238 813 4314 quaestionis
829 4237 867 4301 de
885 4239 987 4304 tribus
1010 4236 1166 4317 Capitulis
1178 4254 1189 4311 3
