2886 4784
157 493 235 544 cum
256 477 450 542 consobrino
470 474 597 562 cyrillo
619 472 757 539 destinat
772 475 812 539 ad
835 483 977 543 montem
992 477 1130 558 Nitriae,
1147 491 1184 546 ut
1199 486 1276 550 hor·

158 588 271 643 tentnr
291 585 325 642 et
344 579 515 642 obsecrent
535 576 696 640 isidorum
719 584 751 639 et
772 597 839 655 eos,
856 598 937 660 quos
959 590 1149 659 persecutus
1166 585 1277 651 lucrat

157 682 350 754 monachos,
365 687 402 742 ut
420 695 483 758 pro
504 696 539 740 sc
559 678 796 742 intercederent
813 699 851 742 ac
867 679 1082 760 iungerentur
1095 685 1273 763 legatione,

157 782 211 844 cni
233 782 293 859 ips'i
315 788 500 843 annuerunt
514 778 530 842 l
545 778 658 843 Nonne
675 781 754 843 haec
770 781 845 843 satis
859 782 1032 845 ostendunt
1049 791 1116 846 tum
1132 783 1276 868 Chryso·

160 888 318 955 stonum,
334 898 409 945 oum
432 881 606 942 monachos
628 882 797 957 innocuos,
819 899 857 944 ac
878 881 918 942 ab
940 882 1066 947 haeresi
1091 886 1274 963 immunes,

160 983 361 1062 iniquissime
385 990 518 1043 renatos
541 981 677 1044 luisses
700 979 906 1060 Theophiloi
926 981 958 1046 Si
979 983 1136 1063 Origenes
1160 1006 1275 1050 revera

162 1092 304 1147 errasset
324 1100 362 1143 ac
383 1080 523 1144 haeresis
544 1101 586 1144 ex
608 1082 674 1144 suis
695 1082 787 1144 dictis
810 1091 841 1145 ct
864 1084 955 1147 iactis
970 1096 1145 1160 constaret,
1165 1106 1279 1167 quem·

162 1185 338 1247 admodum
370 1185 402 1244 in
432 1182 548 1245 litteris
573 1182 781 1265 synodalibus
797 1192 826 1244 ct
842 1185 1045 1262 paschalibus
1069 1202 1182 1266 magno
1202 1205 1273 1250 rer·

162 1286 281 1348 borum
299 1292 457 1364 apparatu
479 1281 678 1361 Theophilus
694 1284 832 1362 probare
844 1268 971 1349 studuit
985 1287 1079 1349 illum
1098 1306 1277 1367 pravorum

162 1387 351 1464 dogmatum
374 1387 588 1463 magistrum
610 1386 687 1446 etsi
710 1388 856 1447 monachi
881 1389 1037 1449 haeresim
1060 1390 1204 1469 ejusdem
1229 1410 1279 1451 re·

164 1502 241 1566 epse
263 1495 528 1565 propugnarent,
550 1487 627 1566 quid
652 1483 833 1564 Theophilo
856 1488 1032 1551 timendum
1061 1496 1143 1564 crat,
1176 1509 1215 1551 ne
1244 1509 1279 1552 se

163 1587 311 1652 Concilio
331 1589 479 1658 sisteret,
511 1592 546 1647 ut
573 1585 865 1650 insimulationibus
895 1589 1067 1652 adversum
1089 1608 1123 1653 se
1146 1608 1279 1669 respon-

165 1688 259 1750 deret
281 1704 319 1749 ac
342 1682 528 1748 refutarent
653 1763 659 1777 1
1109 1764 1119 1776 “

245 1784 315 1848 Cur
334 1805 360 1846 s.
384 1784 608 1863 Epiphanius,
632 1789 734 1859 (teste
759 1786 894 1871 Polybio
915 1787 1015 1867 ipsius
1036 1788 1222 1867 discipulo,
1246 1800 1279 1852 ct

164 1887 347 1953 Sorometm
368 1889 399 1948 in
419 1885 517 1948 Libro
541 1884 628 1948 Vlil.
653 1885 734 1949 Hist'
753 1887 841 1950 Ecci.
859 1907 887 1951 c.
903 1886 996 1966 XV.)
1019 1907 1092 1950 cum
1116 1891 1280 1952 monachis

165 1988 373 2050 nitriensihus
394 1986 669 2063 Constantinopoli
696 1988 901 2061 conveniens,
919 1985 961 2048 ab
977 1988 1150 2050 Ammonio
1171 2008 1212 2050 er
1235 1990 1280 2052 eis

166 2106 245 2161 uno,
270 2087 485 2164 reprehensus
505 2093 575 2158 est,
599 2086 685 2165 quod
710 2093 832 2148 tantum
855 2107 896 2149 ex
918 2088 1032 2149 auditu
1054 2089 1201 2151 absentes
1225 2089 1281 2150 da·

165 2196 318 2262 recesset,
334 2206 392 2250 nec
414 2189 510 2250 certis
531 2189 728 2266 argumentis
745 2206 833 2261 usus,
850 2197 885 2250 ut
902 2189 974 2250 illos
990 2197 1144 2266 argueret
1166 2191 1280 2251 haere·

166 2277 275 2355 ticos?
296 2287 339 2352 lit
359 2306 463 2369 quare
483 2290 555 2351 idco
580 2287 777 2367 Epiphanius
801 2290 1035 2352 monachornm
1057 2291 1121 2352 lide
1145 2308 1278 2369 perspe-

167 2393 225 2455 ctis
246 2399 280 2454 et
302 2391 386 2453 ritae
399 2391 580 2461 sanctitate,
599 2399 630 2450 et
645 2390 810 2467 quomodo
825 2391 845 2449 ii
861 2389 1008 2470 Origenis
1028 2410 1158 2454 cansam
1173 2410 1281 2455 susce·

166 2495 286 2572 pisscnt
307 2491 403 2553 aliter
426 2509 524 2569 quam
551 2492 579 2550 ei
604 2488 803 2571 Theophilus
830 2494 1056 2572 exposuisset;
1082 2511 1207 2572 quare,
1234 2493 1280 2551 in·

166 2613 290 2674 quam,
313 2596 345 2655 in
365 2611 399 2655 se
422 2592 525 2655 iactus
547 2592 824 2671 Constantinopoli
847 2594 1016 2670 discessit,
1040 2594 1135 2657 ralde
1157 2595 1196 2655 de
1217 2595 1281 2655 iilis

166 2696 338 2769 dubitans,
359 2713 445 2773 quae
468 2697 496 2755 ei
517 2691 717 2773 Theophilus
740 2713 797 2774 por
817 2694 942 2759 litteras
968 2699 1281 2777 scripserat-adrer-
1360 2754 1362 2758 .

167 2814 223 2861 aus
245 2793 450 2859 monachos?
471 2792 512 2875 (ἢ
608 2830 611 2851 ·
887 2814 890 2821 ·

245 3020 279 3092 (Ἴ
299 3017 414 3073 interim
433 3035 488 3073 uon
507 3017 617 3074 videtur
635 3018 830 3087 dubitandum,
850 3021 919 3092 quin
938 3020 1049 3084 omnia,
1070 3037 1141 3092 quae
1159 3019 1194 3074 de
1212 3018 1279 3075 Ori-

170 3112 257 3186 genis
274 3112 414 3166 erroribus
433 3112 547 3182 scripsit
564 3111 754 3184 Epiphanius,
775 3114 878 3167 eruerit
895 3130 911 3167 e
930 3111 1068 3167 Methodii
1086 3111 1198 3183 scriptis
1215 3127 1232 3164 a
1250 3126 1280 3166 se

168 3207 275 3263 uitatis.
296 3205 400 3267 Eadem
419 3222 540 3277 namque
558 3208 770 3261 accusationum
789 3188 893 3279 ge'ncra
912 3206 985 3278 apud
1005 3212 1155 3276 utrumque
1178 3220 1280 3259 occur·

169 3307 249 3356 runt.
271 3298 309 3353 Et
325 3299 385 3370 ipse
403 3299 579 3370 Epiphanius
598 3303 717 3353 testatur
734 3299 769 3352 ab
786 3301 848 3370 ipso
867 3316 891 3354 s.
907 3299 1030 3370 Martyre
1047 3303 1206 3352 mutuatum
1219 3312 1282 3352 esse

169 3396 277 3448 cuncta
294 3407 366 3462 quae
377 3391 509 3462 opposuit
520 3391 707 3462 praesumptis
719 3390 851 3462 Origenis
864 3390 1010 3446 erroribus.
1025 3387 1210 3444 Tantumdem
1223 3404 1281 3444 nou

170 3483 284 3538 videtur
301 3481 511 3555 ambigendum,
531 3482 648 3548 collatis,
669 3499 739 3554 quos
759 3488 876 3553 uterque
894 3483 1049 3537 numeravit
1066 3481 1191 3556 ejusdem
1208 3497 1282 3536 erro-

170 3592 227 3642 res,
248 3575 318 3646 quin
335 3578 495 3646 repetantur
521 3575 555 3630 ab
584 3575 654 3646 ipsis
677 3574 777 3630 libellis
801 3573 935 3643 famosis,
967 3592 1037 3646 quos
1063 3575 1194 3647 vulgatos
1221 3572 1290 3628 dicit

174 3684 199 3724 s.
220 3667 386 3740 Pamphilus
404 3667 434 3721 in
452 3667 585 3740 Origcnis
603 3667 780 3738 vituperium.

250 3757 374 3830 Ideoque
391 3759 627 3832 quemadmodum
645 3760 790 3830 perspicue
803 3764 914 3814 constat
925 3763 1022 3829 postea
1032 3760 1041 3828 l
1050 3757 1222 3830 suffragante
1234 3773 1282 3810 no·

174 3851 221 3908 bis
240 3869 354 3924 quoque
371 3850 494 3926 Georgio
512 3852 594 3908 Bullo
614 3851 644 3906 in
663 3870 692 3906 n.
714 3851 736 3906 Ι.
756 3851 916 3925 Dcfccsinuin
933 3850 992 3924 fidei
1016 3850 1151 3921 nicaenae]
1169 3847 1284 3904 Metho-

175 3936 257 4000 dium
277 3943 436 4015 opinionem
455 3962 534 4000 suam
553 3945 726 4013 emendasse,
746 3945 904 4016 etquidem
922 3945 993 4000 lecta
1011 3961 1033 3998 s.
1054 3941 1192 4014 Pamphili
1203 3942 1288 4012 Apo<

175 4037 277 4113 logia3
298 4037 426 4094 similiter
444 4038 648 4112 conjiciendum
668 4041 729 4104 est,
749 4037 836 4092 immo
855 4035 1033 4093 statuendum
1053 4054 1075 4091 s.
1095 4033 1284 4106 Epiphaniam

173 4131 209 4187 de
227 4124 360 4186 omnibus
379 4129 549 4202 resipuisse,
571 4147 641 4203 quae
659 4135 740 4186 antea
767 4131 900 4186 adversus
918 4129 1070 4202 Origenem
1088 4132 1116 4182 et
1133 4127 1284 4182 monachos

178 4228 366 4296 conceperat,
393 4230 544 4295 postquam
570 4200 667 4279 eoram
694 4221 864 4278 anathemati
883 4224 1074 4294 repugnantes
1099 4218 1205 4275 audivit
1228 4234 1285 4279 non
