2886 4784
171 443 309 523 probam
330 441 424 506 duxit
446 459 599 517 uxorem,
622 443 758 521 ebriam,
773 444 1018 519 contensiosam,
1036 445 1221 525 loquacem,
1239 344 1290 513 ri?
1362 428 1364 437 ¹

172 547 312 618 bellem,
334 547 560 626 pervicacem,
583 547 777 626 prodigam,
804 545 996 620 veneticam,
1020 547 1204 612 adulteram
1226 559 1288 614 etc.

170 647 319 727 uunquid
342 655 500 726 perpetuo
521 665 599 709 cum
626 648 681 709 tali
704 647 842 711 loevuina
866 647 1117 710 cohabitandum
1141 651 1214 726 erit,
1231 660 1290 715 aut
1406 688 1408 693 ·

169 767 337 830 uunquam
359 749 401 811 ab
423 767 460 811 ea
481 746 727 829 separandum?
748 747 857 812 Aliter
877 750 961 811 euim
985 766 1043 827 per
1062 748 1164 813 libelli
1190 763 1308 831 repo-1.

172 850 263 915 dium
285 851 399 914 docuit
422 849 560 934 bloyses.
578 850 752 930 Respondit
768 850 884 914 Jesuse
900 859 1029 930 propter
1048 850 1199 915 duritiem
1220 873 1290 916 cor·

165 951 215 1016 dir
234 952 335 1015 uestri
351 951 494 1031 permisit
516 951 636 1031 oropus
658 951 814 1016 dimittere
834 970 950 1014 umores
971 959 1113 1026 vertrae,
1136 972 1208 1017 cum
1229 973 1287 1019 cn·

169 1064 218 1117 tec
238 1055 278 1118 ub
299 1052 394 1117 initio
415 1063 582 1117 creaturae
602 1073 666 1116 uou
686 1053 734 1116 itu
752 1055 873 1133 sectum
888 1051 941 1115 sit.
960 1052 1007 1116 Ac
1022 1054 1095 1117 ideo
1110 1055 1135 1116 si
1152 1065 1287 1135 propter

170 1159 287 1220 uxoris
310 1156 509 1219 adulterium
534 1157 582 1219 vir
604 1157 760 1218 dimiserit
782 1174 865 1229 eam,
891 1164 978 1217 recte
999 1157 1085 1234 agit,
1110 1157 1172 1219 boc
1193 1159 1222 1219 ei
1243 1158 1282 1220 li·

168 1269 237 1322 cete
254 1256 313 1340 qui
333 1256 416 1320 enim
437 1266 518 1321 temet
538 1259 730 1329 adulteram,
743 1259 860 1320 stultus
885 1266 942 1329 est,
958 1257 1032 1336 quia
1050 1257 1200 1321 adultere
1214 1278 1286 1323 eor·

168 1362 294 1439 rumpit
319 1377 441 1438 genus,
464 1370 498 1422 et
519 1359 659 1422 familiae
680 1360 825 1421 ordinem
848 1360 957 1422 laedit.
981 1357 1012 1420 Si
1037 1377 1114 1421 vero
1136 1361 1178 1422 ob
1202 1362 1283 1426 alias

167 1479 395 1544 quascumque
415 1477 530 1524 causas
552 1480 622 1523 eam
640 1462 808 1534 dimiserit,
826 1479 930 1539 noque
952 1460 979 1520 oi
1003 1463 1200 1538 convixerit,
1217 1481 1284 1525 ma·

166 1565 197 1626 le
218 1564 286 1643 agit
308 1566 369 1636 vir,
386 1565 461 1642 quia
485 1562 646 1625 faciteam
664 1563 849 1641 moecham
866 1571 897 1624 et
914 1564 1026 1625 uxoris
1041 1561 1195 1625 adulterii
1218 1563 1285 1626 eiii·

167 1665 255 1727 citur
276 1680 374 1744 eausa
398 1665 545 1726 maritus.

248 1764 290 1827 Et
311 1765 371 1827 bac
393 1766 494 1843 posita
518 1783 535 1827 a
558 1764 636 1828 lesu
670 1765 873 1829 distinctione
905 1767 988 1828 iuter
1018 1765 1219 1828 adulterium
1247 1775 1279 1828 et

166 1874 274 1930 cetera
299 1868 412 1928 uxoris
435 1867 536 1939 vitia,
560 1866 720 1944 pharisaei
741 1865 866 1929 confusi
889 1875 985 1939 suot,
1008 1885 1067 1928 nac
1096 1866 1284 1928 babuerunt

164 1968 244 2047 quid
267 1967 296 2028 ei
318 1966 559 2044 responderent.
585 1964 706 2029 Cuncta
730 1970 813 2029 euim
837 1969 951 2030 uxoris
975 1968 1064 2040 vitia,
1088 1968 1157 2028 sive
1180 1984 1280 2046 parva

165 2071 234 2132 sive
257 2084 368 2146 magna
392 2085 454 2129 oou
475 2067 625 2130 scindunt
652 2069 757 2131 caruis
787 2071 961 2141 unionem,
994 2085 1092 2147 quam
1123 2065 1280 2129 Dominus

165 2169 207 2231 eb
229 2169 320 2231 initio
341 2169 426 2229 inter
448 2167 629 2231 masculum
651 2177 681 2230 et
706 2168 877 2231 foeminam
909 2169 1075 2247 alligavit,
1109 2177 1146 2233 ut
1177 2181 1283 2231 essent

164 2271 233 2335 duo
255 2272 285 2332 io
307 2287 404 2331 carne
426 2287 500 2344 una,
520 2288 557 2331 ac
575 2272 789 2348 generationis
811 2272 901 2348 operi
916 2275 1076 2335 servirent
1096 2269 1277 2335 secundum

162 2379 301 2435 naturae
321 2371 478 2433 ordinem.
496 2369 708 2450 Solummodo
730 2372 929 2434 adulterium
960 2374 1073 2435 uxoris
1099 2374 1180 2435 banc
1205 2390 1281 2450 pro·

164 2481 262 2536 vocat
282 2473 489 2546 scissionem,
513 2474 593 2534 adeo
618 2482 654 2534 ut
676 2474 757 2534 ordo
787 2473 949 2550 legitimus
981 2474 1164 2536 invertatur
1186 2491 1280 2551 geue·

164 2576 300 2636 rationis
321 2584 354 2636 et
375 2572 516 2638 lumiliae
528 2594 539 2652 3
563 2581 594 2634 et
617 2574 690 2635 binc
708 2573 784 2653 jure
807 2574 991 2635 dimittenda
1025 2581 1072 2636 est
1101 2574 1253 2637 adultera
1266 2593 1277 2650 3

163 2693 242 2739 cum
264 2684 370 2739 tameo
393 2676 440 2736 vir
461 2675 635 2748 dimittens,
652 2686 798 2741 manente
819 2675 926 2738 adbuc
951 2675 1080 2738 vinculo
1102 2675 1278 2755 conjugali,

158 2778 248 2856 quod
271 2775 354 2839 Deus
374 2775 710 2857 contemnentium
733 2793 795 2837 uon
817 2775 915 2838 ducat
938 2795 1088 2839 uxorem.
1247 2838 1251 2843 .

243 2878 296 2942 Et.
316 2879 399 2942 istud
433 2877 606 2955 praecipue
637 2877 789 2955 expendit
820 2877 954 2939 seorsim
984 2895 1000 2937 a
1026 2875 1163 2954 Marco,
1198 2879 1280 2943 Mni-

162 2982 291 3054 tbaeus,
307 2979 363 3059 qui
382 2980 498 3043 ceteris
519 2980 625 3041 causis
647 2978 772 3057 repudii
794 2978 929 3040 sublatis
950 2988 982 3038 et
1003 2980 1042 3038 ad
1066 2997 1162 3041 uuam
1185 2981 1279 3042 reda·

159 3083 235 3156 ctis,
258 3082 339 3145 idest
359 3081 399 3143 ad
423 3098 554 3142 causam
577 3081 742 3156 adulterii,
767 3081 848 3142 banc
868 3079 1040 3158 specialem
1069 3083 1191 3144 notavit
1215 3082 1276 3144 cir·

160 3185 399 3246 cumstuutiam.
418 3180 525 3257 Quam
547 3184 834 3254 circumstantiam,
854 3182 938 3253 dico,
955 3188 1214 3260 praetergressus
1233 3184 1280 3244 di·

160 3304 222 3348 vus
244 3281 388 3358 Marcus,
406 3291 518 3361 narrat
538 3302 622 3362 quae
639 3294 746 3361 postea
769 3285 801 3345 in
822 3283 918 3346 domo
931 3284 1065 3345 seorsim
1081 3302 1180 3360 super
1196 3283 1278 3347 banc

156 3386 380 3466 quaestionem
401 3385 484 3448 dixit
497 3383 600 3448 'Jcsus
621 3385 786 3464 discipulis
807 3387 884 3449 suis.
911 3384 952 3447 m
980 3383 1018 3446 iu
1049 3387 1139 3447 domo
1160 3382 1277 3449 iterum

158 3484 313 3566 discipuli
344 3486 413 3566 ejus
444 3487 482 3547 de
512 3488 614 3569 eodem
645 3485 923 3566 iuterropooeruut
943 3506 1023 3551 cum.
1047 3485 1089 3549 Et
1116 3485 1164 3549 cit
1184 3484 1275 3548 iltis:

157 3584 351 3666 quicumque
371 3584 529 3648 dimiserit
549 3605 682 3656 umorem
703 3607 794 3652 suam
814 3598 841 3651 et
862 3587 963 3652 etiem
978 3586 1135 3663 duxerit,
1157 3589 1280 3652 adulte-

160 3688 249 3752 rium
270 3689 435 3755 committit
454 3708 548 3769 super
569 3707 645 3752 eom.
663 3688 705 3751 Et
718 3689 748 3752 si
760 3710 846 3754 uuor
869 3687 1022 3754 dimiserit
1043 3689 1149 3753 cirum
1170 3710 1278 3763 suum,

159 3798 189 3863 et
211 3790 273 3853 atii
288 3791 446 3874 nupserit,
463 3792 653 3854 moechatur.
671 3790 797 3868 Quibus
815 3794 919 3858 verbis
935 3792 1083 3856 absolute
1097 3793 1210 3856 statuit
1232 3794 1277 3853 in·

155 3892 348 3957 dissolubile
371 3895 624 3959 matrimonium.

245 3992 476 4059 Verumtamen
503 4014 587 4076 quae
617 3994 802 4060 Matthaeus
834 4004 865 4059 et
896 3995 1028 4061 Marcus
1061 3999 1177 4078 singuli
1214 4015 1274 4077 pro

156 4106 253 4180 parte
273 4115 332 4160 sus
354 4099 394 4161 de
416 4099 476 4162 bac
500 4117 534 4161 re
554 4097 719 4161 verimode
739 4099 921 4178 scripsere,
947 4119 1021 4162 cum
1045 4119 1128 4165 uuus
1149 4099 1276 4163 adulte-

152 4201 213 4270 uit
228 4200 342 4264 uxoris
363 4205 453 4263 notet
472 4218 584 4264 casum
606 4208 638 4264 et
660 4200 732 4264 binc
755 4201 844 4266 illius
865 4201 1105 4280 dimissionem,
1128 4208 1160 4265 et
1180 4201 1277 4277 alter,
