2886 4784
162 470 385 547 animantium,
411 469 461 535 rel
484 469 675 543 hostiarum,
698 469 751 533 rel
773 471 936 550 pecudum
957 468 1196 551 devolvantur,
1217 474 1275 536 sed

160 584 191 640 et
212 574 301 655 quod
324 573 457 637 Balaam
480 575 581 650 asina,
595 592 631 637 os
649 573 720 654 eius
741 571 809 637 lieo
830 577 1007 653 aperiente,
1023 571 1136 637 locuta
1150 585 1199 637 est
1211 620 1221 652 ,
1243 583 1276 638 et

157 679 333 760 subjugale
354 689 481 743 mutum
506 682 537 741 iu
560 678 725 740 homiuum
750 693 829 739 voce
851 676 1057 757 respondeus,
1072 678 1180 756 arguit
1202 694 1275 756 pro·

157 783 275 860 phetae
296 783 499 845 dementiam.
524 778 615 855 Quas
642 797 698 842 nos
730 795 793 840 nou
821 779 929 841 solum
962 796 1026 840 nou
1056 780 1271 857 suscipimue;
1334 800 1337 808 ·

154 883 212 946 sed
233 891 269 947 et
288 902 399 947 omnes
421 884 477 945 has
499 882 690 944 assertiones
712 898 828 943 eorum
860 889 971 943 contra
1005 880 1100 942 iidem
1130 889 1272 944 uestram

155 985 398 1057 convenientes,
423 984 604 1048 refutamus
626 990 723 1061 atque
747 985 939 1061 respuimus.
958 979 1190 1045 Verumtamen
1211 1001 1273 1046 suo

152 1086 231 1151 loco
254 1097 286 1148 et
307 1093 452 1166 tempore
475 1085 643 1149 confutato
667 1085 728 1146 hoc
749 1103 904 1166 perverso
932 1083 1083 1162 dogmate
1104 1093 1138 1147 et
1158 1084 1274 1164 depul-

154 1203 206 1264 so,
229 1206 267 1250 ea
289 1189 434 1271 quaeda
455 1190 571 1251 sanctis
592 1186 769 1266 Scripturis
791 1187 831 1248 ah
852 1189 916 1252 illis
938 1185 1066 1264 prolata
1080 1195 1170 1263 sunt,
1187 1205 1267 1266 qua·

154 1292 234 1354 liter
255 1290 390 1369 intelligi
412 1290 561 1362 debeant,
584 1307 795 1368 exponemus.
821 1306 837 1344 n

242 1391 460 1476 Hieronymus
482 1399 591 1452 autem
615 1408 632 1451 a
654 1387 826 1468 Theophili
848 1389 976 1467 scriptis
992 1389 1212 1463 illusus,·hiuc
1228 1391 1273 1452 iu·

158 1494 199 1558 de
219 1512 262 1557 ex
283 1511 331 1556 cc.
356 1489 410 1553 vt.
436 1489 506 1554 Vll.
532 1488 617 1554 Vlll.
640 1489 788 1570 Origeuis
810 1491 892 1554 dicta
916 1512 1092 1573 congerens
1113 1511 1152 1556 ac
1173 1494 1272 1556 inter·

161 1604 333 1675 pretatus,
358 1603 462 1656 totum
484 1592 630 1656 confudit
652 1593 856 1656 discussionis
879 1597 1023 1658 ordinem
1036 1616 1048 1675 3
1081 1605 1114 1658 et
1144 1613 1274 1658 sensum

163 1697 387 1762 orthodoxum
410 1698 441 1758 iu
463 1713 602 1775 pravum
625 1694 772 1770 detorsit,
785 1698 879 1759 sicuti
895 1707 983 1778 patet
1004 1717 1046 1759 ex
1067 1698 1179 1760 eadem
1209 1700 1274 1776 epi·

161 1801 246 1863 stola
269 1798 307 1860 ad
332 1799 465 1862 dritum
488 1815 517 1859 u.
540 1793 569 1862 l.
593 1817 610 1856 «
633 1795 679 1859 hc
702 1799 815 1877 nequis
837 1807 941 1879 putet,
964 1800 1021 1875 ait,
1041 1808 1187 1861 nostrum
1209 1817 1278 1862 esse

160 1902 249 1982 quod
273 1891 423 1972 dicimus,
448 1900 547 1979 ipsius
571 1899 668 1960 verha
692 1917 861 1979 ponamus.
879 1900 913 1969 ln
936 1900 997 1962 liue
1014 1909 1112 1979 atque
1128 1917 1277 1962 cousum-

161 2003 303 2066 matioue
326 2001 448 2076 mundi,
465 2001 595 2078 qnando
619 2001 709 2065 velut
731 2003 770 2064 de
791 2002 984 2081 quibusdam
1001 2001 1162 2080 repagulis
1177 2006 1275 2079 atque

161 2103 350 2167 carceribus
373 2106 485 2166 missae
509 2103 628 2165 luerint
650 2122 667 2166 a
690 2102 826 2165 Domino
848 2103 992 2180 auimae3
1016 2110 1048 2165 et
1069 2101 1277 2163 rationabiles

158 2215 346 2278 creaturas,
370 2204 449 2266 alias
471 2207 584 2266 earum
608 2205 730 2267 tardius
754 2203 901 2265 incedere
924 2204 965 2265 oh
986 2204 1171 2282 segnitiem,
1188 2204 1274 2265 alias

162 2304 287 2385 pernici
318 2303 430 2367 volare
462 2321 561 2367 cursu
595 2312 729 2383 propter
760 2303 962 2366 industriam.
986 2300 1135 2382 Cumque
1165 2320 1276 2365 omues

159 2406 302 2471 liberum
325 2406 463 2467 habeant
484 2405 679 2477 arbitrium,
702 2413 733 2465 et
755 2414 868 2482 sponte
888 2422 946 2466 sua
971 2404 1021 2468 rel
1046 2408 1182 2467 virtutes
1204 2422 1277 2483 pos·

159 2508 224 2570 sint
246 2525 362 2586 capere
386 2507 436 2568 vet
453 2507 548 2580 uitia,
565 2508 641 2568 illae
664 2506 768 2568 multo
790 2507 821 2567 iu
844 2505 946 2586 pejori
969 2506 1150 2569 conditione
1166 2513 1276 2576 eruut,

160 2625 261 2687 quam
284 2626 369 2670 nune
390 2615 475 2670 sunt.
498 2605 567 2669 Hae
591 2607 629 2668 ad
652 2608 821 2669 meliorem
843 2614 963 2670 statum
979 2609 1184 2685 perveniente
1201 2607 1277 2686 quia

160 2707 282 2772 diuersi
305 2718 413 2770 motus
434 2719 467 2770 et
489 2709 600 2770 variae
624 2709 807 2769 voluntates
828 2709 860 2769 iu
886 2717 1061 2788 utramque
1083 2715 1209 2790 partem
1230 2707 1277 2768 di·

165 2813 298 2873 rersurh
321 2809 478 2886 accipient
499 2819 618 2871 statum
631 2829 642 2888 3
665 2811 747 2872 idest
770 2819 805 2872 ut
827 2809 932 2888 angeli
956 2811 1112 2884 homines,
1131 2810 1181 2872 rel
1202 2809 1277 2872 dae·

162 2929 287 2984 moues,
304 2919 335 2973 et
356 2928 472 2972 rursus
494 2931 534 2974 ex
558 2912 605 2972 his
627 2912 770 2972 homines
795 2912 844 2972 rel
867 2913 971 2991 augeli
994 2910 1081 2972 haut.
1098 2908 1277 2990 Quumque

164 3013 258 3073 vario
279 3028 427 3073 sermone
447 3012 554 3090 omnia
579 3019 771 3084 tractasset,
793 3029 938 3073 asserens
960 3011 1126 3073 diabolum
1148 3030 1210 3073 uon
1231 3013 1278 3071 in·

164 3129 319 3192 capacem
342 3131 410 3175 esse
435 3112 585 3184 virtutis,
608 3120 638 3174 et
663 3119 767 3174 tamen
790 3113 926 3176 necdum
959 3114 1043 3175 velle
1072 3126 1189 3192 capere
1215 3114 1277 3174 rir-

163 3218 293 3291 lutem3
315 3213 353 3274 ad
370 3222 553 3276 extremum
570 3232 719 3274 sermone
734 3215 888 3275 latissimo
905 3215 1093 3294 disputavit,
1110 3213 1275 3290 angelum,

161 3316 231 3377 sire
255 3316 415 3390 animam,
439 3322 496 3377 aut
517 3322 605 3376 certe
627 3315 828 3389 daemonem,
852 3333 933 3393 quos
956 3316 1052 3376 unius
1073 3315 1188 3376 asserit
1208 3331 1277 3375 esse

162 3427 314 3493 naturae,
337 3417 391 3479 sed
414 3416 618 3478 diversarum
642 3419 874 3490 voluntatum,
897 3436 957 3496 pro
988 3415 1204 3495 magnitudine
1226 3433 1280 3478 ne·

164 3517 339 3597 gligentiae
359 3527 393 3581 et
412 3517 569 3580 stultitiae
589 3516 772 3597 jumentum
796 3535 887 3595 posse
911 3516 1004 3589 lieri,
1026 3524 1059 3579 et
1082 3535 1141 3595 pro
1162 3514 1278 3577 dolore
1330 3590 1332 3594 μ

166 3636 350 3697 poenarum
373 3628 405 3681 et
425 3620 504 3700 ignis
526 3620 657 3691 ardore,
681 3620 779 3697 magis
801 3619 923 3696 eligere
946 3627 981 3680 ut
1004 3619 1138 3681 brutum
1160 3616 1279 3679 animal

165 3722 222 3794 sit,
246 3727 278 3782 et
298 3720 330 3781 iu
352 3722 443 3799 aquis
466 3721 586 3782 habitet
608 3728 640 3782 et
660 3717 813 3782 lluctihur
827 3763 836 3794 ,
850 3738 888 3781 ac
905 3737 1024 3798 corpus
1039 3735 1204 3781 assumere
1219 3719 1278 3779 hu·

163 3819 220 3900 jus
244 3819 295 3880 rel
318 3819 404 3882 illius
428 3823 575 3898 pecoris,
609 3831 645 3883 ut
675 3821 765 3883 nohis
797 3838 860 3883 non
890 3822 998 3883 solum
1029 3820 1279 3901 quadrupedum

162 3920 220 3984 sed
244 3931 277 3983 et
299 3922 433 4000 piscium
456 3938 593 3999 corpora
616 3923 678 3983 sint
702 3921 850 3984 timenda.
871 3919 964 3983 Etad
982 3931 1166 3984 extremum
1184 3939 1223 3982 ue
1237 3931 1282 3982 te·
1374 3965 1386 3979 .

161 4029 303 4100 necetur
328 4022 529 4105 pythagorici
553 4022 709 4100 dogmatis
734 4042 821 4095 reus,
837 4024 893 4103 qui
912 4025 1026 4085 asserit
1048 4017 1284 4099 metempsycho-

161 4119 236 4198 sim,
257 4128 329 4202 post
351 4131 414 4186 tam
436 4123 605 4186 uelandam
627 4124 888 4202 disputationem,
908 4141 974 4202 qua
988 4123 1119 4185 lectoris
1134 4123 1277 4185 animum

168 4223 383 4306 vulnerant,
412 4224 514 4305 haec,
543 4225 669 4306 iuquit,
687 4224 785 4308 juxta
806 4234 950 4293 nostram
977 4224 1188 4302 seutentiam,
1220 4237 1284 4288 uun
