2886 4784
271 335 427 516 epitolam
443 432 534 496 libris
546 432 742 510 amplissime
758 450 858 514 prata
873 435 1062 515 najauornm
1079 440 1110 496 et
1127 432 1316 515 ophitarum
1333 430 1397 496 aul)

272 553 501 597 naassenornm
518 544 549 594 et
568 535 857 597 valentinianorum
874 537 1249 614 enarraveritdogmata.
1274 534 1338 599 Setl
1362 542 1395 595 et

274 637 355 697 tllnd
380 654 513 708 novum,
536 635 622 712 quotl
647 637 809 696 noachitas
833 637 1011 699 haereticos
1035 647 1208 708 memorat,
1233 654 1319 715 quos
1341 653 1396 696 ne·

274 756 326 799 mo
352 738 520 814 hueusque
546 736 777 796 historicorum
804 739 886 797 inter
904 738 1082 798 haereticos
1110 738 1304 808 meminerit,
1333 752 1393 797 neo

274 839 455 916 peculiares
478 842 615 898 istorum
640 848 728 897 notet
751 855 892 899 errores.
918 840 964 901 Ac
986 841 1157 900 novissime
1175 838 1274 915 ludit,
1290 850 1394 915 uuum

274 939 327 1000 ltt'o
353 939 534 999 obtestetur
555 957 588 997 se
612 939 730 999 trorum
755 939 994 1000 haereticorum
1013 939 1101 1002 nolle
1121 939 1204 1001 dieta
1231 937 1285 999 vel
1308 935 1394 999 tacu

271 1059 457 1118 exponere3
482 1058 556 1100 cum
581 1058 683 1118 usqne
706 1041 802 1100 morto
823 1043 982 1114 omnium,
1006 1060 1089 1120 quoa
1107 1043 1136 1101 in
1152 1048 1226 1101 aeto
1243 1037 1338 1099 libris
1352 1037 1394 1100 oi·

275 1143 354 1201 tavit
377 1142 569 1216 haereticos,
593 1141 715 1201 nultius
740 1159 880 1219 unquam
906 1143 1001 1215 lacta,
1019 1141 1277 1220 neosittgillatitn
1300 1155 1393 1202 erro·

277 1258 328 1302 res
351 1243 567 1319 descripserit,
591 1260 648 1301 nec
671 1242 775 1301 multo
799 1245 902 1303 minus
925 1243 1087 1305 refutarit.
1105 1241 1186 1303 Etsi
1209 1240 1259 1301 lais
1280 1256 1394 1320 peper-

274 1343 331 1414 cit,
356 1345 614 1419 praetermittens
636 1360 803 1402 censuram
816 1363 828 1421 3
851 1360 953 1421 quare
975 1353 1181 1417 ceterorum,
1198 1357 1345 1421 quorum
1359 1358 1393 1403 aa

277 1440 363 1501 velle
386 1450 547 1500 statuerat
568 1458 741 1501 numerare
764 1451 796 1502 et
817 1462 1005 1522 expugnare
1027 1462 1170 1517 errores,
1193 1443 1394 1504 numeratio-

275 1557 348 1603 nem
370 1541 512 1619 neglexit
533 1549 565 1602 at
587 1540 842 1606 refutationem?
862 1542 1071 1625 Quapropter
1086 1546 1218 1608 lectoris
1230 1543 1392 1624 judicium

274 1641 472 1720 appellabo,
503 1661 579 1705 num
601 1644 634 1704 in
656 1643 909 1706 aedificationem
936 1646 985 1709 vel
1008 1649 1116 1725 potius
1143 1649 1174 1708 in
1205 1645 1393 1708 illusionem

272 1742 334 1803 hoo
355 1741 446 1821 Opus
469 1743 640 1822 hucusque
660 1743 702 1805 ab
723 1744 895 1829 Aoonpmo
916 1747 1074 1827 scriptum
1095 1748 1146 1810 sit.
1168 1744 1230 1809 Sed
1254 1745 1295 1808 ad
1319 1742 1395 1807 reli·

274 1860 338 1921 qua
362 1850 572 1909 transeamus.
