2886 4784
55 475 94 538 ad
118 473 285 540 Ecclesiae
307 476 414 550 rlros,
433 475 489 552 qni
512 471 697 554 hujusmodi
720 472 900 553 quaestioni
923 373 1174 555 participarnln2tl.

57 577 124 653 Qui
146 578 270 641 scilieet
290 584 324 639 et
343 585 424 656 quot
445 575 506 636 lide
529 583 561 636 et
581 576 726 637 doctrina
751 575 937 653 conspicui,
964 579 1082 638 veteris
1110 587 1174 641 tra·

55 676 186 740 ditionis
199 684 386 748 sectatores,
401 675 533 754 Origeni
557 676 719 737 catholico
742 679 934 753 patrocinati
955 688 1043 750 sunt,
1059 688 1090 741 et
1107 698 1175 742 mo·

60 780 173 841 naebis
195 778 385 842 orthodoxis
406 777 551 858 ciusdem
572 776 736 839 studiosis.
752 777 793 840 Et
808 778 922 857 quales
936 786 1099 858 ctqnanta
1118 800 1177 843 an·

59 884 213 943 ctoritate
233 898 275 943 ex
297 880 433 941 adverso
456 878 618 956 polleant,
645 881 700 958 qui
727 878 902 958 Origenem
924 883 1029 960 ipsum
1054 893 1087 945 et
1108 902 1174 947 mo·

59 980 182 1041 nechos
210 990 246 1042 ut
276 980 453 1042 haereticos
478 977 697 1057 repudiarunt
722 998 784 1042 nna
808 999 882 1042 eum
916 983 1031 1043 ceteris
1055 984 1174 1046 borum

61 1081 344 1159 astipulatoribus.

143 1179 300 1258 Origenes
324 1181 374 1240 vir
394 1178 604 1257 apostolicus,
620 1181 831 1244 ecclesiarum
855 1184 1019 1259 magister,
1039 1183 1178 1245 baereti-

60 1298 177 1344 corum
194 1281 344 1350 malleus,
364 1279 527 1342 Ecclesiae
542 1281 706 1354 columna,
726 1301 861 1344 munere
882 1284 1035 1346 divinitus
1056 1302 1173 1345 eumn·

58 1384 146 1445 latus
168 1383 200 1442 in
222 1381 486 1457 interpretatione
508 1379 778 1457 Sententiarum,
812 1393 971 1460 perpetuo
1005 1385 1167 1446 haeretica

58 1484 211 1562 dogmata
233 1483 422 1555 detestatus,
446 1483 563 1558 pietate
584 1485 733 1552 eximius,
751 1484 781 1544 in
806 1482 1030 1548 Pontificatum
1056 1484 1177 1546 Roma-

61 1604 139 1648 num
163 1584 486 1663 obsequentissimus,
508 1591 540 1644 et
561 1586 610 1659 pie
632 1592 663 1643 et
684 1585 802 1646 Christi
826 1597 950 1667 martyr
972 1590 1003 1649 in
1026 1585 1174 1649 Ecclesia

59 1686 228 1751 Catholica
251 1695 412 1759 mortuus,
430 1692 504 1745 aute
519 1683 690 1760 Theophili
712 1670 851 1747 aetatem
876 1689 1050 1748 universim
1076 1705 1176 1763 repn-

63 1795 151 1852 tatus
173 1795 232 1848 est.
259 1785 369 1849 Postea
393 1785 523 1862 abipso
545 1782 823 1863 Theophilo·teui
845 1806 871 1847 s.
891 1785 1108 1868 Hieronymus
1131 1788 1177 1848 in·

61 1891 211 1952 consulte
233 1888 399 1960 adhaesit)
423 1887 626 1960 haereticus,
651 1889 789 1963 impius,
813 1888 1043 1963 blasphemus,
1067 1887 1175 1961 prola·

62 2008 134 2066 nus,
157 1990 307 2063 stolidus,
331 1988 461 2051 Christo
482 1987 670 2067 injuriosus,
693 1989 880 2049 arianorum
904 1996 1009 2065 pater,
1031 1989 1177 2050 omnium

63 2091 247 2153 haeresium
273 2089 546 2153 condimentarins
576 2097 781 2166 nuncupatus
809 2096 879 2163 est,
904 2097 939 2150 et
970 2105 1072 2152 novae
1103 2089 1177 2150 hae·
1272 2163 1275 2167 .

65 2209 174 2254 roseos
196 2192 297 2269 (idest
319 2188 544 2268 imaginariae)
567 2197 695 2250 auctor.
719 2186 760 2264 (n)

145 2289 306 2353 Eusebius
328 2288 517 2369 Pamphilus
539 2290 622 2350 inter
644 2287 792 2366 Origenis
817 2285 992 2350 orthodoxi
1024 2292 1178 2366 patronos

141 2555 174 2627 Γ)
194 2553 258 2611 Non
276 2559 319 2610 est
335 2553 366 2608 in
383 2552 437 2608 hoe
454 2551 526 2620 loco,
546 2568 597 2607 een
610 2551 752 2625 singulare
765 2558 986 2620 monumentum,
1000 2557 1177 2625 praetereun-

66 2649 153 2717 dum,
174 2647 248 2719 qnod
265 2664 282 2700 a
298 2662 441 2718 perversae
460 2644 562 2700 mentis
580 2662 646 2700 snae
665 2645 755 2700 furore
781 2645 952 2718 Theophilus
971 2644 1002 2700 in
1020 2645 1175 2718 Origenem

65 2741 205 2808 invectus,
218 2747 247 2796 ct
258 2739 292 2794 de
308 2738 368 2813 ejus
380 2738 435 2793 fine
453 2742 480 2792 et
498 2736 695 2794 monachorum
708 2755 743 2792 ex
757 2755 808 2793 sua
820 2739 1046 2811 praesumptione
1058 2737 1177 2793 haereti·

66 2849 165 2889 corum
184 2848 282 2905 egene,
302 2830 335 2885 ad
354 2829 456 2885 inferos
466 2829 580 2883 damnat
598 2845 654 2882 nna
672 2844 736 2884 cnm
756 2829 854 2883 eodem
873 2830 995 2901 Origene
1002 2853 1009 2897 ;
1033 2841 1062 2886 et
1078 2830 1119 2885 ibi
1140 2827 1175 2884 cd

66 2941 133 2981 enm
145 2925 291 2996 loquentes
304 2923 413 2978 inducit
421 2924 450 2977 in
463 2922 580 2994 epistole
588 2921 711 2993 paschali
722 2922 744 2974 1.
756 2940 774 2975 n
798 2921 824 2975 8.
839 2922 1015 2978 «Facessant
1024 2941 1091 2996 ergo
1101 2922 1176 2979 stul·

67 3017 172 3074 tissimi
190 3016 367 3081 mortalinm3
386 3015 472 3070 immo
496 3014 643 3071 hscmdcat
661 3014 688 3069 ia
705 3013 831 3087 insensum
848 3014 974 3079 cicentes,
995 3016 1079 3071 sicuti
1097 3014 1179 3072 Psel-

68 3111 153 3165 mista
170 3116 308 3175 testatum
328 3115 357 3163 et
374 3117 580 3180 praeceptorem
596 3107 747 3178 impietatis
767 3125 833 3162 suae
855 3108 895 3161 ibi
923 3125 984 3164 esse
1011 3115 1177 3176 cernentes,

68 3202 233 3258 clamitent:
254 3213 276 3257 ct
294 3211 321 3256 tc
339 3212 425 3273 captus
444 3199 550 3256 sesicut
569 3209 592 3256 at
608 3216 671 3264 nce,
691 3199 755 3254 incr
772 3216 818 3255 cos
843 3209 971 3272 reputatus
996 3217 1039 3258 cs:
1059 3199 1181 3258 baernam

68 3294 97 3350 in
114 3294 242 3368 insanum
268 3292 353 3366 picria
371 3302 424 3348 tuo.
446 3315 459 3342 a

146 3389 290 3452 Attamen,
310 3386 429 3456 praeriis
448 3404 499 3440 sno
517 3386 577 3440 loeo
596 3385 725 3440 adductis
744 3384 875 3450 testibus,
890 3385 938 3455 qui
950 3383 1103 3438 novissimo
1114 3382 1181 3439 Ori-

70 3480 155 3554 genis
175 3478 352 3545 adstiterunt,
363 3496 459 3533 omues
478 3479 601 3533 fatentur
619 3479 698 3532 illum
717 3478 745 3531 in
764 3477 892 3532 Ecclesia
904 3476 1048 3533 Catholica
1066 3476 1110 3547 pie
1128 3474 1182 3530 de-

70 3572 213 3634 functum,
227 3571 357 3626 laudibus
375 3579 471 3642 postca
488 3571 551 3626 ideo
568 3571 742 3626 cumulatum
761 3587 778 3624 a
802 3571 908 3625 sanetis
927 3571 1002 3624 viris.
1015 3570 1053 3624 Et
1070 3586 1134 3624 cnm
1155 3585 1188 3622 ec

72 3664 179 3737 pariter
197 3661 348 3718 monachos
369 3662 400 3716 in
418 3662 490 3716 riam
509 3662 685 3734 perfeetionis
705 3668 733 3717 st
751 3661 949 3719 sinceraelidei
962 3677 1052 3732 nsque
1068 3659 1104 3714 nd
1116 3660 1180 3714 obi-

72 3762 137 3812 tum
150 3752 307 3827 profecisse
319 3762 478 3809 asseverant
495 3754 629 3810 historici.

146 3847 191 3901 Ex
208 3847 324 3901 adverso
342 3846 377 3900 de
394 3844 547 3917 Theophila
568 3844 635 3918 (qni
652 3843 773 3917 ignobili
792 3849 821 3899 et
838 3841 982 3897 temerario
1009 3858 1080 3896 ausu
1106 3841 1182 3912 apud

69 3939 177 3994 inferos
195 3938 314 3993 collocet
332 3945 359 3993 et
378 3938 528 3994 monachos
547 3944 576 3992 st
593 3936 763 4008 origenem)
791 3951 888 3989 omncs
916 3933 1121 4005 obstupuerunt
1147 3933 1182 3986 de

71 4030 230 4085 miserrime
242 4031 303 4103 ejus
315 4030 378 4096 tine,
392 4029 561 4085 eruciatibus
579 4028 713 4095 dilaniati,
728 4027 803 4100 quod
820 4033 897 4082 tanta
914 4026 1048 4080 scandala
1064 4027 1182 4082 excitas·

72 4128 117 4178 set
136 4122 166 4176 in
184 4122 319 4189 Ecclesia,
340 4127 368 4177 et
386 4124 421 4178 ob
440 4123 659 4194 persecutionem
678 4121 708 4176 in
732 4126 844 4176 sanctos
869 4118 1020 4176 monachos
1044 4125 1073 4175 et
1098 4134 1181 4190 prae-

72 4214 172 4270 sertIm
191 4214 221 4269 in
240 4214 473 4288 Ohrysostomnm
491 4214 668 4287 iniquissime
687 4218 849 4286 promotam.
