<?xml version="1.0" encoding="UTF-8"?>
<!DOCTYPE html PUBLIC "-//W3C//DTD XHTML 1.0 Transitional//EN"
    "http://www.w3.org/TR/xhtml1/DTD/xhtml1-transitional.dtd">
<html xmlns="http://www.w3.org/1999/xhtml" xml:lang="en" lang="en">
 <head>
  <title>
</title>
<meta http-equiv="Content-Type" content="text/html;charset=utf-8" />
  <meta name='ocr-system' content='tesseract 3.04.00' />
  <meta name='ocr-capabilities' content='ocr_page ocr_carea ocr_par ocr_line ocrx_word'/>
</head>
<body>
  <div class='ocr_page' id='page_1' title='image "./insgregoriinyss00vincgoog/insgregoriinyss00vincgoog_0074.png"; bbox 0 0 2886 4784; ppageno 0'>
   <div class='ocr_carea' id='block_1_1' title="bbox 79 453 1286 4290">
    <p class='ocr_par' dir='ltr' id='par_1_1' title="bbox 79 453 1286 4290">
     <span class='ocr_line' id='line_1_1' title="bbox 104 453 1217 551; baseline 0.003 -18"><span class='ocrx_word' id='word_1_1' title='bbox 104 487 197 551; x_wconf 81' lang='lat' dir='ltr'><strong>qoem</strong></span> <span class='ocrx_word' id='word_1_2' title='bbox 220 468 344 531; x_wconf 91' lang='lat' dir='ltr'><strong>malum</strong></span> <span class='ocrx_word' id='word_1_3' title='bbox 366 468 518 548; x_wconf 87' lang='lat' dir='ltr'><strong>appellat.</strong></span> <span class='ocrx_word' id='word_1_4' title='bbox 535 465 606 532; x_wconf 92' lang='lat' dir='ltr'><strong>Non</strong></span> <span class='ocrx_word' id='word_1_5' title='bbox 629 467 706 531; x_wconf 89' lang='lat' dir='ltr'><strong>dicit</strong></span> <span class='ocrx_word' id='word_1_6' title='bbox 728 464 941 547; x_wconf 81' lang='lat' dir='ltr'><strong>Empedocles</strong></span> <span class='ocrx_word' id='word_1_7' title='bbox 963 453 1162 535; x_wconf 68' lang='lat' dir='ltr'><strong>Discordiam</strong></span> <span class='ocrx_word' id='word_1_8' title='bbox 1185 483 1217 536; x_wconf 92' lang='lat' dir='ltr'><strong>et</strong></span> 
     </span>
     <span class='ocr_line' id='line_1_2' title="bbox 109 568 1218 652; baseline 0.004 -18"><span class='ocrx_word' id='word_1_9' title='bbox 109 568 319 635; x_wconf 78' lang='lat' dir='ltr'><strong>Concordiam</strong></span> <span class='ocrx_word' id='word_1_10' title='bbox 343 588 469 634; x_wconf 80' lang='lat' dir='ltr'><strong>creasse</strong></span> <span class='ocrx_word' id='word_1_11' title='bbox 492 580 627 645; x_wconf 89' lang='lat' dir='ltr'><strong>terram,</strong></span> <span class='ocrx_word' id='word_1_12' title='bbox 644 588 775 651; x_wconf 88' lang='lat' dir='ltr'><strong>aquam,</strong></span> <span class='ocrx_word' id='word_1_13' title='bbox 793 573 895 649; x_wconf 84' lang='lat' dir='ltr'><strong>ignem</strong></span> <span class='ocrx_word' id='word_1_14' title='bbox 911 581 942 635; x_wconf 93' lang='lat' dir='ltr'><strong>et</strong></span> <span class='ocrx_word' id='word_1_15' title='bbox 958 589 1091 652; x_wconf 79' lang='lat' dir='ltr'><strong>aerrm3</strong></span> <span class='ocrx_word' id='word_1_16' title='bbox 1107 574 1161 635; x_wconf 89' lang='lat' dir='ltr'><strong>sed</strong></span> <span class='ocrx_word' id='word_1_17' title='bbox 1173 592 1218 638; x_wconf 83' lang='lat' dir='ltr'><strong>ex</strong></span> 
     </span>
     <span class='ocr_line' id='line_1_3' title="bbox 105 665 1221 750; baseline 0.004 -17"><span class='ocrx_word' id='word_1_18' title='bbox 105 670 255 734; x_wconf 89' lang='lat' dir='ltr'><strong>conllictu</strong></span> <span class='ocrx_word' id='word_1_19' title='bbox 278 670 474 750; x_wconf 71' lang='lat' dir='ltr'><strong>qualitatum</strong></span> <span class='ocrx_word' id='word_1_20' title='bbox 499 671 632 732; x_wconf 91' lang='lat' dir='ltr'><strong>illorum</strong></span> <span class='ocrx_word' id='word_1_21' title='bbox 657 665 899 732; x_wconf 80' lang='lat' dir='ltr'><strong>&#39;elementorum</strong></span> <span class='ocrx_word' id='word_1_22' title='bbox 935 680 1022 734; x_wconf 86' lang='lat' dir='ltr'><strong>ortas</strong></span> <span class='ocrx_word' id='word_1_23' title='bbox 1050 692 1117 736; x_wconf 88' lang='lat' dir='ltr'><strong>esse</strong></span> <span class='ocrx_word' id='word_1_24' title='bbox 1139 672 1221 738; x_wconf 82' lang='lat' dir='ltr'><strong>Cort-</strong></span> 
     </span>
     <span class='ocr_line' id='line_1_4' title="bbox 105 771 1220 854; baseline 0.003 -19"><span class='ocrx_word' id='word_1_25' title='bbox 105 774 248 849; x_wconf 85' lang='lat' dir='ltr'><strong>cordiam</strong></span> <span class='ocrx_word' id='word_1_26' title='bbox 270 782 301 835; x_wconf 93' lang='lat' dir='ltr'><strong>et</strong></span> <span class='ocrx_word' id='word_1_27' title='bbox 324 771 538 847; x_wconf 87' lang='lat' dir='ltr'><strong>Discordiam,</strong></span> <span class='ocrx_word' id='word_1_28' title='bbox 561 773 592 833; x_wconf 92' lang='lat' dir='ltr'><strong>in</strong></span> <span class='ocrx_word' id='word_1_29' title='bbox 613 773 833 854; x_wconf 79' lang='lat' dir='ltr'><strong>symmetriam</strong></span> <span class='ocrx_word' id='word_1_30' title='bbox 857 780 962 834; x_wconf 90' lang='lat' dir='ltr'><strong>tameo</strong></span> <span class='ocrx_word' id='word_1_31' title='bbox 988 776 1220 839; x_wconf 85' lang='lat' dir='ltr'><strong>convertendas</strong></span> 
     </span>
     <span class='ocr_line' id='line_1_5' title="bbox 103 872 1246 954; baseline 0.004 -17"><span class='ocrx_word' id='word_1_32' title='bbox 103 878 147 937; x_wconf 88' lang='lat' dir='ltr'><strong>nti</strong></span> <span class='ocrx_word' id='word_1_33' title='bbox 170 874 399 936; x_wconf 86' lang='lat' dir='ltr'><strong>anirrradrertit</strong></span> <span class='ocrx_word' id='word_1_34' title='bbox 423 872 637 954; x_wconf 80' lang='lat' dir='ltr'><strong>Empedocles</strong></span> <span class='ocrx_word' id='word_1_35' title='bbox 656 879 689 935; x_wconf 94' lang='lat' dir='ltr'><strong>et</strong></span> <span class='ocrx_word' id='word_1_36' title='bbox 710 890 785 935; x_wconf 91' lang='lat' dir='ltr'><strong>cum</strong></span> <span class='ocrx_word' id='word_1_37' title='bbox 807 891 846 934; x_wconf 90' lang='lat' dir='ltr'><strong>eo</strong></span> <span class='ocrx_word' id='word_1_38' title='bbox 871 872 961 936; x_wconf 88' lang='lat' dir='ltr'><strong>Plato</strong></span> <span class='ocrx_word' id='word_1_39' title='bbox 979 874 1009 935; x_wconf 92' lang='lat' dir='ltr'><strong>in</strong></span> <span class='ocrx_word' id='word_1_40' title='bbox 1026 873 1170 952; x_wconf 86' lang='lat' dir='ltr'><strong>Timaeo,</strong></span> <span class='ocrx_word' id='word_1_41' title='bbox 1186 884 1220 941; x_wconf 92' lang='lat' dir='ltr'><strong>et</strong></span> <span class='ocrx_word' id='word_1_42' title='bbox 1243 891 1246 897; x_wconf 80' lang='grc'>’</span> 
     </span>
     <span class='ocr_line' id='line_1_6' title="bbox 105 973 684 1039; baseline -0.01 0"><span class='ocrx_word' id='word_1_43' title='bbox 105 976 295 1039; x_wconf 75' lang='lat' dir='ltr'><strong>Aristoteles</strong></span> <span class='ocrx_word' id='word_1_44' title='bbox 318 978 349 1037; x_wconf 86' lang='lat' dir='ltr'><strong>in</strong></span> <span class='ocrx_word' id='word_1_45' title='bbox 370 974 470 1038; x_wconf 89' lang='lat' dir='ltr'><strong>Libro</strong></span> <span class='ocrx_word' id='word_1_46' title='bbox 493 973 536 1035; x_wconf 88' lang='lat' dir='ltr'><strong>De</strong></span> <span class='ocrx_word' id='word_1_47' title='bbox 557 973 684 1036; x_wconf 76' lang='lat' dir='ltr'><strong>mundo.</strong></span> 
     </span>
     <span class='ocr_line' id='line_1_7' title="bbox 178 1076 1216 1154; baseline 0 -13"><span class='ocrx_word' id='word_1_48' title='bbox 178 1076 221 1141; x_wconf 84' lang='lat' dir='ltr'><strong>Et</strong></span> <span class='ocrx_word' id='word_1_49' title='bbox 236 1078 367 1154; x_wconf 76' lang='lat' dir='ltr'><strong>quidem</strong></span> <span class='ocrx_word' id='word_1_50' title='bbox 391 1078 510 1138; x_wconf 92' lang='lat' dir='ltr'><strong>mirum</strong></span> <span class='ocrx_word' id='word_1_51' title='bbox 532 1078 564 1137; x_wconf 90' lang='lat' dir='ltr'><strong>iu</strong></span> <span class='ocrx_word' id='word_1_52' title='bbox 581 1076 725 1137; x_wconf 76' lang='lat' dir='ltr'>Auctore</span> <span class='ocrx_word' id='word_1_53' title='bbox 739 1083 785 1136; x_wconf 85' lang='lat' dir='ltr'><strong>est</strong></span> <span class='ocrx_word' id='word_1_54' title='bbox 803 1083 926 1138; x_wconf 90' lang='lat' dir='ltr'><strong>tantum</strong></span> <span class='ocrx_word' id='word_1_55' title='bbox 943 1076 1087 1139; x_wconf 86' lang='lat' dir='ltr'><strong>studium</strong></span> <span class='ocrx_word' id='word_1_56' title='bbox 1109 1079 1141 1140; x_wconf 91' lang='lat' dir='ltr'><strong>in</strong></span> <span class='ocrx_word' id='word_1_57' title='bbox 1162 1096 1216 1142; x_wconf 88' lang='lat' dir='ltr'><strong>ae·</strong></span> 
     </span>
     <span class='ocr_line' id='line_1_8' title="bbox 101 1175 1218 1259; baseline 0.001 -17"><span class='ocrx_word' id='word_1_58' title='bbox 101 1179 302 1259; x_wconf 81' lang='lat' dir='ltr'><strong>quiparanda</strong></span> <span class='ocrx_word' id='word_1_59' title='bbox 325 1176 500 1240; x_wconf 87' lang='lat' dir='ltr'><strong>Marcionis</strong></span> <span class='ocrx_word' id='word_1_60' title='bbox 523 1177 648 1239; x_wconf 90' lang='lat' dir='ltr'><strong>haeresi</strong></span> <span class='ocrx_word' id='word_1_61' title='bbox 682 1175 887 1257; x_wconf 78' lang='lat' dir='ltr'><strong>Empedoclis</strong></span> <span class='ocrx_word' id='word_1_62' title='bbox 919 1178 1142 1257; x_wconf 72' lang='lat' dir='ltr'><strong>philosophiae</strong></span> <span class='ocrx_word' id='word_1_63' title='bbox 1174 1183 1218 1246; x_wconf 87' lang='lat' dir='ltr'><strong>ita</strong></span> 
     </span>
     <span class='ocr_line' id='line_1_9' title="bbox 106 1274 1220 1357; baseline 0.002 -13"><span class='ocrx_word' id='word_1_64' title='bbox 106 1292 140 1344; x_wconf 93' lang='lat' dir='ltr'><strong>ut</strong></span> <span class='ocrx_word' id='word_1_65' title='bbox 160 1282 321 1343; x_wconf 87' lang='lat' dir='ltr'><strong>audacter</strong></span> <span class='ocrx_word' id='word_1_66' title='bbox 349 1277 552 1350; x_wconf 88' lang='lat' dir='ltr'><strong>inclamarit,</strong></span> <span class='ocrx_word' id='word_1_67' title='bbox 576 1274 775 1341; x_wconf 81' lang='lat' dir='ltr'><strong>Marcionem</strong></span> <span class='ocrx_word' id='word_1_68' title='bbox 797 1280 807 1357; x_wconf 87' lang='grc'><strong>(</strong></span> <span class='ocrx_word' id='word_1_69' title='bbox 820 1298 849 1341; x_wconf 91' lang='lat' dir='ltr'><strong>n.</strong></span> <span class='ocrx_word' id='word_1_70' title='bbox 870 1274 946 1356; x_wconf 75' lang='lat'><strong>30.)</strong></span> <span class='ocrx_word' id='word_1_71' title='bbox 977 1299 1040 1342; x_wconf 88' lang='lat' dir='ltr'><strong>non</strong></span> <span class='ocrx_word' id='word_1_72' title='bbox 1070 1300 1087 1344; x_wconf 92' lang='grc' dir='ltr'><strong>ιι</strong></span> <span class='ocrx_word' id='word_1_73' title='bbox 1117 1281 1220 1346; x_wconf 86' lang='lat' dir='ltr'><strong>Paulo</strong></span> 
     </span>
     <span class='ocr_line' id='line_1_10' title="bbox 104 1377 1286 1463; baseline -0.003 -17"><span class='ocrx_word' id='word_1_74' title='bbox 104 1381 262 1463; x_wconf 84' lang='lat' dir='ltr'><strong>hpostolo</strong></span> <span class='ocrx_word' id='word_1_75' title='bbox 291 1379 413 1441; x_wconf 82' lang='lat' dir='ltr'><strong>neceb</strong></span> <span class='ocrx_word' id='word_1_76' title='bbox 436 1377 613 1456; x_wconf 79' lang='lat' dir='ltr'><strong>Evangelio</strong></span> <span class='ocrx_word' id='word_1_77' title='bbox 646 1377 748 1442; x_wconf 89' lang='lat' dir='ltr'><strong>Marci</strong></span> <span class='ocrx_word' id='word_1_78' title='bbox 781 1381 864 1444; x_wconf 91' lang='lat' dir='ltr'><strong>dicta</strong></span> <span class='ocrx_word' id='word_1_79' title='bbox 897 1400 954 1444; x_wconf 84' lang='lat' dir='ltr'><strong>sua</strong></span> <span class='ocrx_word' id='word_1_80' title='bbox 984 1384 1158 1460; x_wconf 87' lang='lat' dir='ltr'><strong>protulisse</strong></span> <span class='ocrx_word' id='word_1_81' title='bbox 1186 1385 1218 1446; x_wconf 78' lang='lat' dir='ltr'><strong>in</strong></span> <span class='ocrx_word' id='word_1_82' title='bbox 1283 1439 1286 1443; x_wconf 81' lang='lat'><strong>.</strong></span> 
     </span>
     <span class='ocr_line' id='line_1_11' title="bbox 103 1479 1219 1564; baseline 0.001 -18"><span class='ocrx_word' id='word_1_83' title='bbox 103 1486 162 1546; x_wconf 85' lang='lat' dir='ltr'><strong>hac</strong></span> <span class='ocrx_word' id='word_1_84' title='bbox 186 1482 358 1561; x_wconf 87' lang='lat' dir='ltr'><strong>istituenda</strong></span> <span class='ocrx_word' id='word_1_85' title='bbox 378 1481 529 1561; x_wconf 91' lang='lat' dir='ltr'><strong>opinione</strong></span> <span class='ocrx_word' id='word_1_86' title='bbox 549 1479 589 1542; x_wconf 92' lang='lat' dir='ltr'><strong>de</strong></span> <span class='ocrx_word' id='word_1_87' title='bbox 611 1480 695 1543; x_wconf 91' lang='lat' dir='ltr'><strong>bono</strong></span> <span class='ocrx_word' id='word_1_88' title='bbox 717 1490 750 1544; x_wconf 92' lang='lat' dir='ltr'><strong>et</strong></span> <span class='ocrx_word' id='word_1_89' title='bbox 771 1483 857 1545; x_wconf 91' lang='lat' dir='ltr'><strong>malo</strong></span> <span class='ocrx_word' id='word_1_90' title='bbox 886 1485 1065 1564; x_wconf 87' lang='lat' dir='ltr'><strong>principio:</strong></span> <span class='ocrx_word' id='word_1_91' title='bbox 1090 1504 1107 1544; x_wconf 84' lang='grc' dir='ltr'><strong>ιι</strong></span> <span class='ocrx_word' id='word_1_92' title='bbox 1130 1483 1219 1549; x_wconf 91' lang='lat' dir='ltr'><strong>Nihil</strong></span> 
     </span>
     <span class='ocr_line' id='line_1_12' title="bbox 98 1579 1218 1664; baseline 0 -17"><span class='ocrx_word' id='word_1_93' title='bbox 98 1585 200 1659; x_wconf 84' lang='lat' dir='ltr'><strong>enim,</strong></span> <span class='ocrx_word' id='word_1_94' title='bbox 217 1585 262 1645; x_wconf 91' lang='lat' dir='ltr'><strong>ait</strong></span> <span class='ocrx_word' id='word_1_95' title='bbox 285 1582 485 1664; x_wconf 78' lang='lat' dir='ltr'><strong>Anonymos,</strong></span> <span class='ocrx_word' id='word_1_96' title='bbox 508 1583 625 1644; x_wconf 89' lang='lat' dir='ltr'><strong>horum</strong></span> <span class='ocrx_word' id='word_1_97' title='bbox 641 1581 670 1642; x_wconf 93' lang='lat' dir='ltr'><strong>in</strong></span> <span class='ocrx_word' id='word_1_98' title='bbox 684 1579 862 1662; x_wconf 79' lang='lat' dir='ltr'><strong>Evangelio</strong></span> <span class='ocrx_word' id='word_1_99' title='bbox 878 1585 1054 1647; x_wconf 89' lang='lat' dir='ltr'><strong>secondum</strong></span> <span class='ocrx_word' id='word_1_100' title='bbox 1071 1583 1218 1649; x_wconf 82' lang='lat' dir='ltr'><strong>Marcum</strong></span> 
     </span>
     <span class='ocr_line' id='line_1_13' title="bbox 94 1681 1222 1775; baseline -0.001 -27"><span class='ocrx_word' id='word_1_101' title='bbox 94 1687 259 1765; x_wconf 87' lang='lat' dir='ltr'><strong>scriptum</strong></span> <span class='ocrx_word' id='word_1_102' title='bbox 281 1691 339 1745; x_wconf 87' lang='lat' dir='ltr'><strong>est.</strong></span> <span class='ocrx_word' id='word_1_103' title='bbox 355 1681 415 1746; x_wconf 88' lang='lat' dir='ltr'><strong>Sed</strong></span> <span class='ocrx_word' id='word_1_104' title='bbox 435 1681 645 1775; x_wconf 80' lang='lat' dir='ltr'><strong>Empedocles</strong></span> <span class='ocrx_word' id='word_1_105' title='bbox 660 1681 799 1746; x_wconf 89' lang='lat' dir='ltr'><strong>Metonis</strong></span> <span class='ocrx_word' id='word_1_106' title='bbox 812 1687 1031 1763; x_wconf 78' lang='lat' dir='ltr'><strong>agrigentinus</strong></span> <span class='ocrx_word' id='word_1_107' title='bbox 1049 1685 1152 1765; x_wconf 80' lang='lat' dir='ltr'><strong>(haec</strong></span> <span class='ocrx_word' id='word_1_108' title='bbox 1167 1703 1222 1747; x_wconf 92' lang='lat' dir='ltr'><strong>an·</strong></span> 
     </span>
     <span class='ocr_line' id='line_1_14' title="bbox 92 1783 1218 1866; baseline 0.002 -18"><span class='ocrx_word' id='word_1_109' title='bbox 92 1785 281 1864; x_wconf 83' lang='lat' dir='ltr'><strong>nuntiavit)</strong></span> <span class='ocrx_word' id='word_1_110' title='bbox 304 1803 402 1866; x_wconf 85' lang='lat' dir='ltr'><strong>quem</strong></span> <span class='ocrx_word' id='word_1_111' title='bbox 427 1783 572 1846; x_wconf 81' lang='lat' dir='ltr'><strong>Marcion</strong></span> <span class='ocrx_word' id='word_1_112' title='bbox 597 1784 800 1862; x_wconf 87' lang='lat' dir='ltr'><strong>suliuratus,</strong></span> <span class='ocrx_word' id='word_1_113' title='bbox 833 1788 982 1863; x_wconf 88' lang='lat' dir='ltr'><strong>opinatus</strong></span> <span class='ocrx_word' id='word_1_114' title='bbox 1012 1793 1082 1860; x_wconf 90' lang='lat' dir='ltr'><strong>est,</strong></span> <span class='ocrx_word' id='word_1_115' title='bbox 1113 1805 1218 1866; x_wconf 86' lang='lat' dir='ltr'><strong>usque</strong></span> 
     </span>
     <span class='ocr_line' id='line_1_15' title="bbox 91 1888 1218 1965; baseline 0.002 -15"><span class='ocrx_word' id='word_1_116' title='bbox 91 1907 185 1952; x_wconf 84' lang='lat' dir='ltr'><strong>nunc</strong></span> <span class='ocrx_word' id='word_1_117' title='bbox 202 1888 302 1950; x_wconf 90' lang='lat' dir='ltr'><strong>celari</strong></span> <span class='ocrx_word' id='word_1_118' title='bbox 320 1896 419 1949; x_wconf 91' lang='lat' dir='ltr'><strong>totam</strong></span> <span class='ocrx_word' id='word_1_119' title='bbox 436 1889 518 1950; x_wconf 93' lang='lat' dir='ltr'><strong>hanc</strong></span> <span class='ocrx_word' id='word_1_120' title='bbox 533 1888 691 1949; x_wconf 89' lang='lat' dir='ltr'><strong>haeresim</strong></span> <span class='ocrx_word' id='word_1_121' title='bbox 707 1888 747 1948; x_wconf 91' lang='lat' dir='ltr'><strong>ah</strong></span> <span class='ocrx_word' id='word_1_122' title='bbox 763 1906 802 1949; x_wconf 91' lang='lat' dir='ltr'><strong>eo</strong></span> <span class='ocrx_word' id='word_1_123' title='bbox 816 1889 1024 1950; x_wconf 89' lang='lat' dir='ltr'><strong>constitutam</strong></span> <span class='ocrx_word' id='word_1_124' title='bbox 1040 1906 1121 1965; x_wconf 88' lang='lat' dir='ltr'><strong>esse,</strong></span> <span class='ocrx_word' id='word_1_125' title='bbox 1138 1888 1218 1952; x_wconf 89' lang='lat' dir='ltr'><strong>dum</strong></span> 
     </span>
     <span class='ocr_line' id='line_1_16' title="bbox 93 1988 1222 2069; baseline 0 -17"><span class='ocrx_word' id='word_1_126' title='bbox 93 2010 141 2053; x_wconf 81' lang='lat' dir='ltr'><strong>cx</strong></span> <span class='ocrx_word' id='word_1_127' title='bbox 164 1989 274 2052; x_wconf 87' lang='lat' dir='ltr'><strong>Sicilia</strong></span> <span class='ocrx_word' id='word_1_128' title='bbox 297 1990 328 2051; x_wconf 92' lang='lat' dir='ltr'><strong>iu</strong></span> <span class='ocrx_word' id='word_1_129' title='bbox 349 1990 552 2069; x_wconf 83' lang='lat' dir='ltr'><strong>evangelicos</strong></span> <span class='ocrx_word' id='word_1_130' title='bbox 573 2007 738 2052; x_wconf 89' lang='lat' dir='ltr'><strong>sermones</strong></span> <span class='ocrx_word' id='word_1_131' title='bbox 768 1988 953 2068; x_wconf 83' lang='lat' dir='ltr'><strong>Philosophi</strong></span> <span class='ocrx_word' id='word_1_132' title='bbox 984 1990 1100 2069; x_wconf 89' lang='lat' dir='ltr'><strong>placita</strong></span> <span class='ocrx_word' id='word_1_133' title='bbox 1135 1998 1222 2052; x_wconf 90' lang='lat' dir='ltr'><strong>trau·</strong></span> 
     </span>
     <span class='ocr_line' id='line_1_17' title="bbox 83 2089 1219 2168; baseline -0.001 -14"><span class='ocrx_word' id='word_1_134' title='bbox 83 2091 232 2164; x_wconf 72' lang='lat' dir='ltr'><strong>sierret,</strong></span> <span class='ocrx_word' id='word_1_135' title='bbox 256 2092 354 2168; x_wconf 89' lang='lat' dir='ltr'><strong>ipsius</strong></span> <span class='ocrx_word' id='word_1_136' title='bbox 377 2093 482 2154; x_wconf 90' lang='lat' dir='ltr'><strong>verhis</strong></span> <span class='ocrx_word' id='word_1_137' title='bbox 505 2109 592 2154; x_wconf 87' lang='lat' dir='ltr'><strong>usus.</strong></span> <span class='ocrx_word' id='word_1_138' title='bbox 615 2109 632 2146; x_wconf 80' lang='lat' dir='ltr'><strong>&gt;r</strong></span> <span class='ocrx_word' id='word_1_139' title='bbox 655 2089 830 2165; x_wconf 78' lang='lat' dir='ltr'><strong>Attamen,</strong></span> <span class='ocrx_word' id='word_1_140' title='bbox 853 2089 940 2163; x_wconf 82' lang='lat' dir='ltr'><strong>dixi,</strong></span> <span class='ocrx_word' id='word_1_141' title='bbox 963 2091 1104 2152; x_wconf 89' lang='lat' dir='ltr'><strong>nonnisi</strong></span> <span class='ocrx_word' id='word_1_142' title='bbox 1133 2090 1219 2153; x_wconf 83' lang='lat' dir='ltr'><strong>Aoo·</strong></span> 
     </span>
     <span class='ocr_line' id='line_1_18' title="bbox 87 2188 1219 2276; baseline 0.001 -23"><span class='ocrx_word' id='word_1_143' title='bbox 87 2210 218 2276; x_wconf 73' lang='lat' dir='ltr'><strong>{aymus</strong></span> <span class='ocrx_word' id='word_1_144' title='bbox 239 2192 319 2255; x_wconf 89' lang='lat' dir='ltr'><strong>haec</strong></span> <span class='ocrx_word' id='word_1_145' title='bbox 340 2191 554 2254; x_wconf 87' lang='lat' dir='ltr'><strong>consideravit</strong></span> <span class='ocrx_word' id='word_1_146' title='bbox 576 2191 606 2252; x_wconf 93' lang='lat' dir='ltr'><strong>in</strong></span> <span class='ocrx_word' id='word_1_147' title='bbox 630 2188 794 2253; x_wconf 89' lang='lat' dir='ltr'><strong>Marcione</strong></span> <span class='ocrx_word' id='word_1_148' title='bbox 804 2209 817 2269; x_wconf 81' lang='lat'>3</span> <span class='ocrx_word' id='word_1_149' title='bbox 839 2199 919 2252; x_wconf 77' lang='lat' dir='ltr'><strong>cum&#39;</strong></span> <span class='ocrx_word' id='word_1_150' title='bbox 937 2191 1036 2252; x_wconf 89' lang='lat' dir='ltr'><strong>ceteri</strong></span> <span class='ocrx_word' id='word_1_151' title='bbox 1053 2189 1219 2254; x_wconf 82' lang='lat' dir='ltr'><strong>Ecclesiae</strong></span> 
     </span>
     <span class='ocr_line' id='line_1_19' title="bbox 90 2279 1219 2371; baseline -0.002 -15"><span class='ocrx_word' id='word_1_152' title='bbox 90 2293 280 2370; x_wconf 75' lang='lat' dir='ltr'><strong>scriptores</strong></span> <span class='ocrx_word' id='word_1_153' title='bbox 302 2308 506 2371; x_wconf 86' lang='lat' dir='ltr'><strong>nequaquam</strong></span> <span class='ocrx_word' id='word_1_154' title='bbox 523 2279 618 2352; x_wconf 84' lang='lat' dir='ltr'><strong>talem</strong></span> <span class='ocrx_word' id='word_1_155' title='bbox 635 2289 922 2351; x_wconf 82' lang='lat' dir='ltr'><strong>animadverterint</strong></span> <span class='ocrx_word' id='word_1_156' title='bbox 938 2288 1143 2368; x_wconf 79' lang='lat' dir='ltr'><strong>analogiam3</strong></span> <span class='ocrx_word' id='word_1_157' title='bbox 1159 2306 1219 2354; x_wconf 81' lang='lat' dir='ltr'><strong>nec</strong></span> 
     </span>
     <span class='ocr_line' id='line_1_20' title="bbox 87 2389 1220 2472; baseline -0.001 -16"><span class='ocrx_word' id='word_1_158' title='bbox 87 2396 236 2472; x_wconf 82' lang='lat' dir='ltr'><strong>insuper</strong></span> <span class='ocrx_word' id='word_1_159' title='bbox 250 2389 473 2455; x_wconf 86' lang='lat' dir='ltr'><strong>Tertullianus</strong></span> <span class='ocrx_word' id='word_1_160' title='bbox 489 2394 586 2466; x_wconf 90' lang='lat' dir='ltr'><strong>idem,</strong></span> <span class='ocrx_word' id='word_1_161' title='bbox 603 2392 655 2453; x_wconf 90' lang='lat' dir='ltr'><strong>cui</strong></span> <span class='ocrx_word' id='word_1_162' title='bbox 669 2391 857 2454; x_wconf 83' lang='lat' dir='ltr'><strong>inscribitur</strong></span> <span class='ocrx_word' id='word_1_163' title='bbox 873 2389 982 2452; x_wconf 86' lang='lat' dir='ltr'><strong>Liber:</strong></span> <span class='ocrx_word' id='word_1_164' title='bbox 999 2399 1030 2452; x_wconf 90' lang='lat' dir='ltr'><strong>et</strong></span> <span class='ocrx_word' id='word_1_165' title='bbox 1045 2391 1100 2470; x_wconf 89' lang='lat' dir='ltr'><strong>qui</strong></span> <span class='ocrx_word' id='word_1_166' title='bbox 1118 2391 1220 2455; x_wconf 82' lang='lat' dir='ltr'><strong>libros</strong></span> 
     </span>
     <span class='ocr_line' id='line_1_21' title="bbox 79 2491 1218 2574; baseline -0.003 -18"><span class='ocrx_word' id='word_1_167' title='bbox 79 2495 248 2574; x_wconf 72' lang='lat' dir='ltr'><strong>quinque</strong></span> <span class='ocrx_word' id='word_1_168' title='bbox 270 2493 368 2556; x_wconf 89' lang='lat' dir='ltr'><strong>edidit</strong></span> <span class='ocrx_word' id='word_1_169' title='bbox 391 2495 420 2554; x_wconf 93' lang='lat' dir='ltr'><strong>in</strong></span> <span class='ocrx_word' id='word_1_170' title='bbox 444 2492 542 2572; x_wconf 89' lang='lat' dir='ltr'><strong>hujus</strong></span> <span class='ocrx_word' id='word_1_171' title='bbox 565 2491 726 2554; x_wconf 84' lang='lat' dir='ltr'><strong>Haeretici</strong></span> <span class='ocrx_word' id='word_1_172' title='bbox 744 2491 1011 2564; x_wconf 77' lang='lat' dir='ltr'><strong>confutationem,</strong></span> <span class='ocrx_word' id='word_1_173' title='bbox 1027 2509 1155 2553; x_wconf 90' lang='lat' dir='ltr'><strong>summo</strong></span> <span class='ocrx_word' id='word_1_174' title='bbox 1171 2493 1218 2569; x_wconf 92' lang='lat' dir='ltr'><strong>ip-</strong></span> 
     </span>
     <span class='ocr_line' id='line_1_22' title="bbox 84 2591 1219 2670; baseline -0.002 -12"><span class='ocrx_word' id='word_1_175' title='bbox 84 2599 168 2658; x_wconf 75' lang='lat' dir='ltr'><strong>sius</strong></span> <span class='ocrx_word' id='word_1_176' title='bbox 189 2596 299 2658; x_wconf 90' lang='lat' dir='ltr'><strong>studio</strong></span> <span class='ocrx_word' id='word_1_177' title='bbox 321 2595 531 2658; x_wconf 84' lang='lat' dir='ltr'><strong>eleboratam.</strong></span> <span class='ocrx_word' id='word_1_178' title='bbox 556 2593 619 2670; x_wconf 86' lang='lat' dir='ltr'><strong>Qui</strong></span> <span class='ocrx_word' id='word_1_179' title='bbox 645 2602 750 2656; x_wconf 89' lang='lat' dir='ltr'><strong>tantae</strong></span> <span class='ocrx_word' id='word_1_180' title='bbox 773 2591 950 2656; x_wconf 87' lang='lat' dir='ltr'><strong>Marcionis</strong></span> <span class='ocrx_word' id='word_1_181' title='bbox 979 2595 1127 2655; x_wconf 84' lang='lat' dir='ltr'><strong>vanitatis</strong></span> <span class='ocrx_word' id='word_1_182' title='bbox 1149 2593 1219 2657; x_wconf 86' lang='lat' dir='ltr'><strong>iou·</strong></span> 
     </span>
     <span class='ocr_line' id='line_1_23' title="bbox 92 2695 1220 2776; baseline 0 -18"><span class='ocrx_word' id='word_1_183' title='bbox 92 2707 166 2759; x_wconf 76' lang='lat' dir='ltr'><strong>tem</strong></span> <span class='ocrx_word' id='word_1_184' title='bbox 190 2714 373 2776; x_wconf 85' lang='lat' dir='ltr'><strong>quaerens,</strong></span> <span class='ocrx_word' id='word_1_185' title='bbox 396 2716 437 2758; x_wconf 80' lang='lat' dir='ltr'><strong>ox</strong></span> <span class='ocrx_word' id='word_1_186' title='bbox 460 2696 637 2774; x_wconf 72' lang='lat' dir='ltr'><strong>scripturis</strong></span> <span class='ocrx_word' id='word_1_187' title='bbox 660 2696 823 2767; x_wconf 76' lang='lat' dir='ltr'><strong>inarime,</strong></span> <span class='ocrx_word' id='word_1_188' title='bbox 846 2713 987 2775; x_wconf 87' lang='lat' dir='ltr'><strong>quarum</strong></span> <span class='ocrx_word' id='word_1_189' title='bbox 1010 2713 1138 2758; x_wconf 87' lang='lat' dir='ltr'><strong>sensum</strong></span> <span class='ocrx_word' id='word_1_190' title='bbox 1160 2695 1220 2759; x_wconf 87' lang='lat' dir='ltr'><strong>iste</strong></span> 
     </span>
     <span class='ocr_line' id='line_1_24' title="bbox 84 2794 1219 2880; baseline -0.001 -18"><span class='ocrx_word' id='word_1_191' title='bbox 84 2801 279 2880; x_wconf 67' lang='lat' dir='ltr'><strong>corrupit,</strong></span> <span class='ocrx_word' id='word_1_192' title='bbox 308 2800 482 2862; x_wconf 79' lang='lat' dir='ltr'><strong>deduxisse</strong></span> <span class='ocrx_word' id='word_1_193' title='bbox 513 2799 659 2876; x_wconf 89' lang='lat' dir='ltr'><strong>reperit,</strong></span> <span class='ocrx_word' id='word_1_194' title='bbox 685 2794 890 2876; x_wconf 87' lang='lat' dir='ltr'><strong>Empedoclis</strong></span> <span class='ocrx_word' id='word_1_195' title='bbox 918 2795 1052 2860; x_wconf 84' lang='lat' dir='ltr'><strong>exclusa</strong></span> <span class='ocrx_word' id='word_1_196' title='bbox 1074 2797 1219 2876; x_wconf 90' lang='lat' dir='ltr'><strong>philoso-</strong></span> 
     </span>
     <span class='ocr_line' id='line_1_25' title="bbox 92 2901 192 2982; baseline -0.02 -18"><span class='ocrx_word' id='word_1_197' title='bbox 92 2901 192 2982; x_wconf 74' lang='lat' dir='ltr'><strong>phia.</strong></span> 
     </span>
     <span class='ocr_line' id='line_1_26' title="bbox 185 2995 1219 3084; baseline -0.003 -21"><span class='ocrx_word' id='word_1_198' title='bbox 185 3001 236 3064; x_wconf 80' lang='lat' dir='ltr'><strong>Ac</strong></span> <span class='ocrx_word' id='word_1_199' title='bbox 257 3000 404 3080; x_wconf 88' lang='lat' dir='ltr'><strong>proiecto</strong></span> <span class='ocrx_word' id='word_1_200' title='bbox 428 3000 603 3084; x_wconf 75' lang='lat' dir='ltr'><strong>Presbyter</strong></span> <span class='ocrx_word' id='word_1_201' title='bbox 624 2999 695 3061; x_wconf 81' lang='lat' dir='ltr'><strong>aior</strong></span> <span class='ocrx_word' id='word_1_202' title='bbox 717 3001 747 3060; x_wconf 93' lang='lat' dir='ltr'><strong>in</strong></span> <span class='ocrx_word' id='word_1_203' title='bbox 769 2997 868 3060; x_wconf 89' lang='lat' dir='ltr'><strong>Lihro</strong></span> <span class='ocrx_word' id='word_1_204' title='bbox 892 2995 945 3061; x_wconf 90' lang='lat' dir='ltr'><strong>lV.</strong></span> <span class='ocrx_word' id='word_1_205' title='bbox 969 3017 998 3061; x_wconf 85' lang='lat' dir='ltr'><strong>u.</strong></span> <span class='ocrx_word' id='word_1_206' title='bbox 1015 2998 1071 3061; x_wconf 87' lang='lat' dir='ltr'><strong>Vl.</strong></span> <span class='ocrx_word' id='word_1_207' title='bbox 1087 2999 1219 3062; x_wconf 83' lang='lat' dir='ltr'><strong>scribit:</strong></span> 
     </span>
     <span class='ocr_line' id='line_1_27' title="bbox 89 3099 1220 3181; baseline -0.003 -17"><span class='ocrx_word' id='word_1_208' title='bbox 89 3126 119 3164; x_wconf 67' lang='grc' dir='ltr'><strong>«ι</strong></span> <span class='ocrx_word' id='word_1_209' title='bbox 142 3101 242 3167; x_wconf 85' lang='lat' dir='ltr'><strong>Certe</strong></span> <span class='ocrx_word' id='word_1_210' title='bbox 263 3106 347 3166; x_wconf 86' lang='lat' dir='ltr'><strong>enim</strong></span> <span class='ocrx_word' id='word_1_211' title='bbox 366 3108 468 3167; x_wconf 91' lang='lat' dir='ltr'><strong>totum</strong></span> <span class='ocrx_word' id='word_1_212' title='bbox 485 3105 495 3181; x_wconf 77' lang='lat' dir='ltr'><strong>t</strong></span> <span class='ocrx_word' id='word_1_213' title='bbox 510 3102 720 3181; x_wconf 79' lang='lat' dir='ltr'><strong>Evangelium</strong></span> <span class='ocrx_word' id='word_1_214' title='bbox 735 3100 744 3176; x_wconf 78' lang='lat' dir='ltr'><strong>l</strong></span> <span class='ocrx_word' id='word_1_215' title='bbox 760 3100 846 3180; x_wconf 81' lang='lat' dir='ltr'><strong>quod</strong></span> <span class='ocrx_word' id='word_1_216' title='bbox 863 3100 1044 3164; x_wconf 83' lang='lat' dir='ltr'><strong>elaboravit</strong></span> <span class='ocrx_word' id='word_1_217' title='bbox 1061 3099 1220 3174; x_wconf 85' lang='lat' dir='ltr'><strong>Marcion,</strong></span> 
     </span>
     <span class='ocr_line' id='line_1_28' title="bbox 85 3189 1272 3284; baseline -0.004 -18"><span class='ocrx_word' id='word_1_218' title='bbox 85 3208 202 3268; x_wconf 71' lang='lat' dir='ltr'><strong>«stiam</strong></span> <span class='ocrx_word' id='word_1_219' title='bbox 223 3202 391 3267; x_wconf 75' lang='lat' dir='ltr'><strong>antitheses</strong></span> <span class='ocrx_word' id='word_1_220' title='bbox 412 3203 661 3284; x_wconf 86' lang='lat' dir='ltr'><strong>praestruendo,</strong></span> <span class='ocrx_word' id='word_1_221' title='bbox 686 3204 716 3262; x_wconf 92' lang='lat' dir='ltr'><strong>io</strong></span> <span class='ocrx_word' id='word_1_222' title='bbox 738 3202 799 3264; x_wconf 91' lang='lat' dir='ltr'><strong>hoc</strong></span> <span class='ocrx_word' id='word_1_223' title='bbox 815 3201 913 3280; x_wconf 78' lang='lat' dir='ltr'><strong>cogit,</strong></span> <span class='ocrx_word' id='word_1_224' title='bbox 929 3209 965 3263; x_wconf 94' lang='lat' dir='ltr'><strong>nt</strong></span> <span class='ocrx_word' id='word_1_225' title='bbox 984 3202 1101 3263; x_wconf 90' lang='lat' dir='ltr'><strong>veteris</strong></span> <span class='ocrx_word' id='word_1_226' title='bbox 1116 3207 1149 3263; x_wconf 90' lang='lat' dir='ltr'><strong>et</strong></span> <span class='ocrx_word' id='word_1_227' title='bbox 1168 3217 1224 3262; x_wconf 90' lang='lat' dir='ltr'><strong>no·</strong></span> <span class='ocrx_word' id='word_1_228' title='bbox 1270 3189 1272 3193; x_wconf 64' lang='grc'><strong>’</strong></span> 
     </span>
     <span class='ocr_line' id='line_1_29' title="bbox 95 3298 1221 3379; baseline -0.005 -10"><span class='ocrx_word' id='word_1_229' title='bbox 95 3309 135 3369; x_wconf 83' lang='lat' dir='ltr'><strong>vi</strong></span> <span class='ocrx_word' id='word_1_230' title='bbox 148 3303 347 3368; x_wconf 83' lang='lat' dir='ltr'><strong>Testamenti</strong></span> <span class='ocrx_word' id='word_1_231' title='bbox 359 3306 578 3367; x_wconf 82' lang='lat' dir='ltr'><strong>diversitatem</strong></span> <span class='ocrx_word' id='word_1_232' title='bbox 592 3304 779 3376; x_wconf 90' lang='lat' dir='ltr'><strong>constituat,</strong></span> <span class='ocrx_word' id='word_1_233' title='bbox 796 3302 931 3379; x_wconf 89' lang='lat' dir='ltr'><strong>proinde</strong></span> <span class='ocrx_word' id='word_1_234' title='bbox 947 3298 1112 3364; x_wconf 85' lang='lat' dir='ltr'><strong>Christum</strong></span> <span class='ocrx_word' id='word_1_235' title='bbox 1124 3318 1221 3363; x_wconf 89' lang='lat' dir='ltr'><strong>suum</strong></span> 
     </span>
     <span class='ocr_line' id='line_1_30' title="bbox 83 3392 1223 3485; baseline -0.005 -15"><span class='ocrx_word' id='word_1_236' title='bbox 83 3427 118 3470; x_wconf 63' lang='grc' dir='ltr'><strong>ει</strong></span> <span class='ocrx_word' id='word_1_237' title='bbox 139 3405 302 3471; x_wconf 86' lang='lat' dir='ltr'><strong>Createre</strong></span> <span class='ocrx_word' id='word_1_238' title='bbox 323 3392 548 3485; x_wconf 79' lang='lat' dir='ltr'><strong>separaturus,</strong></span> <span class='ocrx_word' id='word_1_239' title='bbox 562 3415 598 3468; x_wconf 94' lang='lat' dir='ltr'><strong>ut</strong></span> <span class='ocrx_word' id='word_1_240' title='bbox 621 3403 678 3466; x_wconf 87' lang='lat' dir='ltr'><strong>Dei</strong></span> <span class='ocrx_word' id='word_1_241' title='bbox 701 3405 850 3477; x_wconf 90' lang='lat' dir='ltr'><strong>alterius,</strong></span> <span class='ocrx_word' id='word_1_242' title='bbox 868 3409 905 3466; x_wconf 89' lang='lat' dir='ltr'><strong>ut</strong></span> <span class='ocrx_word' id='word_1_243' title='bbox 921 3403 1062 3467; x_wconf 90' lang='lat' dir='ltr'><strong>alienum</strong></span> <span class='ocrx_word' id='word_1_244' title='bbox 1086 3401 1223 3482; x_wconf 78' lang='lat' dir='ltr'><strong>Lepiset</strong></span> 
     </span>
     <span class='ocr_line' id='line_1_31' title="bbox 83 3503 1225 3590; baseline -0.004 -20"><span class='ocrx_word' id='word_1_245' title='bbox 83 3508 355 3590; x_wconf 70' lang='lat' dir='ltr'><strong>prophetorum.</strong></span> <span class='ocrx_word' id='word_1_246' title='bbox 378 3505 667 3586; x_wconf 80' lang='lat' dir='ltr'><strong>Certe-propterea</strong></span> <span class='ocrx_word' id='word_1_247' title='bbox 691 3505 854 3566; x_wconf 88' lang='lat' dir='ltr'><strong>contraria</strong></span> <span class='ocrx_word' id='word_1_248' title='bbox 877 3520 1028 3583; x_wconf 86' lang='lat' dir='ltr'><strong>quaeque</strong></span> <span class='ocrx_word' id='word_1_249' title='bbox 1049 3503 1225 3567; x_wconf 86' lang='lat' dir='ltr'><strong>sententiae</strong></span> 
     </span>
     <span class='ocr_line' id='line_1_32' title="bbox 79 3604 1226 3688; baseline -0.006 -14"><span class='ocrx_word' id='word_1_250' title='bbox 79 3628 185 3674; x_wconf 68' lang='lat' dir='ltr'><strong>suae</strong></span> <span class='ocrx_word' id='word_1_251' title='bbox 212 3610 313 3671; x_wconf 90' lang='lat' dir='ltr'><strong>erasit</strong></span> <span class='ocrx_word' id='word_1_252' title='bbox 332 3607 548 3688; x_wconf 87' lang='lat' dir='ltr'><strong>conspirantia</strong></span> <span class='ocrx_word' id='word_1_253' title='bbox 572 3623 646 3669; x_wconf 90' lang='lat' dir='ltr'><strong>cum</strong></span> <span class='ocrx_word' id='word_1_254' title='bbox 670 3605 853 3680; x_wconf 74' lang='lat' dir='ltr'><strong>creatore,</strong></span> <span class='ocrx_word' id='word_1_255' title='bbox 879 3608 972 3685; x_wconf 86' lang='lat' dir='ltr'><strong>qussi</strong></span> <span class='ocrx_word' id='word_1_256' title='bbox 993 3604 1034 3666; x_wconf 90' lang='lat' dir='ltr'><strong>ab</strong></span> <span class='ocrx_word' id='word_1_257' title='bbox 1054 3604 1226 3668; x_wconf 86' lang='lat' dir='ltr'><strong>assertori·</strong></span> 
     </span>
     <span class='ocr_line' id='line_1_33' title="bbox 84 3705 1226 3788; baseline -0.004 -18"><span class='ocrx_word' id='word_1_258' title='bbox 84 3705 167 3772; x_wconf 78' lang='lat' dir='ltr'><strong>lius</strong></span> <span class='ocrx_word' id='word_1_259' title='bbox 189 3707 262 3788; x_wconf 84' lang='lat' dir='ltr'><strong>ejus</strong></span> <span class='ocrx_word' id='word_1_260' title='bbox 283 3708 430 3783; x_wconf 79' lang='lat' dir='ltr'><strong>intexta,</strong></span> <span class='ocrx_word' id='word_1_261' title='bbox 453 3707 668 3786; x_wconf 89' lang='lat' dir='ltr'><strong>competentia</strong></span> <span class='ocrx_word' id='word_1_262' title='bbox 692 3714 802 3768; x_wconf 90' lang='lat' dir='ltr'><strong>autem</strong></span> <span class='ocrx_word' id='word_1_263' title='bbox 823 3707 1000 3768; x_wconf 89' lang='lat' dir='ltr'><strong>sententiae</strong></span> <span class='ocrx_word' id='word_1_264' title='bbox 1021 3721 1101 3767; x_wconf 87' lang='lat' dir='ltr'><strong>snae</strong></span> <span class='ocrx_word' id='word_1_265' title='bbox 1122 3722 1226 3767; x_wconf 88' lang='lat' dir='ltr'><strong>reser-</strong></span> 
     </span>
     <span class='ocr_line' id='line_1_34' title="bbox 94 3810 250 3871; baseline -0.032 -1"><span class='ocrx_word' id='word_1_266' title='bbox 94 3810 209 3871; x_wconf 64' lang='lat' dir='ltr'><strong>varit.</strong></span> <span class='ocrx_word' id='word_1_267' title='bbox 234 3828 250 3865; x_wconf 76' lang='lat' dir='ltr'><strong>a</strong></span> 
     </span>
     <span class='ocr_line' id='line_1_35' title="bbox 187 3902 1225 3993; baseline -0.008 -22"><span class='ocrx_word' id='word_1_268' title='bbox 187 3904 347 3984; x_wconf 83' lang='lat' dir='ltr'><strong>Quamvis</strong></span> <span class='ocrx_word' id='word_1_269' title='bbox 361 3916 478 3970; x_wconf 26' lang='lat' dir='ltr'><strong>*antem</strong></span> <span class='ocrx_word' id='word_1_270' title='bbox 501 3903 724 3968; x_wconf 87' lang='lat' dir='ltr'><strong>Tertullianus</strong></span> <span class='ocrx_word' id='word_1_271' title='bbox 747 3922 788 3967; x_wconf 83' lang='lat' dir='ltr'><strong>ex</strong></span> <span class='ocrx_word' id='word_1_272' title='bbox 811 3903 917 3983; x_wconf 88' lang='lat' dir='ltr'><strong>prisca</strong></span> <span class='ocrx_word' id='word_1_273' title='bbox 939 3919 1131 3993; x_wconf 76' lang='lat' dir='ltr'><strong>graecorum</strong></span> <span class='ocrx_word' id='word_1_274' title='bbox 1155 3902 1225 3981; x_wconf 93' lang='lat' dir='ltr'><strong>phi·</strong></span> 
     </span>
     <span class='ocr_line' id='line_1_36' title="bbox 84 4005 1225 4089; baseline -0.004 -17"><span class='ocrx_word' id='word_1_275' title='bbox 84 4006 256 4089; x_wconf 84' lang='lat' dir='ltr'><strong>lesophia</strong></span> <span class='ocrx_word' id='word_1_276' title='bbox 275 4026 435 4076; x_wconf 86' lang='lat' dir='ltr'><strong>revocare</strong></span> <span class='ocrx_word' id='word_1_277' title='bbox 454 4009 620 4071; x_wconf 86' lang='lat' dir='ltr'><strong>studuerit</strong></span> <span class='ocrx_word' id='word_1_278' title='bbox 652 4007 892 4069; x_wconf 88' lang='lat' dir='ltr'><strong>haereticorum</strong></span> <span class='ocrx_word' id='word_1_279' title='bbox 922 4005 1062 4082; x_wconf 89' lang='lat' dir='ltr'><strong>placita,</strong></span> <span class='ocrx_word' id='word_1_280' title='bbox 1085 4011 1225 4067; x_wconf 83' lang='lat' dir='ltr'><strong>attamen</strong></span> 
     </span>
     <span class='ocr_line' id='line_1_37' title="bbox 94 4104 1228 4190; baseline -0.011 -13"><span class='ocrx_word' id='word_1_281' title='bbox 94 4109 308 4177; x_wconf 75' lang='lat' dir='ltr'><strong>Marcionem</strong></span> <span class='ocrx_word' id='word_1_282' title='bbox 330 4107 436 4190; x_wconf 89' lang='lat' dir='ltr'><strong>inquit</strong></span> <span class='ocrx_word' id='word_1_283' title='bbox 456 4127 519 4171; x_wconf 89' lang='lat' dir='ltr'><strong>non</strong></span> <span class='ocrx_word' id='word_1_284' title='bbox 540 4129 581 4171; x_wconf 81' lang='lat' dir='ltr'><strong>ex</strong></span> <span class='ocrx_word' id='word_1_285' title='bbox 604 4108 801 4188; x_wconf 87' lang='lat' dir='ltr'><strong>Empedocle</strong></span> <span class='ocrx_word' id='word_1_286' title='bbox 822 4104 1019 4168; x_wconf 75' lang='lat' dir='ltr'><strong>sulfuratum</strong></span> <span class='ocrx_word' id='word_1_287' title='bbox 1046 4123 1119 4167; x_wconf 88' lang='lat' dir='ltr'><strong>esse</strong></span> <span class='ocrx_word' id='word_1_288' title='bbox 1137 4121 1228 4166; x_wconf 88' lang='lat' dir='ltr'><strong>erro·</strong></span> 
     </span>
     <span class='ocr_line' id='line_1_38' title="bbox 99 4205 1222 4290; baseline -0.004 -17"><span class='ocrx_word' id='word_1_289' title='bbox 99 4229 311 4290; x_wconf 74' lang='lat' dir='ltr'><strong>romonum,</strong></span> <span class='ocrx_word' id='word_1_290' title='bbox 334 4212 389 4276; x_wconf 89' lang='lat' dir='ltr'><strong>sed</strong></span> <span class='ocrx_word' id='word_1_291' title='bbox 412 4230 453 4276; x_wconf 85' lang='lat' dir='ltr'><strong>ex</strong></span> <span class='ocrx_word' id='word_1_292' title='bbox 475 4213 605 4276; x_wconf 87' lang='lat' dir='ltr'><strong>stoicis:</strong></span> <span class='ocrx_word' id='word_1_293' title='bbox 629 4232 645 4270; x_wconf 84' lang='grc' dir='ltr'><strong>ι</strong></span> <span class='ocrx_word' id='word_1_294' title='bbox 669 4208 744 4273; x_wconf 88' lang='lat' dir='ltr'><strong>lude</strong></span> <span class='ocrx_word' id='word_1_295' title='bbox 767 4207 941 4272; x_wconf 89' lang='lat' dir='ltr'><strong>Marcionis</strong></span> <span class='ocrx_word' id='word_1_296' title='bbox 964 4205 1068 4285; x_wconf 82' lang='lat' dir='ltr'><strong>Deus,</strong></span> <span class='ocrx_word' id='word_1_297' title='bbox 1091 4205 1222 4280; x_wconf 90' lang='lat' dir='ltr'><strong>scribit,</strong></span> 
     </span>
    </p>
   </div>
   <div class='ocr_carea' id='block_1_2' title="bbox 0 0 1452 4784">
    <p class='ocr_par' dir='ltr' id='par_1_2' title="bbox 0 0 1452 4784">
     <span class='ocr_line' id='line_1_39' title="bbox 0 0 1452 4784; baseline 0 0"><span class='ocrx_word' id='word_1_298' title='bbox 0 0 1452 4784; x_wconf 95' lang='lat' dir='ltr'><strong> </strong></span> 
     </span>
    </p>
   </div>
  </div>
 </body>
</html>
