2886 4784
1221 369 1280 438 tta

164 466 222 532 dos
245 467 401 545 decrerit,
417 469 494 550 quin
519 468 603 534 ultra
626 487 776 532 arcanam
799 471 933 533 illorum
954 479 1182 535 scrutarentur
1204 492 1279 537 con·

162 572 329 634 seientiam
351 571 411 634 soli
435 571 502 634 Deo
527 575 697 651 cognitam.
728 569 823 646 Quod
855 581 964 634 antem
997 574 1057 633 rite
1088 575 1128 633 ah
1159 572 1214 634 lba
1247 582 1280 635 et

162 667 370 734 Theodoreto
385 672 532 757 Synodus
549 673 723 753 postulavit
744 675 791 751 (et
807 676 860 735 cui
882 675 1118 753 acquieverunt
1135 676 1280 752 postula·

166 774 265 848 tinnit
288 773 351 835 hoc
374 773 456 835 idem
478 774 617 837 lideliter
638 795 676 838 ac
697 774 811 836 sedulo
835 778 1029 854 praestitere
1052 778 1200 838 monachi
1234 779 1279 839 ni·

166 874 315 949 irienses,
335 873 484 936 Rudinus
506 885 538 937 et
558 875 698 938 loannes
727 877 1031 960 hierosolymitanus
1053 897 1126 939 cum
1149 877 1280 962 Synodo

162 975 205 1036 ah
226 994 266 1037 eo
286 975 440 1049 adunata,
457 975 551 1036 iidem
569 978 732 1038 nicaenam
756 978 890 1057 professi
912 998 950 1040 ac
973 995 1034 1040 una
1053 987 1278 1058 praesumptos

162 1075 313 1156 Origenis
336 1095 465 1139 errores
492 1078 819 1141 anathematizantes:
844 1080 929 1157 qnod
960 1082 1036 1142 satis
1067 1090 1136 1141 erat
1169 1097 1207 1140 ne
1238 1080 1279 1141 ah

163 1175 308 1241 Ecclesia
334 1179 591 1258 expellerentur,
618 1181 668 1241 vel
690 1190 884 1258 putarentur
906 1183 1070 1244 haeretici.
1266 1178 1270 1183 ’

246 1277 289 1340 Et
311 1279 446 1341 lortasse
471 1280 657 1342 Anastasius
681 1280 765 1359 Papa
788 1278 1014 1343 conscientiam
1037 1281 1162 1344 studuit
1184 1282 1279 1342 rima·

167 1381 195 1442 ri
219 1378 351 1456 Rudini,
370 1394 401 1444 et
424 1383 580 1444 haeresim
604 1384 646 1446 ihi
668 1384 804 1445 celatam
822 1385 956 1446 intuitus
972 1381 1161 1445 damnavit?
1176 1382 1277 1444 hhsit.

162 1479 224 1546 Sed
247 1483 327 1545 dixit
351 1485 455 1563 ipsum
478 1486 516 1546 de
540 1486 598 1547 hae
622 1504 656 1547 re
679 1485 799 1546 hahere
820 1487 1046 1548 conscientiam
1079 1503 1170 1546 snam
1191 1483 1277 1564 judi·

162 1602 246 1658 cem,
270 1601 333 1648 nec
351 1586 433 1648 velle
457 1587 595 1649 alterins
618 1588 656 1648 de
678 1607 716 1650 eo
736 1588 906 1667 judicare:
932 1609 948 1646 a
970 1585 1042 1651 Non
1062 1585 1110 1648 sic
1130 1587 1221 1648 homo
1243 1596 1279 1648 ut

161 1682 259 1760 Deus,
283 1688 398 1766 iuquit.
423 1686 504 1751 Nam
528 1686 613 1749 Deus
638 1689 775 1750 videtin
798 1689 917 1761 corde,
949 1690 1046 1750 homo
1071 1690 1155 1750 videt
1181 1691 1210 1749 in
1235 1689 1279 1750 la·

161 1788 222 1850 cie.
248 1807 263 1846 n
287 1786 503 1851 Nihilominus
525 1792 611 1869 quod
635 1802 764 1854 nonest
787 1811 885 1854 ausus
921 1791 1082 1853 Romanus
1107 1790 1278 1864 Pontifex,

162 1885 363 1969 Theophilus
386 1899 417 1952 et
439 1890 656 1975 Hieronymus
679 1912 740 1954 non
763 1913 803 1955 ex
827 1894 917 1955 iactis
940 1905 970 1954 et
994 1894 1147 1973 probatis,
1172 1902 1208 1954 ut
1234 1893 1279 1953 in·

160 1993 281 2070 quiunt
303 1990 476 2072 Theologi,
499 1996 753 2056 condemnarunt
776 1996 948 2056 monachos
970 2012 1152 2074 eorumque
1174 1997 1278 2056 socios

162 2096 194 2154 in
217 2098 407 2172 quaestione
428 2099 624 2174 origeniana.
649 2098 708 2160 Sed
733 2100 851 2158 incauti
874 2099 904 2157 in
927 2097 1024 2158 corda
1048 2115 1161 2158 eorum
1184 2116 1278 2177 pene·

161 2183 298 2269 trantes,
322 2198 465 2275 neglecta
489 2200 702 2260 ecclesiastica
727 2199 913 2277 disciplina,
938 2199 1121 2260 simulatam
1145 2199 1278 2259 illorum

158 2297 353 2360 catholicam
377 2299 606 2362 confessionem
629 2310 812 2379 arguentes,
829 2301 925 2361 nullis
941 2301 1130 2360 instantibus
1153 2300 1276 2361 extrin-

159 2402 244 2461 secis
268 2400 402 2473 indiciis,
427 2382 666 2463 haereticorum
690 2420 825 2462 nurnero
849 2403 1090 2478 inscripserunt.
1114 2397 1156 2480 (ἦ)

241 2497 393 2561 Ceterum
416 2501 493 2580 qnid
515 2504 572 2563 sihi
598 2502 668 2563 vult
699 2503 882 2582 hujusmodi
916 2503 1118 2581 hypocrisiae
1151 2503 1273 2562 crimen

158 2603 338 2674 monachis,
355 2605 545 2682 cunctisque
566 2604 714 2682 Origenis
739 2605 1031 2681 patrocinatoribus
1054 2600 1210 2665 indictum
1232 2620 1273 2664 ex

157 2698 330 2779 Theophili
353 2713 385 2764 et
407 2701 594 2787 Hieronymi
620 2704 740 2782 parte'?
762 2707 817 2765 nisi
842 2708 929 2783 quod
954 2707 1019 2768 istis
1041 2708 1187 2767 deessent
1219 2723 1276 2765 ex·

158 2804 353 2865 trinseca'et
375 2806 558 2889 authentica
582 2807 773 2868 documenta
798 2827 837 2868 ex
855 2809 1103 2887 origenistarum
1120 2807 1209 2867 lihris
1226 2805 1278 2866 rel

157 2905 364 2965 sermonibus
387 2908 483 2981 petita
507 2908 544 2968 ad
570 2910 757 2976 canonicam
787 2907 1003 2970 definitionem
1036 2915 1068 2968 et
1097 2909 1275 2969 damnatio·

159 3023 234 3068 nem
255 3009 441 3084 suppositae
464 3007 597 3070 illorum
632 3011 812 3071 haereseos.
836 3007 965 3072 Notum
999 3026 1074 3070 sane
1104 3009 1274 3070 haereseos

158 3105 283 3186 genus!
306 3108 401 3187 cujus
424 3111 569 3189 magistri
595 3112 643 3171 vel
666 3112 813 3189 discipuli
836 3111 902 3171 sive
925 3112 1068 3188 scriptis,
1091 3111 1158 3172 sive
1183 3129 1274 3180 voce,

237 3309 271 3383 (Ἴ
293 3310 419 3367 Profecto
438 3312 532 3368 nescio
550 3330 635 3385 quare
652 3331 718 3369 cum
736 3313 909 3387 Hieronymo
926 3312 1009 3368 illuso
1028 3311 1155 3366 nonnulli
1182 3309 1273 3365 adhuc

158 3399 291 3456 dubitent
307 3404 341 3458 de
359 3403 512 3461 orthodoxo
530 3423 562 3461 ao
581 3407 688 3462 sincero
708 3405 813 3461 Ruffini
831 3423 926 3461 sensu.
940 3405 990 3460 Bis
1008 3404 1084 3460 enim
1102 3405 1156 3458 iste
1174 3401 1270 3474 puhli-

160 3510 195 3550 ce
214 3494 365 3552 declaravit
382 3498 547 3555 catholicam
566 3517 633 3556 suae
651 3499 716 3554 fidei
734 3499 942 3570 professionem,
957 3498 987 3553 in
1000 3498 1124 3553 versione
1136 3495 1277 3568 Apologo-

158 3588 211 3644 tiei
230 3607 252 3644 s.
276 3591 411 3664 Pamphili
429 3612 479 3665 pro
498 3594 631 3667 Origene,
652 3599 680 3648 et
698 3595 819 3648 maxima
831 3594 859 3647 in
872 3593 970 3648 litteris
982 3589 1208 3647 adAnastasium
1222 3590 1274 3644 Pa·

158 3700 227 3757 pam
248 3682 309 3740 ideo
328 3686 440 3758 scriptis
460 3688 591 3743 adversus
610 3705 677 3743 suos
695 3687 848 3742 delatores:
871 3709 884 3737 r
904 3686 967 3758 Ego
986 3686 1070 3750 enim,
1091 3685 1148 3751 ait,
1168 3689 1275 3754 praeter

157 3775 234 3832 hanc
252 3777 345 3845 fidem,
366 3799 450 3852 quam
469 3799 553 3854 supra
571 3780 699 3852 exposui,
720 3781 793 3835 idest
811 3796 893 3851 quam
913 3778 1037 3834 Ecclesia
1055 3777 1181 3831 Romana
1199 3782 1276 3830 tenet

156 3876 187 3925 et
199 3869 390 3941 alexandrina,
411 3880 439 3929 et
457 3874 637 3948 aquilejensis
649 3879 744 3929 nostra
756 3879 834 3928 tenet
843 3889 969 3944 quaeque
980 3869 1186 3943 Hierosolymis
1198 3885 1276 3940 prae-

158 3963 280 4031 dicatur,
301 3966 384 4021 aliam
402 3985 458 4022 non
478 3968 563 4022 habui
581 3985 716 4040 unquam,
737 3984 789 4022 nec
807 3965 896 4021 habeo
915 3966 944 4019 in
963 3964 1067 4020 Christi
1086 3962 1209 4028 nomine,
1224 3977 1276 4016 nec

158 4057 279 4112 habebo.
293 4058 331 4113 Et
348 4058 437 4131 siquis
455 4061 535 4116 aliter
553 4062 657 4128 credat,
678 4061 805 4132 quisquis
824 4060 870 4114 ille
888 4064 940 4125 est,
955 4057 1103 4112 anathema
1120 4056 1166 4111 sit.
1189 4077 1201 4104 n
1224 4055 1276 4111 (le-

157 4157 253 4205 terum
280 4151 315 4206 de
339 4152 394 4208 fide
411 4161 440 4210 et
458 4155 570 4227 scriptis
590 4154 695 4210 Ruffini
717 4160 877 4225 repetantur
905 4153 1033 4208 discussa
1059 4150 1089 4204 in
1116 4149 1203 4204 Tcmc
1222 4147 1274 4202 Ill.

161 4259 206 4299 cc.
227 4242 280 4299 XI.
303 4244 382 4301 XIV.

1041 4335 1082 4400 22
