<?xml version="1.0" encoding="UTF-8"?>
<!DOCTYPE html PUBLIC "-//W3C//DTD XHTML 1.0 Transitional//EN"
    "http://www.w3.org/TR/xhtml1/DTD/xhtml1-transitional.dtd">
<html xmlns="http://www.w3.org/1999/xhtml" xml:lang="en" lang="en">
 <head>
  <title>
</title>
<meta http-equiv="Content-Type" content="text/html;charset=utf-8" />
  <meta name='ocr-system' content='tesseract 3.04.00' />
  <meta name='ocr-capabilities' content='ocr_page ocr_carea ocr_par ocr_line ocrx_word'/>
</head>
<body>
  <div class='ocr_page' id='page_1' title='image "./insgregoriinyss00vincgoog/insgregoriinyss00vincgoog_0050.png"; bbox 0 0 2886 4784; ppageno 0'>
   <div class='ocr_carea' id='block_1_1' title="bbox 91 448 1212 935">
    <p class='ocr_par' dir='ltr' id='par_1_1' title="bbox 91 448 1212 935">
     <span class='ocr_line' id='line_1_1' title="bbox 92 448 1209 528; baseline 0.001 -16"><span class='ocrx_word' id='word_1_1' title='bbox 92 470 154 514; x_wconf 88' lang='lat' dir='ltr'><strong><em>nus</em></strong></span> <span class='ocrx_word' id='word_1_2' title='bbox 178 451 308 514; x_wconf 88' lang='lat' dir='ltr'><strong><em>mutatis</em></strong></span> <span class='ocrx_word' id='word_1_3' title='bbox 330 449 510 512; x_wconf 87' lang='lat' dir='ltr'><strong><em>nominibus</em></strong></span> <span class='ocrx_word' id='word_1_4' title='bbox 533 449 564 510; x_wconf 91' lang='lat' dir='ltr'><strong><em>ln</em></strong></span> <span class='ocrx_word' id='word_1_5' title='bbox 587 465 737 528; x_wconf 86' lang='lat' dir='ltr'><strong><em>magnum</em></strong></span> <span class='ocrx_word' id='word_1_6' title='bbox 754 449 948 510; x_wconf 76' lang='lat' dir='ltr'><strong>miraculum</strong></span> <span class='ocrx_word' id='word_1_7' title='bbox 966 448 1159 524; x_wconf 90' lang='lat' dir='ltr'><strong><em>conllarunt,</em></strong></span> <span class='ocrx_word' id='word_1_8' title='bbox 1176 462 1209 513; x_wconf 90' lang='lat' dir='ltr'><strong><em>et</em></strong></span> 
     </span>
     <span class='ocr_line' id='line_1_2' title="bbox 91 549 1209 632; baseline -0.003 -15"><span class='ocrx_word' id='word_1_9' title='bbox 91 559 160 618; x_wconf 89' lang='lat' dir='ltr'><strong><em>suis</em></strong></span> <span class='ocrx_word' id='word_1_10' title='bbox 182 554 387 632; x_wconf 68' lang='lat' dir='ltr'><strong>dogmatibus</strong></span> <span class='ocrx_word' id='word_1_11' title='bbox 410 552 654 614; x_wconf 85' lang='lat' dir='ltr'><strong><em>laudamentum</em></strong></span> <span class='ocrx_word' id='word_1_12' title='bbox 677 562 865 630; x_wconf 89' lang='lat' dir='ltr'><strong><em>posuerunt.</em></strong></span> <span class='ocrx_word' id='word_1_13' title='bbox 890 549 980 613; x_wconf 88' lang='lat' dir='ltr'><strong><em>Hanc</em></strong></span> <span class='ocrx_word' id='word_1_14' title='bbox 1001 571 1091 614; x_wconf 90' lang='lat' dir='ltr'><strong><em>suam</em></strong></span> <span class='ocrx_word' id='word_1_15' title='bbox 1124 550 1209 614; x_wconf 82' lang='lat' dir='ltr'><strong><em>Hele-</em></strong></span> 
     </span>
     <span class='ocr_line' id='line_1_3' title="bbox 91 651 1205 734; baseline -0.003 -17"><span class='ocrx_word' id='word_1_16' title='bbox 91 654 264 717; x_wconf 88' lang='lat' dir='ltr'><strong><em>domadem</em></strong></span> <span class='ocrx_word' id='word_1_17' title='bbox 285 652 395 716; x_wconf 83' lang='lat' dir='ltr'><strong>Simon</strong></span> <span class='ocrx_word' id='word_1_18' title='bbox 417 653 465 716; x_wconf 89' lang='lat' dir='ltr'><strong><em>his</em></strong></span> <span class='ocrx_word' id='word_1_19' title='bbox 487 653 651 715; x_wconf 88' lang='lat' dir='ltr'><strong><em>constituit</em></strong></span> <span class='ocrx_word' id='word_1_20' title='bbox 672 653 872 715; x_wconf 83' lang='lat' dir='ltr'><strong><em>nominihus:</em></strong></span> <span class='ocrx_word' id='word_1_21' title='bbox 897 651 1000 728; x_wconf 87' lang='lat' dir='ltr'><strong><em>Mens,</em></strong></span> <span class='ocrx_word' id='word_1_22' title='bbox 1029 651 1205 734; x_wconf 71' lang='lat' dir='ltr'><em>conceptio,</em></span> 
     </span>
     <span class='ocr_line' id='line_1_4' title="bbox 92 751 1212 834; baseline -0.004 -13"><span class='ocrx_word' id='word_1_23' title='bbox 92 754 225 830; x_wconf 86' lang='lat' dir='ltr'><strong><em>Nomen,</em></strong></span> <span class='ocrx_word' id='word_1_24' title='bbox 249 752 326 828; x_wconf 76' lang='lat' dir='ltr'><strong><em>Vos,</em></strong></span> <span class='ocrx_word' id='word_1_25' title='bbox 343 751 573 830; x_wconf 70' lang='lat' dir='ltr'><strong><em>Ratiocinatio,</em></strong></span> <span class='ocrx_word' id='word_1_26' title='bbox 598 751 768 832; x_wconf 78' lang='lat' dir='ltr'><strong><em>Cogitatio,</em></strong></span> <span class='ocrx_word' id='word_1_27' title='bbox 790 763 817 814; x_wconf 93' lang='lat' dir='ltr'><strong><em>et</em></strong></span> <span class='ocrx_word' id='word_1_28' title='bbox 838 752 892 814; x_wconf 85' lang='lat' dir='ltr'><strong><em>ille</em></strong></span> <span class='ocrx_word' id='word_1_29' title='bbox 913 753 968 834; x_wconf 85' lang='lat' dir='ltr'><strong><em>qni</em></strong></span> <span class='ocrx_word' id='word_1_30' title='bbox 988 764 1062 829; x_wconf 88' lang='lat' dir='ltr'><strong><em>stat,</em></strong></span> <span class='ocrx_word' id='word_1_31' title='bbox 1081 756 1164 817; x_wconf 88' lang='lat' dir='ltr'><strong><em>stetit</em></strong></span> <span class='ocrx_word' id='word_1_32' title='bbox 1183 765 1212 817; x_wconf 93' lang='lat' dir='ltr'><strong><em>et</em></strong></span> 
     </span>
     <span class='ocr_line' id='line_1_5' title="bbox 93 854 1207 935; baseline -0.003 -14"><span class='ocrx_word' id='word_1_33' title='bbox 93 856 199 921; x_wconf 79' lang='lat' dir='ltr'><strong><em>studit.</em></strong></span> <span class='ocrx_word' id='word_1_34' title='bbox 225 856 281 919; x_wconf 83' lang='lat' dir='ltr'><strong><em>llis</em></strong></span> <span class='ocrx_word' id='word_1_35' title='bbox 302 866 411 917; x_wconf 90' lang='lat' dir='ltr'><strong><em>autem</em></strong></span> <span class='ocrx_word' id='word_1_36' title='bbox 435 857 615 920; x_wconf 82' lang='lat' dir='ltr'><strong><em>nominibus</em></strong></span> <span class='ocrx_word' id='word_1_37' title='bbox 639 854 827 918; x_wconf 87' lang='lat' dir='ltr'><strong><em>Valentinus</em></strong></span> <span class='ocrx_word' id='word_1_38' title='bbox 855 857 997 935; x_wconf 86' lang='lat' dir='ltr'><strong><em>appellat</em></strong></span> <span class='ocrx_word' id='word_1_39' title='bbox 1026 856 1207 920; x_wconf 85' lang='lat' dir='ltr'><strong><em>Hebdoma-</em></strong></span> 
     </span>
    </p>
   </div>
   <div class='ocr_carea' id='block_1_2' title="bbox 94 955 1296 1445">
    <p class='ocr_par' dir='ltr' id='par_1_2' title="bbox 94 955 1296 1445">
     <span class='ocr_line' id='line_1_6' title="bbox 95 955 1210 1033; baseline -0.002 -11"><span class='ocrx_word' id='word_1_40' title='bbox 95 961 192 1022; x_wconf 82' lang='lat' dir='ltr'><strong><em>dem:</em></strong></span> <span class='ocrx_word' id='word_1_41' title='bbox 215 955 316 1032; x_wconf 83' lang='lat' dir='ltr'><strong><em>Mens,</em></strong></span> <span class='ocrx_word' id='word_1_42' title='bbox 348 955 475 1032; x_wconf 83' lang='lat' dir='ltr'><strong><em>Veritas,</em></strong></span> <span class='ocrx_word' id='word_1_43' title='bbox 506 955 649 1032; x_wconf 81' lang='lat' dir='ltr'><strong><em>Verbum,</em></strong></span> <span class='ocrx_word' id='word_1_44' title='bbox 677 955 756 1032; x_wconf 84' lang='lat' dir='ltr'><strong><em>Vita,</em></strong></span> <span class='ocrx_word' id='word_1_45' title='bbox 781 955 895 1030; x_wconf 85' lang='lat' dir='ltr'><strong><em>Homo,</em></strong></span> <span class='ocrx_word' id='word_1_46' title='bbox 919 955 1074 1033; x_wconf 83' lang='lat' dir='ltr'><strong><em>Ecclesia,</em></strong></span> <span class='ocrx_word' id='word_1_47' title='bbox 1098 969 1126 1020; x_wconf 92' lang='lat' dir='ltr'><strong><em>et</em></strong></span> <span class='ocrx_word' id='word_1_48' title='bbox 1149 958 1210 1021; x_wconf 85' lang='lat' dir='ltr'><strong><em>Pa·</em></strong></span> 
     </span>
     <span class='ocr_line' id='line_1_7' title="bbox 94 1057 1211 1138; baseline -0.004 -14"><span class='ocrx_word' id='word_1_49' title='bbox 94 1069 144 1124; x_wconf 86' lang='lat' dir='ltr'><strong><em>ter</em></strong></span> <span class='ocrx_word' id='word_1_50' title='bbox 164 1068 420 1122; x_wconf 82' lang='lat' dir='ltr'><strong><em>connumeratus.</em></strong></span> <span class='ocrx_word' id='word_1_51' title='bbox 436 1058 591 1123; x_wconf 75' lang='lat' dir='ltr'><strong><em>Similiter</em></strong></span> <span class='ocrx_word' id='word_1_52' title='bbox 611 1067 711 1138; x_wconf 87' lang='lat' dir='ltr'><strong><em>atquc</em></strong></span> <span class='ocrx_word' id='word_1_53' title='bbox 733 1057 801 1136; x_wconf 89' lang='lat' dir='ltr'><strong><em>illi,</em></strong></span> <span class='ocrx_word' id='word_1_54' title='bbox 821 1061 877 1137; x_wconf 88' lang='lat' dir='ltr'><strong><em>qui</em></strong></span> <span class='ocrx_word' id='word_1_55' title='bbox 899 1061 1120 1121; x_wconf 72' lang='lat' dir='ltr'><strong><em>arithmeticae</em></strong></span> <span class='ocrx_word' id='word_1_56' title='bbox 1144 1061 1211 1135; x_wconf 89' lang='lat' dir='ltr'><strong><em>phi·</em></strong></span> 
     </span>
     <span class='ocr_line' id='line_1_8' title="bbox 95 1161 1213 1241; baseline -0.002 -17"><span class='ocrx_word' id='word_1_57' title='bbox 95 1162 267 1241; x_wconf 88' lang='lat' dir='ltr'><strong><em>toscphiaa</em></strong></span> <span class='ocrx_word' id='word_1_58' title='bbox 287 1161 505 1223; x_wconf 79' lang='lat' dir='ltr'><strong><em>studuerunte</em></strong></span> <span class='ocrx_word' id='word_1_59' title='bbox 528 1177 625 1240; x_wconf 90' lang='lat' dir='ltr'><strong><em>quam</em></strong></span> <span class='ocrx_word' id='word_1_60' title='bbox 649 1161 778 1240; x_wconf 83' lang='lat' dir='ltr'><strong><em>quidem</em></strong></span> <span class='ocrx_word' id='word_1_61' title='bbox 800 1169 834 1223; x_wconf 92' lang='lat' dir='ltr'><strong><em>ut</em></strong></span> <span class='ocrx_word' id='word_1_62' title='bbox 854 1162 1006 1238; x_wconf 91' lang='lat' dir='ltr'><strong><em>ignotam,</em></strong></span> <span class='ocrx_word' id='word_1_63' title='bbox 1025 1161 1122 1239; x_wconf 89' lang='lat' dir='ltr'><strong><em>vulgo</em></strong></span> <span class='ocrx_word' id='word_1_64' title='bbox 1138 1169 1213 1222; x_wconf 90' lang='lat' dir='ltr'><strong><em>sunt</em></strong></span> 
     </span>
     <span class='ocr_line' id='line_1_9' title="bbox 97 1262 1213 1339; baseline -0.001 -14"><span class='ocrx_word' id='word_1_65' title='bbox 97 1264 208 1325; x_wconf 88' lang='lat' dir='ltr'><strong><em>mirati</em></strong></span> <span class='ocrx_word' id='word_1_66' title='bbox 229 1269 262 1325; x_wconf 89' lang='lat' dir='ltr'><strong><em>el</em></strong></span> <span class='ocrx_word' id='word_1_67' title='bbox 283 1262 460 1339; x_wconf 90' lang='lat' dir='ltr'><strong><em>prosecuti,</em></strong></span> <span class='ocrx_word' id='word_1_68' title='bbox 485 1263 634 1324; x_wconf 88' lang='lat' dir='ltr'><strong><em>haereses</em></strong></span> <span class='ocrx_word' id='word_1_69' title='bbox 655 1270 687 1323; x_wconf 91' lang='lat' dir='ltr'><strong><em>et</em></strong></span> <span class='ocrx_word' id='word_1_70' title='bbox 709 1264 767 1339; x_wconf 90' lang='lat' dir='ltr'><strong><em>ipsi</em></strong></span> <span class='ocrx_word' id='word_1_71' title='bbox 786 1263 977 1324; x_wconf 87' lang='lat' dir='ltr'><strong><em>invenerunt</em></strong></span> <span class='ocrx_word' id='word_1_72' title='bbox 993 1273 1024 1324; x_wconf 90' lang='lat' dir='ltr'><strong><em>et</em></strong></span> <span class='ocrx_word' id='word_1_73' title='bbox 1040 1263 1213 1325; x_wconf 88' lang='lat' dir='ltr'><strong><em>constitne-</em></strong></span> 
     </span>
     <span class='ocr_line' id='line_1_10' title="bbox 98 1359 1296 1445; baseline 0 -21"><span class='ocrx_word' id='word_1_74' title='bbox 98 1374 189 1427; x_wconf 87' lang='lat' dir='ltr'><strong><em>ruut.</em></strong></span> <span class='ocrx_word' id='word_1_75' title='bbox 213 1381 230 1419; x_wconf 89' lang='lat' dir='ltr'><strong><em>n</em></strong></span> <span class='ocrx_word' id='word_1_76' title='bbox 254 1359 295 1424; x_wconf 81' lang='lat' dir='ltr'><strong><em>Et</em></strong></span> <span class='ocrx_word' id='word_1_77' title='bbox 316 1365 359 1424; x_wconf 88' lang='lat' dir='ltr'><strong><em>ita</em></strong></span> <span class='ocrx_word' id='word_1_78' title='bbox 383 1362 552 1445; x_wconf 77' lang='lat' dir='ltr'><strong><em>Anonymo</em></strong></span> <span class='ocrx_word' id='word_1_79' title='bbox 577 1362 697 1440; x_wconf 83' lang='lat' dir='ltr'><strong><em>placuit</em></strong></span> <span class='ocrx_word' id='word_1_80' title='bbox 719 1365 749 1423; x_wconf 91' lang='lat' dir='ltr'><strong><em>in</em></strong></span> <span class='ocrx_word' id='word_1_81' title='bbox 773 1363 833 1423; x_wconf 91' lang='lat' dir='ltr'><strong><em>hoe</em></strong></span> <span class='ocrx_word' id='word_1_82' title='bbox 855 1363 928 1425; x_wconf 90' lang='lat' dir='ltr'><strong><em>loco</em></strong></span> <span class='ocrx_word' id='word_1_83' title='bbox 961 1362 1000 1425; x_wconf 88' lang='lat' dir='ltr'><strong><em>de</em></strong></span> <span class='ocrx_word' id='word_1_84' title='bbox 1031 1360 1158 1424; x_wconf 86' lang='lat' dir='ltr'><strong><em>Simone</em></strong></span> <span class='ocrx_word' id='word_1_85' title='bbox 1179 1371 1212 1424; x_wconf 88' lang='lat' dir='ltr'><strong><em>et</em></strong></span> <span class='ocrx_word' id='word_1_86' title='bbox 1292 1435 1296 1443; x_wconf 43' lang='grc'>,</span> 
     </span>
    </p>
   </div>
   <div class='ocr_carea' id='block_1_3' title="bbox 94 1459 1264 4182">
    <p class='ocr_par' dir='ltr' id='par_1_3' title="bbox 96 1459 1215 1946">
     <span class='ocr_line' id='line_1_11' title="bbox 99 1459 1210 1541; baseline -0.002 -15"><span class='ocrx_word' id='word_1_87' title='bbox 99 1462 273 1528; x_wconf 81' lang='lat' dir='ltr'><strong><em>Valentino</em></strong></span> <span class='ocrx_word' id='word_1_88' title='bbox 298 1464 476 1541; x_wconf 87' lang='lat' dir='ltr'><strong><em>disputare.</em></strong></span> <span class='ocrx_word' id='word_1_89' title='bbox 501 1462 653 1526; x_wconf 80' lang='lat' dir='ltr'><strong><em>Attamen</em></strong></span> <span class='ocrx_word' id='word_1_90' title='bbox 676 1464 706 1524; x_wconf 91' lang='lat' dir='ltr'><strong><em>in</em></strong></span> <span class='ocrx_word' id='word_1_91' title='bbox 729 1462 826 1526; x_wconf 86' lang='lat' dir='ltr'><strong><em>Libro</em></strong></span> <span class='ocrx_word' id='word_1_92' title='bbox 849 1464 903 1527; x_wconf 91' lang='lat' dir='ltr'><strong><em>vt.</em></strong></span> <span class='ocrx_word' id='word_1_93' title='bbox 927 1485 954 1529; x_wconf 93' lang='lat' dir='ltr'><strong><em>c.</em></strong></span> <span class='ocrx_word' id='word_1_94' title='bbox 979 1464 1001 1527; x_wconf 85' lang='grc' dir='ltr'><strong><em>Ι,</em></strong></span> <span class='ocrx_word' id='word_1_95' title='bbox 1027 1483 1057 1526; x_wconf 88' lang='lat' dir='ltr'><strong><em>n.</em></strong></span> <span class='ocrx_word' id='word_1_96' title='bbox 1080 1459 1130 1530; x_wconf 82' lang='lat'><strong><em>20.</em></strong></span> <span class='ocrx_word' id='word_1_97' title='bbox 1155 1464 1210 1525; x_wconf 91' lang='lat' dir='ltr'><strong><em>dn·</em></strong></span> 
     </span>
     <span class='ocr_line' id='line_1_12' title="bbox 97 1564 1208 1630; baseline 0 -1"><span class='ocrx_word' id='word_1_98' title='bbox 97 1586 174 1630; x_wconf 86' lang='lat' dir='ltr'><strong><em>oeus</em></strong></span> <span class='ocrx_word' id='word_1_99' title='bbox 195 1587 213 1629; x_wconf 94' lang='lat' dir='ltr'><strong><em>a</em></strong></span> <span class='ocrx_word' id='word_1_100' title='bbox 235 1564 364 1630; x_wconf 86' lang='lat' dir='ltr'><strong><em>Simone</em></strong></span> <span class='ocrx_word' id='word_1_101' title='bbox 386 1567 425 1628; x_wconf 85' lang='lat' dir='ltr'><strong><em>sd</em></strong></span> <span class='ocrx_word' id='word_1_102' title='bbox 449 1564 654 1629; x_wconf 87' lang='lat' dir='ltr'><strong><em>Valentinum</em></strong></span> <span class='ocrx_word' id='word_1_103' title='bbox 681 1569 841 1628; x_wconf 83' lang='lat' dir='ltr'><strong><em>transiisse</em></strong></span> <span class='ocrx_word' id='word_1_104' title='bbox 874 1569 1057 1630; x_wconf 87' lang='lat' dir='ltr'><strong><em>mendaeem</em></strong></span> <span class='ocrx_word' id='word_1_105' title='bbox 1087 1569 1208 1629; x_wconf 90' lang='lat' dir='ltr'><strong><em>doctri·</em></strong></span> 
     </span>
     <span class='ocr_line' id='line_1_13' title="bbox 98 1669 1211 1748; baseline -0.001 -18"><span class='ocrx_word' id='word_1_106' title='bbox 98 1688 197 1742; x_wconf 83' lang='lat' dir='ltr'><strong><em>narn,</em></strong></span> <span class='ocrx_word' id='word_1_107' title='bbox 231 1670 334 1748; x_wconf 86' lang='lat' dir='ltr'><strong><em>lnquit</em></strong></span> <span class='ocrx_word' id='word_1_108' title='bbox 366 1687 427 1731; x_wconf 90' lang='lat' dir='ltr'><strong><em>nnn</em></strong></span> <span class='ocrx_word' id='word_1_109' title='bbox 456 1677 578 1747; x_wconf 88' lang='lat' dir='ltr'><strong><em>septem</em></strong></span> <span class='ocrx_word' id='word_1_110' title='bbox 604 1669 657 1729; x_wconf 89' lang='lat' dir='ltr'><strong><em>sed</em></strong></span> <span class='ocrx_word' id='word_1_111' title='bbox 680 1687 736 1731; x_wconf 82' lang='lat' dir='ltr'><strong><em>sex</em></strong></span> <span class='ocrx_word' id='word_1_112' title='bbox 760 1670 928 1748; x_wconf 88' lang='lat' dir='ltr'><strong><em>principia,</em></strong></span> <span class='ocrx_word' id='word_1_113' title='bbox 952 1687 1035 1748; x_wconf 90' lang='lat' dir='ltr'><strong><em>qnae</em></strong></span> <span class='ocrx_word' id='word_1_114' title='bbox 1057 1677 1131 1730; x_wconf 90' lang='lat' dir='ltr'><strong><em>sunt</em></strong></span> <span class='ocrx_word' id='word_1_115' title='bbox 1153 1686 1211 1730; x_wconf 84' lang='lat' dir='ltr'><strong><em>sex</em></strong></span> 
     </span>
     <span class='ocr_line' id='line_1_14' title="bbox 99 1765 1215 1859; baseline -0.003 -27"><span class='ocrx_word' id='word_1_116' title='bbox 99 1772 240 1859; x_wconf 76' lang='lat' dir='ltr'><strong><em>Aeonas,</em></strong></span> <span class='ocrx_word' id='word_1_117' title='bbox 264 1771 304 1831; x_wconf 86' lang='lat' dir='ltr'><strong><em>ab</em></strong></span> <span class='ocrx_word' id='word_1_118' title='bbox 319 1773 356 1832; x_wconf 90' lang='lat' dir='ltr'><strong><em>lis</em></strong></span> <span class='ocrx_word' id='word_1_119' title='bbox 371 1765 490 1833; x_wconf 87' lang='lat' dir='ltr'><strong><em>statuta</em></strong></span> <span class='ocrx_word' id='word_1_120' title='bbox 508 1771 618 1844; x_wconf 88' lang='lat' dir='ltr'><strong><em>luisse,</em></strong></span> <span class='ocrx_word' id='word_1_121' title='bbox 635 1769 715 1831; x_wconf 86' lang='lat' dir='ltr'><strong><em>idest</em></strong></span> <span class='ocrx_word' id='word_1_122' title='bbox 733 1767 977 1849; x_wconf 74' lang='lat' dir='ltr'><strong><em>intelligentiam</em></strong></span> <span class='ocrx_word' id='word_1_123' title='bbox 992 1779 1020 1833; x_wconf 93' lang='lat' dir='ltr'><strong><em>et</em></strong></span> <span class='ocrx_word' id='word_1_124' title='bbox 1040 1769 1215 1844; x_wconf 84' lang='lat' dir='ltr'><strong><em>Veritatem,</em></strong></span> 
     </span>
     <span class='ocr_line' id='line_1_15' title="bbox 96 1870 907 1946; baseline -0.004 -11"><span class='ocrx_word' id='word_1_125' title='bbox 96 1871 278 1935; x_wconf 86' lang='lat' dir='ltr'><strong><em>Sermonem</em></strong></span> <span class='ocrx_word' id='word_1_126' title='bbox 298 1883 327 1935; x_wconf 90' lang='lat' dir='ltr'><strong><em>et</em></strong></span> <span class='ocrx_word' id='word_1_127' title='bbox 355 1870 463 1946; x_wconf 86' lang='lat' dir='ltr'><strong><em>Vitam,</em></strong></span> <span class='ocrx_word' id='word_1_128' title='bbox 485 1871 653 1935; x_wconf 85' lang='lat' dir='ltr'><strong><em>Hominem</em></strong></span> <span class='ocrx_word' id='word_1_129' title='bbox 674 1880 703 1932; x_wconf 93' lang='lat' dir='ltr'><strong><em>et</em></strong></span> <span class='ocrx_word' id='word_1_130' title='bbox 723 1870 907 1933; x_wconf 82' lang='lat' dir='ltr'><strong><em>Ecclesiam.</em></strong></span> 
     </span>
    </p>

    <p class='ocr_par' dir='ltr' id='par_1_4' title="bbox 94 1970 1264 4182">
     <span class='ocr_line' id='line_1_16' title="bbox 179 1970 1217 2055; baseline -0.003 -19"><span class='ocrx_word' id='word_1_131' title='bbox 179 1973 336 2037; x_wconf 89' lang='lat' dir='ltr'><strong><em>Similiter</em></strong></span> <span class='ocrx_word' id='word_1_132' title='bbox 357 1977 464 2035; x_wconf 81' lang='lat' dir='ltr'><strong><em>nescio</em></strong></span> <span class='ocrx_word' id='word_1_133' title='bbox 485 1974 562 2052; x_wconf 87' lang='lat' dir='ltr'><strong><em>quid</em></strong></span> <span class='ocrx_word' id='word_1_134' title='bbox 584 1972 643 2033; x_wconf 89' lang='lat' dir='ltr'><strong><em>sihi</em></strong></span> <span class='ocrx_word' id='word_1_135' title='bbox 667 1971 745 2032; x_wconf 78' lang='lat' dir='ltr'><strong><em>velit</em></strong></span> <span class='ocrx_word' id='word_1_136' title='bbox 768 1970 956 2055; x_wconf 77' lang='lat' dir='ltr'><strong><em>Anonymus</em></strong></span> <span class='ocrx_word' id='word_1_137' title='bbox 978 1973 1018 2031; x_wconf 89' lang='lat' dir='ltr'><strong><em>ab</em></strong></span> <span class='ocrx_word' id='word_1_138' title='bbox 1040 1973 1130 2033; x_wconf 90' lang='lat' dir='ltr'><strong><em>initio</em></strong></span> <span class='ocrx_word' id='word_1_139' title='bbox 1158 1971 1217 2033; x_wconf 90' lang='lat' dir='ltr'><strong><em>hu·</em></strong></span> 
     </span>
     <span class='ocr_line' id='line_1_17' title="bbox 94 2072 1216 2155; baseline -0.005 -18"><span class='ocrx_word' id='word_1_140' title='bbox 94 2075 151 2155; x_wconf 87' lang='lat' dir='ltr'><strong><em>jus</em></strong></span> <span class='ocrx_word' id='word_1_141' title='bbox 173 2077 286 2154; x_wconf 89' lang='lat' dir='ltr'><strong><em>capitis</em></strong></span> <span class='ocrx_word' id='word_1_142' title='bbox 308 2075 426 2138; x_wconf 85' lang='lat' dir='ltr'><strong><em>donans</em></strong></span> <span class='ocrx_word' id='word_1_143' title='bbox 448 2090 576 2136; x_wconf 86' lang='lat' dir='ltr'><strong><em>omnem</em></strong></span> <span class='ocrx_word' id='word_1_144' title='bbox 600 2073 667 2134; x_wconf 89' lang='lat' dir='ltr'><strong><em>lere</em></strong></span> <span class='ocrx_word' id='word_1_145' title='bbox 691 2072 848 2134; x_wconf 87' lang='lat' dir='ltr'><strong><em>haeresim</em></strong></span> <span class='ocrx_word' id='word_1_146' title='bbox 865 2090 921 2152; x_wconf 87' lang='lat' dir='ltr'><strong><em>per</em></strong></span> <span class='ocrx_word' id='word_1_147' title='bbox 937 2080 1040 2134; x_wconf 89' lang='lat' dir='ltr'><strong><em>artem</em></strong></span> <span class='ocrx_word' id='word_1_148' title='bbox 1063 2072 1216 2132; x_wconf 86' lang='lat' dir='ltr'><strong><em>arithme-</em></strong></span> 
     </span>
     <span class='ocr_line' id='line_1_18' title="bbox 100 2175 1216 2256; baseline -0.001 -19"><span class='ocrx_word' id='word_1_149' title='bbox 100 2176 196 2239; x_wconf 87' lang='lat' dir='ltr'><strong><em>ticam</em></strong></span> <span class='ocrx_word' id='word_1_150' title='bbox 219 2177 419 2256; x_wconf 80' lang='lat' dir='ltr'><strong><em>excogitasse</em></strong></span> <span class='ocrx_word' id='word_1_151' title='bbox 441 2176 680 2239; x_wconf 89' lang='lat' dir='ltr'><strong><em>hebdomadum</em></strong></span> <span class='ocrx_word' id='word_1_152' title='bbox 704 2193 871 2237; x_wconf 88' lang='lat' dir='ltr'><strong><em>mensuras</em></strong></span> <span class='ocrx_word' id='word_1_153' title='bbox 893 2183 924 2235; x_wconf 93' lang='lat' dir='ltr'><strong><em>et</em></strong></span> <span class='ocrx_word' id='word_1_154' title='bbox 947 2175 1094 2236; x_wconf 82' lang='lat' dir='ltr'><strong><em>hennum</em></strong></span> <span class='ocrx_word' id='word_1_155' title='bbox 1123 2192 1216 2252; x_wconf 86' lang='lat' dir='ltr'><strong><em>gene·</em></strong></span> 
     </span>
     <span class='ocr_line' id='line_1_19' title="bbox 99 2275 1220 2358; baseline 0 -19"><span class='ocrx_word' id='word_1_156' title='bbox 99 2281 254 2340; x_wconf 89' lang='lat' dir='ltr'><strong><em>rationes.</em></strong></span> <span class='ocrx_word' id='word_1_157' title='bbox 278 2276 430 2341; x_wconf 82' lang='lat' dir='ltr'><strong><em>Fortasse</em></strong></span> <span class='ocrx_word' id='word_1_158' title='bbox 453 2276 580 2341; x_wconf 76' lang='lat' dir='ltr'><strong><em>eluctor</em></strong></span> <span class='ocrx_word' id='word_1_159' title='bbox 603 2278 707 2339; x_wconf 89' lang='lat' dir='ltr'><strong><em>voluit</em></strong></span> <span class='ocrx_word' id='word_1_160' title='bbox 729 2277 759 2337; x_wconf 95' lang='lat' dir='ltr'><strong><em>in</em></strong></span> <span class='ocrx_word' id='word_1_161' title='bbox 781 2275 993 2337; x_wconf 88' lang='lat' dir='ltr'><strong><em>hebdomadis</em></strong></span> <span class='ocrx_word' id='word_1_162' title='bbox 1009 2280 1135 2339; x_wconf 89' lang='lat' dir='ltr'><strong><em>nomine</em></strong></span> <span class='ocrx_word' id='word_1_163' title='bbox 1152 2297 1220 2358; x_wconf 76' lang='lat' dir='ltr'><strong><em>my·</em></strong></span> 
     </span>
     <span class='ocr_line' id='line_1_20' title="bbox 97 2378 1218 2459; baseline 0 -17"><span class='ocrx_word' id='word_1_164' title='bbox 97 2380 178 2442; x_wconf 89' lang='lat' dir='ltr'><strong><em>stlce</em></strong></span> <span class='ocrx_word' id='word_1_165' title='bbox 199 2380 371 2458; x_wconf 81' lang='lat' dir='ltr'><strong><em>significari</em></strong></span> <span class='ocrx_word' id='word_1_166' title='bbox 392 2388 515 2458; x_wconf 88' lang='lat' dir='ltr'><strong><em>septem</em></strong></span> <span class='ocrx_word' id='word_1_167' title='bbox 539 2380 664 2442; x_wconf 80' lang='lat' dir='ltr'><strong><em>Aeones</em></strong></span> <span class='ocrx_word' id='word_1_168' title='bbox 689 2379 737 2440; x_wconf 87' lang='lat' dir='ltr'><strong><em>rel</em></strong></span> <span class='ocrx_word' id='word_1_169' title='bbox 762 2379 870 2440; x_wconf 90' lang='lat' dir='ltr'><strong><em>coelos</em></strong></span> <span class='ocrx_word' id='word_1_170' title='bbox 892 2378 1091 2459; x_wconf 85' lang='lat' dir='ltr'><strong><em>(dequibus</em></strong></span> <span class='ocrx_word' id='word_1_171' title='bbox 1107 2381 1218 2458; x_wconf 81' lang='lat' dir='ltr'><strong><em>inira)</em></strong></span> 
     </span>
     <span class='ocr_line' id='line_1_21' title="bbox 96 2481 1218 2561; baseline 0.002 -19"><span class='ocrx_word' id='word_1_172' title='bbox 96 2481 278 2544; x_wconf 87' lang='lat' dir='ltr'><strong><em>secundum</em></strong></span> <span class='ocrx_word' id='word_1_173' title='bbox 301 2481 509 2545; x_wconf 84' lang='lat' dir='ltr'><strong><em>hebdomadis</em></strong></span> <span class='ocrx_word' id='word_1_174' title='bbox 530 2492 653 2561; x_wconf 90' lang='lat' dir='ltr'><strong><em>septem</em></strong></span> <span class='ocrx_word' id='word_1_175' title='bbox 676 2481 763 2559; x_wconf 80' lang='lat' dir='ltr'><strong><em>dies3</em></strong></span> <span class='ocrx_word' id='word_1_176' title='bbox 786 2489 928 2542; x_wconf 87' lang='lat' dir='ltr'><strong><em>attamen</em></strong></span> <span class='ocrx_word' id='word_1_177' title='bbox 943 2481 1041 2543; x_wconf 89' lang='lat' dir='ltr'><strong><em>aliter</em></strong></span> <span class='ocrx_word' id='word_1_178' title='bbox 1055 2501 1218 2559; x_wconf 86' lang='lat' dir='ltr'><strong><em>exponen·</em></strong></span> 
     </span>
     <span class='ocr_line' id='line_1_22' title="bbox 99 2581 1219 2670; baseline 0.003 -27"><span class='ocrx_word' id='word_1_179' title='bbox 99 2584 139 2644; x_wconf 91' lang='lat' dir='ltr'><strong><em>da</em></strong></span> <span class='ocrx_word' id='word_1_180' title='bbox 163 2602 216 2645; x_wconf 88' lang='lat' dir='ltr'><strong><em>res</em></strong></span> <span class='ocrx_word' id='word_1_181' title='bbox 237 2592 317 2646; x_wconf 87' lang='lat' dir='ltr'><strong><em>crat.</em></strong></span> <span class='ocrx_word' id='word_1_182' title='bbox 341 2581 493 2646; x_wconf 86' lang='lat' dir='ltr'><strong><em>Ceteram</em></strong></span> <span class='ocrx_word' id='word_1_183' title='bbox 516 2600 591 2646; x_wconf 91' lang='lat' dir='ltr'><strong><em>cum</em></strong></span> <span class='ocrx_word' id='word_1_184' title='bbox 615 2583 657 2670; x_wconf 90' lang='lat' dir='ltr'><strong><em>ait</em></strong></span> <span class='ocrx_word' id='word_1_185' title='bbox 681 2600 791 2644; x_wconf 89' lang='lat' dir='ltr'><strong><em>omnes</em></strong></span> <span class='ocrx_word' id='word_1_186' title='bbox 814 2582 882 2656; x_wconf 86' lang='lat' dir='ltr'><strong><em>lere</em></strong></span> <span class='ocrx_word' id='word_1_187' title='bbox 899 2583 1078 2645; x_wconf 89' lang='lat' dir='ltr'><strong><em>haereticos</em></strong></span> <span class='ocrx_word' id='word_1_188' title='bbox 1099 2584 1219 2647; x_wconf 88' lang='lat' dir='ltr'><strong><em>hebdo-</em></strong></span> 
     </span>
     <span class='ocr_line' id='line_1_23' title="bbox 99 2684 1217 2765; baseline 0.004 -19"><span class='ocrx_word' id='word_1_189' title='bbox 99 2685 232 2748; x_wconf 90' lang='lat' dir='ltr'><strong><em>madum</em></strong></span> <span class='ocrx_word' id='word_1_190' title='bbox 255 2703 422 2748; x_wconf 87' lang='lat' dir='ltr'><strong><em>mensuras</em></strong></span> <span class='ocrx_word' id='word_1_191' title='bbox 443 2686 644 2765; x_wconf 80' lang='lat' dir='ltr'><strong><em>excogitasse</em></strong></span> <span class='ocrx_word' id='word_1_192' title='bbox 662 2685 692 2744; x_wconf 92' lang='lat' dir='ltr'><strong><em>in</em></strong></span> <span class='ocrx_word' id='word_1_193' title='bbox 711 2687 778 2748; x_wconf 91' lang='lat' dir='ltr'><strong><em>suis</em></strong></span> <span class='ocrx_word' id='word_1_194' title='bbox 796 2684 1021 2746; x_wconf 87' lang='lat' dir='ltr'><strong><em>concinnandis</em></strong></span> <span class='ocrx_word' id='word_1_195' title='bbox 1036 2687 1217 2763; x_wconf 87' lang='lat' dir='ltr'><strong><em>erroribus,</em></strong></span> 
     </span>
     <span class='ocr_line' id='line_1_24' title="bbox 102 2785 1218 2867; baseline 0.004 -19"><span class='ocrx_word' id='word_1_196' title='bbox 102 2786 159 2848; x_wconf 84' lang='lat' dir='ltr'><strong><em>six</em></strong></span> <span class='ocrx_word' id='word_1_197' title='bbox 180 2789 363 2858; x_wconf 86' lang='lat' dir='ltr'><strong><em>convenio,</em></strong></span> <span class='ocrx_word' id='word_1_198' title='bbox 387 2789 577 2867; x_wconf 87' lang='lat' dir='ltr'><strong><em>praesertim</em></strong></span> <span class='ocrx_word' id='word_1_199' title='bbox 600 2788 625 2848; x_wconf 91' lang='lat' dir='ltr'><strong><em>si</em></strong></span> <span class='ocrx_word' id='word_1_200' title='bbox 647 2795 764 2865; x_wconf 84' lang='lat' dir='ltr'><strong><em>agatur</em></strong></span> <span class='ocrx_word' id='word_1_201' title='bbox 787 2785 826 2848; x_wconf 88' lang='lat' dir='ltr'><strong><em>de</em></strong></span> <span class='ocrx_word' id='word_1_202' title='bbox 856 2788 1018 2864; x_wconf 79' lang='lat' dir='ltr'><strong><em>primaeva</em></strong></span> <span class='ocrx_word' id='word_1_203' title='bbox 1053 2785 1218 2852; x_wconf 82' lang='lat' dir='ltr'><strong><em>Ecclesiae</em></strong></span> 
     </span>
     <span class='ocr_line' id='line_1_25' title="bbox 98 2885 1220 2966; baseline 0.004 -19"><span class='ocrx_word' id='word_1_204' title='bbox 98 2895 216 2948; x_wconf 89' lang='lat' dir='ltr'><strong><em>aetate.</em></strong></span> <span class='ocrx_word' id='word_1_205' title='bbox 249 2886 397 2952; x_wconf 78' lang='lat' dir='ltr'><strong><em>Vestibus</em></strong></span> <span class='ocrx_word' id='word_1_206' title='bbox 427 2906 613 2966; x_wconf 77' lang='lat' dir='ltr'><strong><em>namanes.</em></strong></span> <span class='ocrx_word' id='word_1_207' title='bbox 639 2887 795 2960; x_wconf 84' lang='lat' dir='ltr'><strong><em>irenaeo,</em></strong></span> <span class='ocrx_word' id='word_1_208' title='bbox 820 2885 1024 2949; x_wconf 77' lang='lat' dir='ltr'><strong><em>Tertulliano</em></strong></span> <span class='ocrx_word' id='word_1_209' title='bbox 1046 2905 1083 2949; x_wconf 86' lang='lat' dir='ltr'><strong><em>ac</em></strong></span> <span class='ocrx_word' id='word_1_210' title='bbox 1105 2891 1220 2953; x_wconf 87' lang='lat' dir='ltr'><strong><em>deinde</em></strong></span> 
     </span>
     <span class='ocr_line' id='line_1_26' title="bbox 97 2988 1219 3069; baseline 0.004 -18"><span class='ocrx_word' id='word_1_211' title='bbox 97 3009 126 3051; x_wconf 91' lang='lat' dir='ltr'><strong><em>s.</em></strong></span> <span class='ocrx_word' id='word_1_212' title='bbox 143 2988 336 3068; x_wconf 84' lang='lat' dir='ltr'><strong><em>Epiphanio,</em></strong></span> <span class='ocrx_word' id='word_1_213' title='bbox 355 2991 559 3053; x_wconf 86' lang='lat' dir='ltr'><strong><em>valentiniani</em></strong></span> <span class='ocrx_word' id='word_1_214' title='bbox 581 2990 700 3062; x_wconf 89' lang='lat' dir='ltr'><strong><em>solum,</em></strong></span> <span class='ocrx_word' id='word_1_215' title='bbox 724 2991 840 3051; x_wconf 87' lang='lat' dir='ltr'><strong><em>ceteris</em></strong></span> <span class='ocrx_word' id='word_1_216' title='bbox 858 2990 1013 3063; x_wconf 81' lang='lat' dir='ltr'><strong><em>exclusis,</em></strong></span> <span class='ocrx_word' id='word_1_217' title='bbox 1033 3000 1219 3069; x_wconf 89' lang='lat' dir='ltr'><strong><em>arguuntur</em></strong></span> 
     </span>
     <span class='ocr_line' id='line_1_27' title="bbox 100 3088 1219 3174; baseline 0 -21"><span class='ocrx_word' id='word_1_218' title='bbox 100 3091 143 3153; x_wconf 87' lang='lat' dir='ltr'><strong><em>ab</em></strong></span> <span class='ocrx_word' id='word_1_219' title='bbox 165 3090 286 3169; x_wconf 80' lang='lat' dir='ltr'><strong><em>eisdem</em></strong></span> <span class='ocrx_word' id='word_1_220' title='bbox 309 3092 408 3172; x_wconf 74' lang='lat' dir='ltr'><strong><em>huius</em></strong></span> <span class='ocrx_word' id='word_1_221' title='bbox 430 3092 555 3174; x_wconf 80' lang='lat' dir='ltr'><strong><em>mystici</em></strong></span> <span class='ocrx_word' id='word_1_222' title='bbox 578 3092 723 3169; x_wconf 90' lang='lat' dir='ltr'><strong><em>computi</em></strong></span> <span class='ocrx_word' id='word_1_223' title='bbox 750 3090 944 3150; x_wconf 84' lang='lat' dir='ltr'><strong><em>inventores.</em></strong></span> <span class='ocrx_word' id='word_1_224' title='bbox 971 3088 1077 3169; x_wconf 89' lang='lat' dir='ltr'><strong><em>lnquit</em></strong></span> <span class='ocrx_word' id='word_1_225' title='bbox 1100 3109 1126 3152; x_wconf 87' lang='lat' dir='ltr'><strong><em>s.</em></strong></span> <span class='ocrx_word' id='word_1_226' title='bbox 1154 3091 1219 3154; x_wconf 93' lang='lat' dir='ltr'><strong><em>lre-</em></strong></span> 
     </span>
     <span class='ocr_line' id='line_1_28' title="bbox 102 3189 1216 3269; baseline 0 -14"><span class='ocrx_word' id='word_1_227' title='bbox 102 3212 203 3255; x_wconf 89' lang='lat' dir='ltr'><strong><em>naeus</em></strong></span> <span class='ocrx_word' id='word_1_228' title='bbox 225 3194 257 3253; x_wconf 92' lang='lat' dir='ltr'><strong><em>in</em></strong></span> <span class='ocrx_word' id='word_1_229' title='bbox 279 3192 376 3255; x_wconf 85' lang='lat' dir='ltr'><strong><em>Libro</em></strong></span> <span class='ocrx_word' id='word_1_230' title='bbox 396 3191 417 3252; x_wconf 93' lang='lat' dir='ltr'><strong><em>l.</em></strong></span> <span class='ocrx_word' id='word_1_231' title='bbox 435 3212 463 3255; x_wconf 88' lang='lat' dir='ltr'><strong><em>c.</em></strong></span> <span class='ocrx_word' id='word_1_232' title='bbox 481 3191 518 3255; x_wconf 83' lang='lat' dir='ltr'><strong><em>V.</em></strong></span> <span class='ocrx_word' id='word_1_233' title='bbox 536 3212 564 3253; x_wconf 85' lang='lat' dir='ltr'><strong><em>n.</em></strong></span> <span class='ocrx_word' id='word_1_234' title='bbox 580 3191 610 3255; x_wconf 79' lang='grc'><strong><em>2,</em></strong></span> <span class='ocrx_word' id='word_1_235' title='bbox 628 3213 644 3250; x_wconf 92' lang='grc'>«</span> <span class='ocrx_word' id='word_1_236' title='bbox 663 3191 776 3269; x_wconf 89' lang='lat' dir='ltr'><strong><em>ltaque</em></strong></span> <span class='ocrx_word' id='word_1_237' title='bbox 801 3190 928 3251; x_wconf 86' lang='lat' dir='ltr'><strong><em>Patrem</em></strong></span> <span class='ocrx_word' id='word_1_238' title='bbox 952 3209 1027 3252; x_wconf 90' lang='lat' dir='ltr'><strong><em>eum</em></strong></span> <span class='ocrx_word' id='word_1_239' title='bbox 1050 3208 1088 3252; x_wconf 90' lang='lat' dir='ltr'><strong><em>ac</em></strong></span> <span class='ocrx_word' id='word_1_240' title='bbox 1111 3189 1216 3255; x_wconf 87' lang='lat' dir='ltr'><strong><em>Deum</em></strong></span> 
     </span>
     <span class='ocr_line' id='line_1_29' title="bbox 101 3290 1221 3373; baseline -0.004 -18"><span class='ocrx_word' id='word_1_241' title='bbox 101 3310 231 3369; x_wconf 83' lang='lat' dir='ltr'><strong><em>corum,</em></strong></span> <span class='ocrx_word' id='word_1_242' title='bbox 254 3311 339 3372; x_wconf 88' lang='lat' dir='ltr'><strong><em>qnae</em></strong></span> <span class='ocrx_word' id='word_1_243' title='bbox 360 3304 453 3356; x_wconf 83' lang='lat' dir='ltr'><strong><em>extra</em></strong></span> <span class='ocrx_word' id='word_1_244' title='bbox 476 3294 621 3373; x_wconf 82' lang='lat' dir='ltr'><strong><em>pleroma</em></strong></span> <span class='ocrx_word' id='word_1_245' title='bbox 645 3300 732 3366; x_wconf 91' lang='lat' dir='ltr'><strong><em>sunt,</em></strong></span> <span class='ocrx_word' id='word_1_246' title='bbox 750 3292 895 3354; x_wconf 81' lang='lat' dir='ltr'><strong><em>extitisse</em></strong></span> <span class='ocrx_word' id='word_1_247' title='bbox 913 3290 1024 3352; x_wconf 88' lang='lat' dir='ltr'><strong><em>dicunt</em></strong></span> <span class='ocrx_word' id='word_1_248' title='bbox 1043 3336 1050 3350; x_wconf 91' lang='lat'><strong>.</strong></span> <span class='ocrx_word' id='word_1_249' title='bbox 1069 3336 1075 3350; x_wconf 91' lang='lat'><strong>.</strong></span> <span class='ocrx_word' id='word_1_250' title='bbox 1094 3336 1101 3350; x_wconf 93' lang='lat'><strong>.</strong></span> <span class='ocrx_word' id='word_1_251' title='bbox 1120 3292 1221 3373; x_wconf 80' lang='lat' dir='ltr'><strong><em>‚Sep-</em></strong></span> 
     </span>
     <span class='ocr_line' id='line_1_30' title="bbox 104 3393 1221 3472; baseline 0.003 -18"><span class='ocrx_word' id='word_1_252' title='bbox 104 3403 168 3455; x_wconf 86' lang='lat' dir='ltr'><strong><em>tem</em></strong></span> <span class='ocrx_word' id='word_1_253' title='bbox 190 3395 275 3455; x_wconf 87' lang='lat' dir='ltr'><strong><em>oniru</em></strong></span> <span class='ocrx_word' id='word_1_254' title='bbox 298 3393 408 3456; x_wconf 88' lang='lat' dir='ltr'><strong><em>coelos</em></strong></span> <span class='ocrx_word' id='word_1_255' title='bbox 428 3396 468 3455; x_wconf 88' lang='lat' dir='ltr'><strong><em>ah</em></strong></span> <span class='ocrx_word' id='word_1_256' title='bbox 490 3414 529 3455; x_wconf 91' lang='lat' dir='ltr'><strong><em>eo</em></strong></span> <span class='ocrx_word' id='word_1_257' title='bbox 551 3395 695 3456; x_wconf 89' lang='lat' dir='ltr'><strong><em>conditos</em></strong></span> <span class='ocrx_word' id='word_1_258' title='bbox 719 3393 828 3466; x_wconf 87' lang='lat' dir='ltr'><strong><em>luisse,</em></strong></span> <span class='ocrx_word' id='word_1_259' title='bbox 841 3410 940 3472; x_wconf 90' lang='lat' dir='ltr'><strong><em>supra</em></strong></span> <span class='ocrx_word' id='word_1_260' title='bbox 957 3410 1040 3472; x_wconf 88' lang='lat' dir='ltr'><strong><em>quos</em></strong></span> <span class='ocrx_word' id='word_1_261' title='bbox 1061 3412 1135 3456; x_wconf 90' lang='lat' dir='ltr'><strong><em>eum</em></strong></span> <span class='ocrx_word' id='word_1_262' title='bbox 1151 3413 1221 3457; x_wconf 89' lang='lat' dir='ltr'><strong><em>esse</em></strong></span> 
     </span>
     <span class='ocr_line' id='line_1_31' title="bbox 101 3494 1221 3577; baseline 0 -21"><span class='ocrx_word' id='word_1_263' title='bbox 101 3494 218 3576; x_wconf 73' lang='lat' dir='ltr'><strong><em>ajunt,</em></strong></span> <span class='ocrx_word' id='word_1_264' title='bbox 240 3503 272 3556; x_wconf 90' lang='lat' dir='ltr'><strong><em>et</em></strong></span> <span class='ocrx_word' id='word_1_265' title='bbox 292 3495 334 3556; x_wconf 90' lang='lat' dir='ltr'><strong><em>oh</em></strong></span> <span class='ocrx_word' id='word_1_266' title='bbox 356 3498 386 3558; x_wconf 93' lang='lat' dir='ltr'><strong><em>id</em></strong></span> <span class='ocrx_word' id='word_1_267' title='bbox 411 3494 652 3558; x_wconf 89' lang='lat' dir='ltr'><strong><em>Hebdomadem</em></strong></span> <span class='ocrx_word' id='word_1_268' title='bbox 675 3513 749 3559; x_wconf 89' lang='lat' dir='ltr'><strong><em>eum</em></strong></span> <span class='ocrx_word' id='word_1_269' title='bbox 772 3495 937 3577; x_wconf 89' lang='lat' dir='ltr'><strong><em>appellant</em></strong></span> <span class='ocrx_word' id='word_1_270' title='bbox 961 3541 969 3557; x_wconf 89' lang='lat'><strong>.</strong></span> <span class='ocrx_word' id='word_1_271' title='bbox 996 3540 1003 3555; x_wconf 88' lang='lat'>.</span> <span class='ocrx_word' id='word_1_272' title='bbox 1030 3541 1036 3555; x_wconf 94' lang='lat'>.</span> <span class='ocrx_word' id='word_1_273' title='bbox 1062 3540 1068 3554; x_wconf 91' lang='lat'>.</span> <span class='ocrx_word' id='word_1_274' title='bbox 1092 3496 1221 3575; x_wconf 89' lang='lat' dir='ltr'><strong><em>Septem</em></strong></span> 
     </span>
     <span class='ocr_line' id='line_1_32' title="bbox 102 3596 1219 3677; baseline 0.002 -21"><span class='ocrx_word' id='word_1_275' title='bbox 102 3613 205 3676; x_wconf 89' lang='lat' dir='ltr'><strong><em>porro</em></strong></span> <span class='ocrx_word' id='word_1_276' title='bbox 227 3596 285 3658; x_wconf 90' lang='lat' dir='ltr'><strong><em>hos</em></strong></span> <span class='ocrx_word' id='word_1_277' title='bbox 306 3599 414 3658; x_wconf 89' lang='lat' dir='ltr'><strong><em>coelos</em></strong></span> <span class='ocrx_word' id='word_1_278' title='bbox 429 3599 614 3675; x_wconf 85' lang='lat' dir='ltr'><strong><em>spirituales</em></strong></span> <span class='ocrx_word' id='word_1_279' title='bbox 629 3615 697 3659; x_wconf 88' lang='lat' dir='ltr'><strong><em>esse</em></strong></span> <span class='ocrx_word' id='word_1_280' title='bbox 713 3597 824 3677; x_wconf 80' lang='lat' dir='ltr'><strong><em>ajunt3</em></strong></span> <span class='ocrx_word' id='word_1_281' title='bbox 839 3597 1038 3676; x_wconf 87' lang='lat' dir='ltr'><strong><em>angelosque</em></strong></span> <span class='ocrx_word' id='word_1_282' title='bbox 1055 3598 1139 3676; x_wconf 88' lang='lat' dir='ltr'><strong><em>ipsos</em></strong></span> <span class='ocrx_word' id='word_1_283' title='bbox 1156 3607 1219 3658; x_wconf 89' lang='lat' dir='ltr'><strong><em>sta·</em></strong></span> 
     </span>
     <span class='ocr_line' id='line_1_33' title="bbox 102 3693 1264 3783; baseline 0.002 -25"><span class='ocrx_word' id='word_1_284' title='bbox 102 3706 210 3761; x_wconf 81' lang='lat' dir='ltr'><strong><em>luunt.</em></strong></span> <span class='ocrx_word' id='word_1_285' title='bbox 234 3715 250 3754; x_wconf 82' lang='lat' dir='ltr'><strong><em>s</em></strong></span> <span class='ocrx_word' id='word_1_286' title='bbox 274 3693 317 3759; x_wconf 78' lang='lat' dir='ltr'><strong><em>tte</em></strong></span> <span class='ocrx_word' id='word_1_287' title='bbox 345 3701 389 3760; x_wconf 87' lang='lat' dir='ltr'><strong><em>ita</em></strong></span> <span class='ocrx_word' id='word_1_288' title='bbox 419 3697 547 3760; x_wconf 85' lang='lat' dir='ltr'><strong><em>conficit</em></strong></span> <span class='ocrx_word' id='word_1_289' title='bbox 578 3699 770 3783; x_wconf 77' lang='lat' dir='ltr'><strong><em>Anonymus</em></strong></span> <span class='ocrx_word' id='word_1_290' title='bbox 800 3698 897 3759; x_wconf 85' lang='lat' dir='ltr'><strong><em>libros</em></strong></span> <span class='ocrx_word' id='word_1_291' title='bbox 931 3695 982 3756; x_wconf 85' lang='lat' dir='ltr'><strong><em>lV.</em></strong></span> <span class='ocrx_word' id='word_1_292' title='bbox 1009 3696 1219 3776; x_wconf 75' lang='lat' dir='ltr'><strong><em>Paitosoptc·</em></strong></span> <span class='ocrx_word' id='word_1_293' title='bbox 1262 3721 1264 3726; x_wconf 93' lang='lat'>·</span> 
     </span>
     <span class='ocr_line' id='line_1_34' title="bbox 99 3794 1221 3879; baseline -0.001 -21"><span class='ocrx_word' id='word_1_294' title='bbox 99 3815 229 3874; x_wconf 87' lang='lat' dir='ltr'><strong><em>menon,</em></strong></span> <span class='ocrx_word' id='word_1_295' title='bbox 252 3798 334 3861; x_wconf 88' lang='lat' dir='ltr'><strong><em>idest</em></strong></span> <span class='ocrx_word' id='word_1_296' title='bbox 355 3816 438 3879; x_wconf 89' lang='lat' dir='ltr'><strong><em>quae</em></strong></span> <span class='ocrx_word' id='word_1_297' title='bbox 459 3817 477 3860; x_wconf 90' lang='lat' dir='ltr'><strong><em>a</em></strong></span> <span class='ocrx_word' id='word_1_298' title='bbox 501 3800 613 3878; x_wconf 88' lang='lat' dir='ltr'><strong><em>priscis</em></strong></span> <span class='ocrx_word' id='word_1_299' title='bbox 643 3797 904 3878; x_wconf 87' lang='lat' dir='ltr'><strong><em>philosophisde</em></strong></span> <span class='ocrx_word' id='word_1_300' title='bbox 927 3794 995 3858; x_wconf 86' lang='lat' dir='ltr'><strong><em>Deo</em></strong></span> <span class='ocrx_word' id='word_1_301' title='bbox 1017 3798 1109 3860; x_wconf 89' lang='lat' dir='ltr'><strong><em>etde</em></strong></span> <span class='ocrx_word' id='word_1_302' title='bbox 1131 3816 1221 3858; x_wconf 87' lang='lat' dir='ltr'><strong><em>orca·</em></strong></span> 
     </span>
     <span class='ocr_line' id='line_1_35' title="bbox 102 3892 1221 3978; baseline -0.002 -17"><span class='ocrx_word' id='word_1_303' title='bbox 102 3900 187 3962; x_wconf 88' lang='lat' dir='ltr'><strong><em>tione</em></strong></span> <span class='ocrx_word' id='word_1_304' title='bbox 208 3901 338 3962; x_wconf 78' lang='lat' dir='ltr'><strong><em>iuventa</em></strong></span> <span class='ocrx_word' id='word_1_305' title='bbox 357 3908 452 3976; x_wconf 89' lang='lat' dir='ltr'><strong><em>sunt,</em></strong></span> <span class='ocrx_word' id='word_1_306' title='bbox 478 3892 665 3978; x_wconf 84' lang='lat' dir='ltr'><strong><em>exponens,</em></strong></span> <span class='ocrx_word' id='word_1_307' title='bbox 691 3899 855 3962; x_wconf 90' lang='lat' dir='ltr'><strong><em>nonnullis</em></strong></span> <span class='ocrx_word' id='word_1_308' title='bbox 876 3898 1031 3960; x_wconf 89' lang='lat' dir='ltr'><strong><em>consertis</em></strong></span> <span class='ocrx_word' id='word_1_309' title='bbox 1058 3899 1097 3960; x_wconf 91' lang='lat' dir='ltr'><strong><em>de</em></strong></span> <span class='ocrx_word' id='word_1_310' title='bbox 1118 3896 1221 3960; x_wconf 91' lang='lat' dir='ltr'><strong><em>Simo·</em></strong></span> 
     </span>
     <span class='ocr_line' id='line_1_36' title="bbox 102 3998 1222 4078; baseline 0.001 -17"><span class='ocrx_word' id='word_1_311' title='bbox 102 4019 142 4062; x_wconf 92' lang='lat' dir='ltr'><strong><em>ue</em></strong></span> <span class='ocrx_word' id='word_1_312' title='bbox 162 4008 195 4064; x_wconf 87' lang='lat' dir='ltr'><strong><em>et</em></strong></span> <span class='ocrx_word' id='word_1_313' title='bbox 216 4001 257 4063; x_wconf 91' lang='lat' dir='ltr'><strong><em>de</em></strong></span> <span class='ocrx_word' id='word_1_314' title='bbox 274 3998 444 4064; x_wconf 89' lang='lat' dir='ltr'><strong><em>Valentino</em></strong></span> <span class='ocrx_word' id='word_1_315' title='bbox 466 4001 649 4074; x_wconf 83' lang='lat' dir='ltr'><strong><em>haereticis,</em></strong></span> <span class='ocrx_word' id='word_1_316' title='bbox 672 4009 702 4062; x_wconf 90' lang='lat' dir='ltr'><strong><em>et</em></strong></span> <span class='ocrx_word' id='word_1_317' title='bbox 725 3999 765 4062; x_wconf 94' lang='lat' dir='ltr'><strong><em>de</em></strong></span> <span class='ocrx_word' id='word_1_318' title='bbox 786 3999 990 4076; x_wconf 88' lang='lat' dir='ltr'><strong><em>eahhalistis;</em></strong></span> <span class='ocrx_word' id='word_1_319' title='bbox 1013 4017 1097 4078; x_wconf 85' lang='lat' dir='ltr'><strong><em>quae</em></strong></span> <span class='ocrx_word' id='word_1_320' title='bbox 1119 4002 1151 4060; x_wconf 93' lang='lat' dir='ltr'><strong><em>in</em></strong></span> <span class='ocrx_word' id='word_1_321' title='bbox 1173 4019 1222 4062; x_wconf 86' lang='lat' dir='ltr'><strong><em>se-</em></strong></span> 
     </span>
     <span class='ocr_line' id='line_1_37' title="bbox 105 4093 1122 4182; baseline -0.007 -16"><span class='ocrx_word' id='word_1_322' title='bbox 105 4115 243 4182; x_wconf 84' lang='lat' dir='ltr'><strong><em>quentes</em></strong></span> <span class='ocrx_word' id='word_1_323' title='bbox 270 4104 371 4168; x_wconf 79' lang='lat' dir='ltr'><strong><em>libros</em></strong></span> <span class='ocrx_word' id='word_1_324' title='bbox 394 4102 616 4168; x_wconf 76' lang='lat' dir='ltr'><strong><em>transferenda</em></strong></span> <span class='ocrx_word' id='word_1_325' title='bbox 638 4113 741 4164; x_wconf 87' lang='lat' dir='ltr'><strong><em>erant.</em></strong></span> <span class='ocrx_word' id='word_1_326' title='bbox 1116 4093 1122 4098; x_wconf 84' lang='grc'><strong>’</strong></span> 
     </span>
    </p>
   </div>
   <div class='ocr_carea' id='block_1_4' title="bbox 533 4239 795 4279">
    <p class='ocr_par' dir='ltr' id='par_1_5' title="bbox 533 4239 795 4279">
     <span class='ocr_line' id='line_1_38' title="bbox 533 4239 795 4279; baseline -0.008 -7"><span class='ocrx_word' id='word_1_327' title='bbox 533 4239 795 4279; x_wconf 52' lang='lat' dir='ltr'>..Q—-</span> 
     </span>
    </p>
   </div>
   <div class='ocr_carea' id='block_1_5' title="bbox 0 0 1462 4784">
    <p class='ocr_par' dir='ltr' id='par_1_6' title="bbox 0 0 1462 4784">
     <span class='ocr_line' id='line_1_39' title="bbox 0 0 1462 4784; baseline 0 0"><span class='ocrx_word' id='word_1_328' title='bbox 0 0 1462 4784; x_wconf 95' lang='lat' dir='ltr'><strong><em> </em></strong></span> 
     </span>
    </p>
   </div>
  </div>
 </body>
</html>
