2886 4784
253 350 377 515 :grum
401 450 455 513 ubi
478 450 632 513 orationis
654 448 736 512 ordo
757 448 788 514 lo
811 447 860 511 bis
883 447 1019 513 verbis?
1042 447 1143 512 Antea
1164 448 1241 513 dicit
1266 468 1302 514 se
1323 466 1377 514 sa·

251 557 325 617 cros
347 569 579 614 naasssnorum
602 553 683 614 ritus
698 552 942 630 expositurum,
959 551 1074 614 deinde
1090 551 1224 614 illorum
1240 551 1377 631 dogma·

256 664 300 717 ta.
325 652 477 716 Attamen
500 654 734 732 praetermissis
756 655 884 727 ritibus,
907 654 1014 716 statim
1038 653 1171 716 illorum
1192 655 1377 716 doctrinam

255 754 419 836 expendit.
437 753 535 818 Aliud
556 755 686 834 quidem
708 764 756 818 est
777 764 884 818 sectae
902 755 1060 818 ibeoriam
1074 773 1217 830 censere,
1235 764 1266 818 et
1280 754 1375 818 aliud

253 858 338 922 ritus
360 857 505 938 ejusdem
522 865 687 920 externos.
709 855 740 921 S.
765 854 964 936 Epiphanius
986 864 1165 936 utrumque
1187 859 1313 920 notarii
1334 856 1376 920 de

254 958 374 1024 eisdem
400 959 431 1020 in
454 956 590 1021 Haeresi
613 957 664 1022 37.
688 977 719 1020 n.
738 955 770 1021 5.
798 979 814 1017 a
839 956 942 1037 lgitur
962 965 1098 1036 propter
1120 958 1214 1034 hanc,
1236 958 1304 1033 ait,
1330 959 1374 1021 ab

253 1061 311 1125 illo
333 1079 517 1125 concessam
540 1062 706 1125 scientiam
724 1061 872 1123 venerari
893 1078 927 1121 se
948 1056 1136 1139 Serpentem
1154 1059 1312 1134 latentur,
1328 1060 1376 1122 el·

252 1181 317 1242 que
339 1180 453 1240 paoem
477 1164 609 1240 insuper
631 1161 799 1240 objiciunt.
823 1157 945 1222 Verum
980 1162 1098 1240 quippe
1124 1160 1314 1240 Serpentem
1340 1163 1374 1225 in

252 1266 330 1329 cista
353 1264 516 1336 nutriunt,
540 1281 637 1343 quem
661 1264 893 1347 mysteriorum
918 1271 1064 1344 tempore
1091 1263 1215 1342 stipatis
1238 1264 1278 1327 ad
1299 1264 1375 1344 ejus

254 1384 426 1430 cavernam
450 1367 481 1426 in
504 1383 610 1426 mensa
636 1367 782 1443 panibus,
800 1365 961 1427 invitant.
988 1409 995 1427 .
1020 1361 1136 1427 .llanc
1150 1365 1280 1444 quidem
1297 1366 1378 1429 ado-

254 1475 326 1528 rant
349 1467 459 1528 miseri
481 1473 513 1528 et
537 1473 652 1529 vocant
675 1465 911 1529 Eucharistiam
933 1473 999 1528 etc.
1021 1483 1038 1521 a
1066 1463 1108 1528 lli
1133 1466 1194 1528 boc
1220 1466 1305 1529 idem
1331 1466 1375 1529 ab

255 1566 425 1650 duonpmo
448 1566 644 1646 explendum
668 1579 749 1629 erat.
768 1563 864 1640 Quod
889 1573 994 1628 tamen
1015 1583 1072 1628 nec
1095 1567 1148 1628 h'r'c
1162 1584 1221 1628 nec
1240 1571 1374 1647 postea,

253 1686 312 1731 nce
344 1686 487 1748 uuquam
518 1668 649 1747 exegit3
680 1669 734 1729 sed
766 1668 837 1748 eJns
868 1666 942 1729 loco
972 1666 1012 1729 de
1042 1668 1183 1730 universi
1204 1666 1376 1749 principio

256 1788 372 1832 eorum
394 1769 572 1833 doctrinam
595 1772 740 1848 exponit.
758 1768 827 1833 Nec
849 1769 924 1830 item
947 1777 1082 1831 cunctos
1105 1787 1220 1832 eorum
1242 1785 1376 1832 errores

253 1878 345 1933 notat
366 1888 423 1932 neo
445 1870 604 1944 confutat,
627 1873 842 1934 asserentium
859 1888 912 1931 ex.
930 1887 960 1949 g.
978 1868 1144 1934 Christum
1159 1888 1223 1934 uon
1244 1871 1276 1932 iu
1296 1871 1376 1934 snb·

255 1975 370 2036 stantia
394 1973 499 2036 carnis
523 1973 642 2035 inisse:
667 1991 724 2035 occ
747 1974 885 2035 salutem
909 1971 1014 2034 carnis
1033 1972 1225 2051 sperandam
1242 1975 1376 2036 omniuo

251 2092 343 2137 esse:
365 2075 455 2155 quod
480 2085 585 2137 tamen
608 2075 647 2136 ab
669 2076 762 2137 initio
784 2093 817 2137 sc
840 2074 1007 2137 lucturum
1031 2075 1171 2137 dixerat.

335 2176 415 2240 ltem
438 2177 544 2239 nescio
567 2195 628 2239 cur
651 2177 777 2239 Auctor
798 2179 828 2238 in
850 2197 877 2248 e.
904 2174 944 2238 ll.
969 2175 1068 2256 hujus
1092 2173 1180 2238 Libri
1203 2171 1242 2237 V.
1266 2193 1298 2236 n.
1314 2171 1368 2240 12.

254 2278 320 2340 ait:
349 2298 365 2336 a
392 2275 450 2340 Est
472 2279 568 2338 etiam
592 2278 708 2366 etalia
733 2278 875 2339 haeresis
899 2277 1059 2357 quaedam
1084 2278 1251 2355 peratica3
1276 2273 1376 2355 eujus

252 2379 283 2441 in
306 2377 470 2443 Christum
494 2378 676 2440 convicium
702 2378 823 2440 multos
846 2395 904 2457 per
924 2394 1024 2439 annos
1045 2378 1152 2441 latuit.
1175 2373 1282 2458 llujus
1305 2377 1377 2458 pla·

252 2489 303 2545 cet
325 2499 409 2544 nunc
431 2487 556 2542 secreta
581 2480 731 2559 mysteria
755 2479 786 2539 in
808 2479 915 2542 lucem
943 2480 1101 2559 prolerre.
1132 2496 1149 2536 a
1179 2478 1377 2543 Peratnrum

252 2584 336 2646 euim
359 2599 480 2653 error,
504 2581 640 2643 mutatis
663 2581 886 2643 tantummodo
908 2582 1112 2655 nominibus,
1136 2579 1219 2642 idem
1241 2589 1314 2644 erat
1337 2599 1378 2645 ac

251 2685 439 2763 ophitarum
461 2691 494 2744 et
513 2683 765 2758 sethianorum,
796 2685 970 2746 universae
1002 2682 1168 2748 Ecclesiae
1189 2700 1207 2745 a
1227 2685 1377 2749 secundo

220 2788 223 2795 '
253 2785 373 2853 Christi
390 2783 523 2847 saeculo
545 2785 728 2847 notissimus
740 2803 751 2861 3
775 2785 869 2866 cujus
892 2789 1092 2864 praesertim
1105 2786 1280 2848 meminere
1303 2783 1381 2850 Cle·

220 2886 225 2893 '
254 2905 342 2949 mens
364 2884 595 2947 alexandrinus
617 2892 648 2947 et
670 2883 828 2964 Origenes
849 2887 880 2947 in
903 2885 1002 2949 Libro
1024 2886 1080 2949 Vl.
1097 2896 1209 2950 contra
1225 2882 1375 2962 Celsum,

253 2989 307 3051 cui
329 2987 401 3049 ideo
424 2986 603 3064 exprobrat
626 2988 712 3066 quod
730 2989 770 3049 ab
787 2989 834 3050 bis
851 2997 1020 3053 mutuatus
1033 2991 1073 3051 sit
1088 2989 1304 3068 blasphemias
1319 2989 1379 3051 ad-

256 3106 369 3153 versus
391 3086 516 3152 lesum.
976 3164 979 3170 .

334 3187 448 3269 Neque
471 3193 590 3252 iterum
614 3180 786 3269 Anonymo
802 3195 1005 3266 conveniam,
1022 3192 1099 3255 dum
1115 3191 1265 3254 absolute
1279 3191 1328 3254 ait
1342 3210 1375 3255 n.

252 3288 303 3356 13.
328 3300 515 3370 perstarem
538 3308 702 3353 sermones
725 3309 787 3352 uon
810 3291 928 3356 Christi
951 3312 1019 3355 esse
1040 3293 1094 3355 sed
1117 3291 1374 3373 astrologorum.

256 3393 304 3456 Ex
329 3394 397 3473 ipsa
421 3393 505 3454 cuim
527 3390 724 3452 discussione
747 3401 848 3468 patet,
872 3394 930 3457 bos
953 3394 1135 3456 haereticos
1149 3412 1210 3476 pro
1222 3396 1290 3458 suis
1307 3397 1379 3478 pla·

255 3496 325 3558 citis
347 3511 445 3572 saepe
466 3494 568 3555 citare
584 3489 783 3570 Scripturas,
799 3497 985 3572 saepissime
1007 3496 1260 3559 cabbalistarum
1283 3515 1379 3563 more

254 3595 455 3676 explanatas.
483 3591 542 3654 Ex.
568 3611 598 3670 g.
622 3612 652 3654 u.
675 3590 725 3658 12.
750 3595 789 3656 de
805 3599 934 3660 homine
948 3598 1006 3675 qui
1020 3597 1203 3677 appellatus
1218 3606 1267 3662 est
1280 3594 1379 3663 Chri·

256 3706 326 3758 stus
348 3695 518 3774 inquiunt:
536 3715 552 3751 a
569 3691 609 3756 Et
633 3695 693 3755 hoc
715 3697 891 3775 essequod
913 3697 1036 3762 dictum
1058 3708 1126 3762 est:
1143 3697 1260 3763 Totam
1275 3701 1380 3781 pleni·

257 3796 400 3860 tudinem
423 3797 454 3856 in
477 3797 545 3874 ipso
568 3797 788 3873 corporaliter
809 3799 990 3862 inhabitare
1013 3800 1130 3875 uoluit,
1146 3810 1179 3864 et
1192 3802 1225 3864 in
1240 3803 1312 3881 ipso
1329 3812 1377 3866 to·

256 3907 287 3957 ta
311 3894 460 3959 divinitas
482 3903 530 3957 est
545 3897 591 3958 sie
607 3896 728 3958 divisae
751 3897 872 3960 triadis.
890 3917 906 3955 a
923 3897 999 3961 ldeo
1016 3901 1132 3963 saltem
1146 3901 1321 3967 dicendum
1335 3905 1377 3968 si·

258 3996 288 4057 bi
312 3995 425 4058 luisset
446 4005 574 4075 perstas
589 3995 710 4060 Christi
731 4001 936 4064 sermonibus
950 4002 1081 4076 abusos,
1103 4002 1144 4065 ad
1161 4004 1375 4086 astrologiam

258 4095 420 4159 retulisse.

336 4194 453 4273 Quoad
471 4216 549 4264 roro
565 4202 701 4264 istorum
724 4201 985 4285 dogmata,·hace
1005 4204 1158 4282 specialia
1179 4215 1282 4272 uolat:
1299 4204 1371 4272 «lli
