2886 4784
1234 347 1276 415 35

607 447 748 513 uatus
773 447 830 510 iii.

158 649 472 733 mendicaturus.
499 649 675 730 Professore
697 649 928 731 Herpenrdtber
949 649 1066 730 objecta
1086 649 1174 714 circa
1196 649 1276 715 Cort-

198 751 269 814 ciiii
298 750 326 815 V.
351 761 425 816 acta
448 751 484 813 in
516 750 608 814 Temo
640 750 660 813 Ι
664 749 692 814 t'.
715 751 871 814 discussa.
904 750 944 813 Et
968 751 1111 831 primum
1133 752 1169 814 dc
1191 751 1279 815 Ana·

164 864 169 872 '
199 851 292 917 stasis'
315 850 553 916 Btotiottacarti
578 852 767 915 auctoritate
794 851 829 915 in
854 850 922 915 oitu
943 850 1078 931 Apupett'
1090 895 1100 929 ,
1124 849 1256 915 Siiorrir'
1267 895 1276 929 ,

206 953 316 1035 Vipiit's'
336 965 364 1017 ct
387 954 512 1034 Pelagii
534 953 558 1016 Ι.

157 1198 268 1324 Cum
291 1260 382 1338 parvi
413 1261 563 1323 momenti
594 1267 765 1337 reputetur
794 1277 929 1322 censura
960 1277 976 1321 a
1009 1279 1036 1322 c.
1063 1258 1132 1320 viro
1160 1265 1273 1322 exacta

161 1363 196 1424 in
219 1369 283 1423 tres
304 1356 422 1422 Tomos
439 1360 617 1440 Apologiae
638 1358 799 1440 Origenis,
824 1361 879 1436 (de
901 1379 965 1442 qua
989 1369 1093 1422 tameo
1115 1359 1191 1421 aiibi
1214 1360 1277 1422 erit

160 1466 273 1543 aptior
304 1461 480 1523 disserendi
512 1460 629 1536 locus)
665 1460 811 1541 ejusdem
846 1463 948 1525 subeo
984 1458 1278 1525 animadversiones

158 1564 376 1646 perscrutari,
397 1579 477 1641 quas
499 1562 559 1624 sibi
584 1564 687 1624 visum
711 1572 758 1625 est
780 1566 922 1646 objicere
944 1565 1030 1627 circa
1059 1571 1130 1625 acta
1163 1558 1277 1625 Conci·

157 1668 196 1730 lii
219 1665 258 1729 V.
283 1665 434 1741 Quorum
457 1664 552 1744 plura
585 1664 790 1727 considerans
823 1667 970 1740 intrusa,
1003 1673 1059 1726 aut
1092 1662 1205 1725 falsata
1235 1679 1278 1724 ox

162 1769 226 1831 tria
248 1764 399 1846 Capituia
421 1764 660 1828 defendentium
683 1784 805 1844 opera,
829 1766 867 1827 ad
891 1767 1061 1845 genuinam
1087 1781 1179 1826 suam
1213 1762 1278 1825 ior·

162 1886 250 1932 mam
272 1868 420 1947 redigere
441 1866 565 1941 studui,
589 1867 775 1930 ostendendi
797 1885 894 1929 eausa
917 1885 975 1931 nec
996 1867 1170 1946 Origenem
1191 1863 1279 1926 dam·

156 1979 273 2034 uatum
295 1989 364 2032 esse
386 1970 416 2031 iu
438 1987 474 2031 ea
497 1968 638 2054 synodo,
661 1987 719 2031 noe
741 1966 895 2048 Vigitium
920 1968 1036 2048 Papam
1058 1964 1276 2030 inconsultum

160 2091 200 2135 se
220 2073 352 2151 gessisse
374 2071 405 2131 in
428 2071 527 2133 trium
549 2069 775 2150 Capitulornm
808 2071 1017 2149 quaestione,
1047 2086 1105 2131 nec
1125 2065 1279 2130 Justioia-

158 2187 239 2233 num
260 2170 438 2250 quidquam
463 2179 607 2245 temero,
631 2189 688 2232 neo
715 2172 898 2233 violentiam
923 2169 1086 2232 admisisse
1113 2169 1143 2230 in
1169 2168 1276 2245 ipsum

163 2269 334 2351 vigilium,
351 2270 405 2334 sed
428 2279 543 2333 cuncta
566 2271 719 2334 canonice
741 2271 838 2334 tuisse
860 2269 1002 2346 definita,
1018 2269 1190 2333 concordia
1211 2285 1279 2329 ser·

162 2380 235 2436 rata
258 2374 344 2434 inter
366 2372 550 2434 Pontificem
574 2379 606 2434 et
628 2370 874 2450 imperatorem.

169 2530 175 2537 ,
242 2473 291 2534 Ao
312 2473 439 2534 interim
462 2473 596 2553 obiectis
619 2475 825 2552 respondens,
848 2473 954 2535 neseio
976 2490 1078 2553 quare
1100 2491 1129 2535 n.
1153 2468 1275 2535 Censor

160 2573 322 2652 corripiat
343 2572 489 2635 ordinem
513 2573 726 2637 discussionis.
753 2573 825 2638 Duo
857 2574 940 2636 enim
973 2574 1146 2654 praecipua
1179 2589 1276 2652 argu·

160 2686 270 2739 menta
293 2660 419 2753 suscepi
441 2675 652 2755 expedienda,
674 2678 897 2755 quaestionem
917 2676 1040 2738 scilieet
1063 2675 1161 2736 trium
1183 2671 1277 2753 Capi·

159 2778 308 2842 talorum
329 2785 361 2837 et
382 2776 517 2839 aiteram
540 2777 759 2855 origenianam
782 2795 840 2857 per
855 2796 888 2841 se
904 2777 944 2839 ab
959 2778 1062 2839 altera
1079 2775 1271 2838 distinctam.

160 2878 197 2943 ln
217 2878 352 2958 singulis
374 2878 531 2958 capitibus
553 2880 718 2951 notantur,
742 2897 826 2956 quae
848 2877 961 2941 deinde
983 2893 1127 2957 congrua
1153 2876 1274 2940 discus·

161 2982 252 3045 sione
273 2977 526 3059 expenduntur,
550 2997 607 3041 uec
630 2988 721 3040 extra
746 2980 947 3059 propositum
969 2980 1089 3040 errari.
1113 2976 1164 3040 bb
1185 2978 1275 3042 initio

161 3101 265 3164 usque
287 3083 325 3144 ad
349 3090 446 3162 eaput
469 3078 523 3142 Vi.
547 3088 618 3143 acta
641 3080 774 3144 Concilii
798 3079 834 3142 V.
857 3080 1020 3155 enarravi,
1044 3080 1184 3141 maxime
1206 3080 1274 3141 ani·

162 3182 338 3245 madversis
369 3182 642 3255 circumstantiis,
666 3181 784 3260 quibus
822 3179 929 3260 Vigilii
967 3179 1071 3259 Papae
1102 3178 1273 3257 prudentia

161 3283 327 3362 praeluxit
348 3283 380 3343 in
403 3291 465 3343 tam
489 3282 590 3344 ardua
607 3286 807 3361 quaestione,
824 3284 926 3345 donec
940 3279 1159 3344 subscriberet
1174 3281 1273 3344 trium
1331 3307 1334 3312 ⁷

161 3384 381 3465 capitulorum
407 3385 616 3457 damnationi,
644 3387 723 3464 quin
745 3385 828 3448 banc
849 3383 1064 3447 definitionem
1087 3381 1272 3445 emendaret

162 3503 317 3568 nuquam,
334 3485 384 3547 sel
400 3491 603 3560 retractaret,
620 3503 657 3549 ac
670 3486 851 3549 omnimode
868 3486 1000 3550 exclusa
1012 3483 1159 3564 Origenis
1175 3502 1274 3564 quae·

162 3589 272 3650 stione.
297 3585 563 3665 Insequentibus
587 3604 687 3661 vero,
711 3588 860 3666 pluribus
880 3587 1070 3650 instantibus
1098 3586 1272 3666 oppositio·

163 3687 266 3762 nibus,
291 3694 322 3748 et
343 3688 426 3748 iuter
446 3705 480 3748 se
504 3686 596 3749 valde
618 3687 733 3749 dissitis
755 3697 786 3750 et
812 3695 958 3750 veterum
991 3693 1023 3750 et
1054 3688 1273 3749 recentiorum

162 3788 324 3851 sententiis
341 3796 408 3850 tum
430 3791 515 3851 circa
540 3790 598 3850 tria
622 3787 783 3866 capitula,
809 3801 876 3851 tum
893 3789 977 3851 eirca
993 3787 1178 3866 Origeuem,
1203 3797 1271 3850 tum

160 3889 195 3953 de
218 3878 339 3968 Vigiiio
365 3887 463 3969 Papa,
486 3890 524 3951 de
545 3888 727 3953 Justiniano
752 3899 812 3952 eto.
837 3888 875 3951 ad
899 3888 1080 3951 evitandam
1101 3888 1173 3951 ideo
1195 3905 1272 3951 con·

162 3986 344 4063 insinuem,
367 3989 399 4050 in
421 3990 576 4052 distinctis
599 3989 756 4067 capitibus
778 3990 931 4051 materiae
955 3992 1142 4051 varietatem
1166 4003 1273 4068 segre-

160 4093 242 4167 gavi.
268 4089 407 4165 ideirco,
430 4093 510 4154 siin
533 4093 856 4172 unoquoquecapite
883 4090 1004 4154 deesset
1035 4089 1189 4152 orationis
1220 4105 1275 4150 ne·

157 4203 235 4268 xus,
258 4210 296 4255 ao
318 4193 443 4257 initium
467 4191 520 4255 tini
544 4211 605 4255 non
628 4193 859 4273 responderet,
884 4200 959 4254 tuuc
981 4191 1073 4254 iocus
1095 4199 1177 4253 esset
1198 4207 1272 4252 oon·

1113 4284 1150 4326 aa
