2886 4784
156 420 365 490 afflictionum
384 425 477 482 extra
493 412 673 480 Ecclesiam
692 416 807 480 misere
818 417 976 497 disperire
987 417 1103 481 uoluit.
1120 418 1269 483 Ceterum

156 525 308 604 quoniam
331 530 400 585 erat
422 521 543 601 primae
564 521 650 597 apud
668 519 740 583 illos
762 520 844 583 sedis
865 519 1056 600 episcopalis
1071 521 1270 603 appetitione

157 635 312 704 tauquam
336 621 431 685 hamo
452 624 623 696 inescatus,
647 634 679 684 et
702 623 788 702 turpi
810 634 961 702 quaestu,
978 627 1033 702 qui
1053 623 1164 685 multis
1178 621 1270 686 affert

160 728 348 803 perniciem,
372 727 529 800 irretitus,
546 735 578 786 et
600 735 771 803 propterea
793 726 914 787 leutius
936 726 1126 802 tardiusque
1149 722 1207 787 Dei
1230 725 1272 785 vi·

159 828 304 889 sionibus
326 828 468 888 animum
491 827 648 901 attendit,
683 827 809 887 tandem
842 827 1079 905 perintegram
1105 833 1272 888 noctema

159 928 277 999 sanctis
301 928 422 1006 angelis
443 924 550 1004 llagris
572 936 605 988 ct
627 927 814 988 verberibus
846 943 950 1005 usque
982 927 1064 988 adeo
1095 926 1214 988 acerbe
1242 933 1273 988 at

160 1030 304 1108 graviter
325 1048 438 1092 caesus
462 1031 534 1102 luit,
559 1039 594 1090 ut
616 1047 689 1092 cum
713 1030 817 1108 primo
833 1047 924 1090 mane
939 1033 1102 1106 surgeret,
1120 1027 1273 1090 cilicioet

160 1147 255 1193 sacco
276 1133 422 1204 indutus,
446 1132 554 1193 cinere
575 1150 745 1210 aspersus,
768 1150 843 1194 cum
867 1150 981 1210 magno
1004 1149 1155 1193 moerore
1176 1139 1210 1192 et
1228 1130 1273 1191 la·

161 1233 280 1314 eryciis
302 1236 340 1294 ad
364 1233 459 1312 pedes
475 1228 646 1315 Zephyriui
665 1232 825 1296 pontilicis
846 1252 879 1296 se
899 1232 1078 1311 supplicem
1094 1231 1273 1310 abjicerett

163 1340 195 1394 et
217 1350 279 1395 uon
302 1336 397 1396 modo
419 1335 457 1395 ad
480 1335 582 1406 cleri,
605 1335 659 1396 sed
682 1334 720 1394 ad
744 1334 903 1398 laicorum
925 1337 1021 1397 etiam
1043 1351 1148 1415 genua
1164 1331 1273 1395 adcol·

165 1443 321 1507 veretur,
344 1437 387 1495 ita
415 1437 460 1497 uti
489 1435 606 1498 Christi
629 1435 846 1499 misericordis
867 1418 1003 1498 ecclesia
1025 1436 1119 1497 illum
1146 1449 1273 1513 magno·

162 1549 240 1614 pere
262 1538 499 1608 commiserata,
522 1536 669 1597 lamentis
691 1554 754 1597 una
775 1555 809 1598 se
822 1537 966 1597 dederet.
981 1533 1135 1597 Attamen
1151 1534 1222 1607 ille,
1235 1532 1272 1594 li·

163 1641 215 1696 cet
236 1636 346 1698 multis
369 1638 519 1717 precibus
542 1656 620 1701 usus
644 1637 767 1710 luisset,
790 1646 823 1700 et
843 1638 1014 1716 plagarum
1040 1637 1172 1706 vibices,
1194 1651 1274 1715 quus

164 1737 358 1814 pertulerat,
381 1739 581 1814 ostendisset,
607 1740 660 1804 vix
684 1739 811 1801 taudem
832 1738 865 1800 iu
886 1738 1151 1801 communionem
1166 1734 1276 1800 Eccle-

163 1835 229 1899 aiae
254 1847 405 1917 receptus
427 1840 500 1902 luit.
523 1859 539 1898 a

242 1935 294 2000 {lx
316 1939 378 2002 hac
399 1937 518 2002 Natalii
540 1941 692 2020 explicita
715 1941 926 2013 confessione,
942 1940 982 2001 ad
998 1937 1185 2023 zephyrini,
1197 1937 1275 2000 cleri

164 2044 196 2100 et
216 2040 375 2104 laicorum
399 2043 494 2120 pedes
515 2051 641 2118 exacta,
665 2042 795 2120 impiam
814 2043 961 2105 detestati
979 2042 1160 2103 doctrinam
1175 2036 1275 2101 Thea·

165 2137 231 2201 doti
253 2141 410 2204 adversus
431 2141 595 2205 Christum
619 2140 765 2217 Domini,
788 2143 889 2204 donec
912 2145 966 2204 vir
990 2140 1116 2202 taudem
1138 2138 1171 2200 iu
1192 2156 1275 2201 cum·

168 2243 352 2304 munionem
375 2253 523 2320 receptus
544 2253 605 2316 est,
628 2245 784 2322 numquid
807 2243 988 2306 eruendum
1010 2242 1072 2304 erit
1089 2240 1276 2304 Pontificem

166 2340 300 2405 illusum
322 2361 340 2405 a
362 2343 508 2418 Callisto,
531 2341 675 2425 ejusdem
698 2345 851 2407 haeretici
873 2345 1130 2406 communicasse
1157 2343 1277 2404 errori·

44 2457 46 2460 ·
166 2442 227 2505 bus
248 2453 279 2506 et
300 2447 433 2507 sensisse
448 2463 532 2526 quae
548 2444 734 2509 Theodotus
749 2448 871 2521 docuit,
888 2466 962 2510 cnm
978 2463 1070 2509 secus
1087 2464 1128 2507 cx
1144 2444 1277 2523 limpido

166 2562 366 2608 coaevorum
389 2550 569 2610 testimonio
590 2540 791 2631 zephyrinus
814 2546 898 2627 Papa
921 2555 1093 2626 correptus
1118 2546 1220 2608 luerit
1239 2543 1278 2606 ab

170 2643 355 2710 Artemonis
375 2648 564 2726 discipulis,
591 2652 682 2729 qnasi
706 2660 846 2712 veterem
869 2661 901 2710 et
922 2647 1134 2727 apostolicam
1161 2647 1277 2709 doctri·

169 2764 241 2808 uam
264 2757 440 2825 prevasset,
458 2751 580 2828 primus
596 2752 712 2812 docens
727 2749 839 2813 lesum
857 2748 959 2812 Deum
975 2757 1007 2810 et
1023 2749 1186 2810 homiuem
1204 2747 1276 2810 luis·

169 2845 230 2912 se?
251 2847 293 2911 Et
319 2868 394 2912 sane
423 2855 552 2912 mirum.
583 2851 685 2915 Juxta
717 2851 920 2923 Eusebium,
938 2846 1161 2933 zephyrinum
1187 2848 1278 2911 Arte·

171 2952 272 3015 monis
295 2953 443 3028 discipuli
464 2953 683 3026 damnarunt,
707 2954 792 3032 quod
825 2970 941 3013 novam
975 2951 1198 3012 introduxerit
1225 2948 1277 3011 do·

171 3056 322 3128 ctriaam,
344 3053 464 3118 Christi
488 3054 686 3116 divinitatem
710 3071 926 3131 propugnans.
952 3051 1144 3132 Anonymus
1165 3069 1209 3125 ex
1228 3050 1279 3111 ad·

172 3173 267 3218 verso
288 3156 332 3218 ait
356 3153 475 3235 Papam
494 3155 634 3233 primum
657 3173 675 3216 a
698 3152 833 3216 Callisto
849 3153 1020 3230 deceptum
1045 3151 1121 3212 huic
1143 3150 1280 3230 dogmati

170 3258 339 3319 mentitum
361 3276 441 3331 esse,
458 3255 749 3329 similiaITheodoti
769 3256 963 3337 professum,
981 3270 1101 3333 purum
1122 3253 1280 3316 homiuem

171 3360 386 3423 asseverantis
408 3357 586 3421 Christum.

251 3455 424 3520 Praeterea
446 3458 553 3534 quoad
570 3458 631 3519 hoc
646 3454 777 3519 Eusebii
799 3457 1040 3530 documentum,
1064 3473 1139 3518 cum
1161 3453 1281 3538 Zephy-

172 3560 263 3622 riuus
285 3567 412 3637 regeret
433 3557 627 3632 Ecclesiam,
651 3558 781 3638 prodest
811 3559 898 3638 quod
921 3559 1110 3641 huonpmus
1140 3558 1219 3619 dicit
1238 3555 1282 3635 ,de

174 3659 237 3721 hoc
260 3656 425 3732 Pontifice,
451 3677 567 3721 vocans
587 3678 662 3722 eum
684 3659 852 3732 stolidum,
876 3657 1033 3729 venalem,
1058 3658 1216 3734 pecuniae
1231 3672 1283 3718 cn·

135 3804 139 3809 -
173 3758 298 3838 pidum,
320 3745 512 3834 instabilem,
535 3762 705 3822 haereseos
727 3757 883 3821 Theodoti
906 3759 1100 3829 studiosum,
1117 3777 1134 3818 a
1153 3759 1283 3821 Callisto

75 3870 77 3876 '
175 3863 311 3925 ductum
332 3882 398 3942 quo
420 3862 486 3942 ipsc
511 3861 649 3925 volebat.
673 3860 786 3926 Nonne
813 3864 861 3922 isti
891 3861 1120 3934 characteres,
1156 3857 1284 3923 mutatis

174 3964 370 4041 nominibus,
393 3965 538 4043 apprime
558 3962 845 4024 accommodantur
867 3964 916 4036 iis,
938 3979 1020 4038 quos
1044 3957 1207 4023 Eusebius
1229 3959 1285 4020 hae

176 4068 245 4144 ipsa
266 4074 372 4129 aetate
395 4066 508 4129 tribuit
528 4064 680 4128 Natalia:
711 4066 766 4143 qai
789 4083 805 4125 a
828 4062 998 4125 Theodoto
1028 4071 1061 4124 ct
1091 4063 1187 4125 sociis
1218 4061 1286 4142 ejas
1314 4146 1319 4155 .

177 4167 348 4234 haereticis
369 4167 445 4232 dolo
467 4172 579 4246 captae
601 4174 633 4227 et
654 4165 812 4244 pecunie,
838 4182 960 4227 moram
992 4163 1128 4225 illorum
1150 4178 1286 4243 gerens,
