2886 4784
163 472 248 542 nibil
269 476 372 559 malae
390 473 556 539 doetrinae
575 474 612 540 ia
632 473 722 539 tttrts
747 472 895 554 Oripenis
927 472 1073 555 reperiri.
1097 493 1114 534 s
1144 475 1191 539 lta
1219 477 1276 542 So·

162 589 271 646 crates
293 581 325 641 in
348 577 446 642 Libro
470 576 523 640 Vl.
546 596 575 640 c.
601 576 675 641 llll.
701 575 782 640 Hist.
806 577 895 640 Eccl.
914 576 957 640 Et
971 578 1033 639 hnc
1053 596 1130 642 sane
1150 581 1277 662 'potissi-

163 698 255 745 mum
272 701 312 744 ex
327 677 487 744 Theotimi
509 691 541 743 et
564 678 785 765 chrysostomi
808 687 900 759 parte
922 677 1146 744 fulcimentum
1161 684 1274 745 adver·

162 801 219 847 sus
241 781 459 862 Theophilum
480 801 623 863 suosque
646 782 827 845 foederatos
850 783 995 846 erectum
1022 781 1084 845 luit
1103 801 1202 864 supra
1224 803 1278 864 pe·

164 902 300 947 rennem
323 883 363 946 de
384 882 525 964 Origene
549 883 750 946 traditionem
777 902 794 945 a
819 887 935 947 sanctis
961 885 1036 946 viris
1058 884 1198 948 fideliter
1225 886 1279 948 de·

162 988 311 1062 ductam,
333 985 514 1064 incipiendo
536 1003 553 1047 a
576 983 779 1068 s.·Dionysio
801 985 1013 1049 alexandrino
1036 988 1111 1063 (cui
1133 1005 1213 1066 prae
1227 1008 1280 1051 ce·

166 1090 245 1152 teris
266 1089 362 1152 sicuti
383 1087 474 1150 illins
496 1096 596 1165 gesta,
614 1088 657 1150 ita
680 1096 713 1148 et
735 1106 821 1150 mors
843 1089 1003 1167 innotuit)
1026 1107 1044 1151 a
1065 1109 1091 1153 s.
1110 1091 1278 1169 Pamphilo

162 1190 281 1253 deinde
309 1200 477 1268 acceptam
505 1199 537 1252 et
565 1190 605 1251 ad
635 1191 716 1253 banc
738 1189 959 1272 chrysostomi
985 1200 1124 1255 aetatem
1152 1194 1276 1273 integre

164 1301 462 1374 pertranseuntem:
487 1293 541 1354 ubi
565 1293 704 1354 relatum
727 1301 809 1365 erat,
826 1310 886 1372 pro
901 1290 1020 1356 Christi
1037 1293 1181 1358 Ecclesia
1205 1311 1278 1374 per·

161 1404 263 1476 petuo
286 1411 444 1473 pugnasse
464 1392 637 1473 Origenem
660 1412 697 1456 ac
718 1394 749 1455 in
771 1413 808 1456 ea
832 1396 882 1472 pic
903 1395 1030 1458 obiisse.

246 1494 413 1558 Adversus
433 1505 543 1558 autem
566 1513 650 1574 quae
665 1514 682 1556 a
699 1494 852 1575 praelatis
877 1494 1040 1560 Ecclesiae
1062 1497 1213 1561 Patribus
1231 1498 1279 1560 di·

161 1604 214 1660 cta
234 1603 332 1670 sunt,
355 1613 418 1658 non
439 1614 508 1658 esse
530 1597 750 1673 antiquiorum
777 1596 898 1675 judicia
925 1615 1001 1676 erge
1023 1597 1196 1676 Origenem
1227 1618 1277 1661 re·

159 1695 415 1776 prehendenda,
439 1697 568 1758 minime
592 1695 667 1758 tacit
691 1705 783 1758 vetus
805 1692 960 1758 Demetrii
989 1698 1157 1760 decretum
1179 1698 1219 1760 de
1240 1697 1279 1758 il·
1330 1746 1334 1752 .

161 1799 229 1861 lius
250 1800 442 1879 expulsione
463 1799 503 1860 ab
527 1799 735 1862 Alexandria.
759 1796 830 1861 Hoc
851 1799 934 1860 enim
957 1799 1123 1862 decretum
1146 1802 1278 1878 proprie

158 1916 225 1961 non
239 1899 378 1978 ,pertigit
397 1897 546 1978 Origenis
568 1897 747 1961 doctrinam
769 1916 827 1960 nec
849 1896 957 1970 fidem,
973 1898 1068 1959 sicuti
1087 1899 1201 1961 deinde
1219 1898 1278 1961 tal·

147 2010 201 2062 ‘so
223 1999 408 2077 expositum
430 2007 479 2061 est
499 2016 517 2060 a
540 1996 732 2075 Theophilo.
756 1998 788 2063 S.
813 1997 1001 2075 Pamphilus
1027 2001 1129 2076 (teste
1162 1995 1278 2061 Photio

165 2100 198 2161 in
220 2097 338 2162 Codice
359 2095 454 2178 tte.)
476 2098 549 2161 inde
570 2101 739 2176 genuinam
763 2101 885 2178 reperit
916 2115 1047 2188 causam
1079 2100 1278 2178 expulsionis

160 2201 230 2263 sive
253 2199 360 2277 potius
382 2199 545 2262 absentiae
565 2200 606 2260 ab
628 2198 788 2282 Aegypto,
812 2216 886 2261 cnm
906 2198 973 2277 jam
997 2199 1163 2278 proiectus
1185 2211 1276 2274 erat,

161 2300 251 2381 qnod
282 2297 486 2363 Theotecuus
520 2318 634 2379 nempe
666 2297 844 2363 Caesareae
879 2299 1079 2363 Palaestinae
1107 2303 1278 2381 episcopus

158 2389 340 2482 origenem
359 2413 434 2465 tunc
455 2402 598 2465 Athenas
622 2401 788 2463 aditurum
818 2401 940 2478 absque
966 2400 1122 2464 Demetrii
1146 2403 1277 2467 licentin

159 2505 342 2567 ordinasset
363 2503 602 2586 presbyterum.
627 2499 849 2576 Quamobrem
872 2498 1068 2578 Demetrius,
1091 2511 1201 2566 coacta
1226 2520 1278 2584 sy·

161 2605 249 2669 nodo
276 2608 504 2686 episcoporum
529 2614 561 2667 et
588 2605 878 2685 presbyterorum,
905 2605 1009 2685 primo
1034 2605 1180 2667 decrevit
1201 2604 1278 2667 dle·

157 2707 298 2771 xandria
319 2705 550 2786 expellendum
571 2705 767 2784 (bigenem,
791 2707 819 2768 ei
842 2707 885 2768 ibi
906 2705 1041 2769 docendi
1064 2705 1193 2768 licentia
1221 2724 1276 2770 eu·

158 2807 261 2870 blata.
277 2806 400 2871 Deinde
421 2809 570 2870 eumdem
588 2825 605 2868 a
621 2807 802 2869 sacerdotio
824 2825 956 2886 quoqne
978 2806 1164 2870 submovit:
1188 2806 1278 2886 quod

159 2919 268 2972 tamen
290 2927 355 2972 non
375 2909 523 2972 cohibuit
544 2927 619 2971 cum
642 2926 680 2970 ne
701 2907 778 2969 alibi
805 2907 961 2979 doceret,
984 2924 1023 2969 ac
1049 2916 1275 2985 perseveraret

157 3011 190 3073 in
212 3008 372 3087 explenda
396 3011 557 3084 missione,
581 3009 742 3087 adquam
767 3015 903 3070 vocatus
925 3015 1007 3069 erat.
1086 3036 1089 3041 ·

245 3109 296 3174 Ex
318 3129 384 3191 qua
406 3113 592 3173 narratione
615 3111 742 3173 interim
768 3111 856 3172 clere
885 3113 1013 3172 constat
1033 3109 1209 3188 Origenem
1236 3108 1277 3170 ab

160 3211 365 3276 Alexandria
397 3213 496 3276 luisse
517 3220 549 3292 et
571 3231 588 3274 a
610 3212 792 3275 sacerdotio
823 3218 991 3285 amotum,
1024 3211 1113 3288 qnod
1146 3219 1277 3290 praeter

159 3311 319 3376 Demetrii
341 3313 505 3377 licentiam
528 3314 699 3397 presbyter
725 3313 893 3376 ordinatus
924 3319 1007 3375 esset
1027 3329 1045 3372 a
1069 3309 1276 3386 Tbeotecno,

161 3433 226 3478 non
252 3434 328 3477 vero
349 3417 392 3479 ob
414 3418 610 3479 haereticam
635 3416 826 3478 doctrinam.
851 3411 934 3477 Nam
950 3413 1142 3492 priusquam
1157 3414 1198 3474 ab
1214 3413 1276 3475 de·

160 3523 261 3598 gypto
282 3517 463 3580 discederet
483 3515 662 3596 Origenes,
686 3516 861 3579 admodum
887 3515 1040 3593 diligebat
1062 3532 1138 3577 eum
1160 3514 1276 3577 Deme·

163 3619 270 3680 trius:
294 3636 353 3680 nec
374 3618 448 3681 ideo
470 3619 575 3698 ipsum
605 3617 759 3697 diligebat
780 3635 818 3680 ac
839 3616 995 3679 laudabat
1015 3624 1199 3689 errantem,
1221 3615 1277 3678 sed

159 3724 250 3781 recta
272 3718 458 3781 docentem.
480 3718 656 3798 Postquam
681 3736 759 3780 vero
781 3717 936 3793 discessit,
961 3715 1125 3795 (discessit
1145 3715 1274 3795 quidem

159 3820 300 3898 acceptis
318 3817 447 3882 Litteris
466 3817 612 3900 formatis
633 3819 674 3882 ab
696 3817 876 3898 Episcopo)
899 3835 960 3881 non
976 3817 1201 3880 condemnavit
1216 3814 1277 3879 De-

160 3922 299 3984 metrius
320 3920 496 4003 Origenem
518 3941 536 3983 a
561 3922 697 3985 veritate
719 3920 875 3984 devium:
900 3937 1002 3999 quum
1025 3919 1067 3980 ob
1091 3919 1176 3981 ritae
1197 3935 1277 3980 suae

152 4022 356 4099 probitatem
380 4042 418 4087 ac
442 4041 537 4086 verae
561 4024 739 4101 sapientiae
765 4023 873 4085 zelum
895 4020 1003 4084 cuncti
1025 4020 1164 4098 episcopi
1187 4026 1218 4081 et
1240 4019 1275 4080 n-

159 4122 250 4184 deles
275 4122 370 4185 valde
392 4124 591 4186 mirarentur
613 4133 758 4184 sanctum
783 4122 901 4183 virum.
929 4117 1079 4182 Discessit
1102 4118 1143 4181 ab
1169 4119 1275 4200 Aegy·

161 4233 219 4301 pto
240 4241 304 4288 non
327 4224 459 4306 fugatus
481 4242 499 4288 a
522 4221 689 4288 Demetrio
711 4231 863 4302 tanquam
888 4222 1094 4298 haereticus,
1119 4230 1155 4285 nt
1174 4222 1273 4286 stulte
