2886 4784
156 359 201 425 Ὦ

158 466 342 539 soeptareot
363 458 403 518 de
428 456 588 518 vocabulo
602 454 807 525 bosnensium
824 455 972 532 quamvis
988 461 1130 533 uterque
1145 452 1262 540 Symbo·

160 562 228 624 lum
251 562 419 622 nicaenum
441 559 613 636 ampiexus
634 558 759 618 diceret
780 554 901 619 Filium
923 555 981 618 Dei
997 576 1072 620 cnm
1091 558 1187 619 Patre
1201 559 1262 620 snb·

160 665 285 735 sistere,
307 669 340 721 et
360 661 391 720 in
414 659 510 720 Patre
530 677 622 720 esse:
646 668 678 717 et
700 676 800 718 unum
823 654 926 718 Deum
950 658 980 717 in
1005 659 1109 719 tribus
1133 662 1263 736 personis

160 762 385 824 confiteretur.
410 759 549 835 iusuper
570 763 602 821 in
623 756 749 819 Libello
769 759 926 820 adversus
948 757 1139 821 Nestorium
1162 769 1194 820 et
1214 759 1265 822 Eu·

162 864 336 946 tyclretcm,
358 862 399 922 ab
420 861 491 922 aliis
512 858 643 922 Gelasio
666 860 825 933 Pontifici,
847 862 888 922 ab
909 861 981 922 aliis
1001 859 1133 924 Gelasio
1155 864 1266 946 cyzice-

164 983 204 1026 nn
226 965 396 1040 inscripto,
412 963 533 1024 citatur
549 961 709 1024 Eusebius
731 961 919 1040 Pamphilus
940 965 1024 1024 inter
1040 961 1207 1024 Ecclesiae
1220 963 1267 1025 Pa·

165 1079 253 1144 trcs;
275 1084 313 1127 ac
335 1065 405 1144 eius
427 1074 539 1125 contra
564 1063 645 1124 duos
668 1063 850 1125 haereticos
880 1063 1003 1142 legitur
1034 1067 1265 1137 testimonium,

163 1169 334 1232 asserentis
355 1165 520 1229 Christum
545 1161 648 1225 Deum
671 1175 703 1224 et
724 1147 885 1226 bominem
909 1165 1019 1236 luisse,
1035 1163 1095 1227 Dei
1119 1148 1264 1240 Verbum,

58 1253 61 1259 ¹
164 1269 267 1333 Deum
290 1280 363 1329 ante
385 1268 491 1327 omnia
513 1265 630 1328 secula·
646 1275 677 1323 et
700 1264 861 1325 bominem
895 1265 937 1325 ob
967 1265 1221 1328 incarnationem
1239 1267 1265 1327 in

165 1382 320 1452 tempore.
343 1389 360 1426 »
384 1369 527 1446 ideoque
550 1367 676 1429 fallitur
698 1365 917 1449 Hieronymus
940 1369 996 1447 qui
1025 1368 1070 1429 ita
1100 1366 1267 1430 Eusebium

167 1471 369 1552 Pamphilum
392 1472 540 1533 arianum
557 1468 646 1541 iacit,
666 1479 702 1530 ut
716 1470 788 1530 iden
802 1467 976 1546 Origenem
994 1468 1092 1549 hujus
1108 1469 1269 1533 haereseos

164 1574 353 1651 magistrum
375 1573 548 1634 existimet.
573 1568 642 1632 Nec
662 1573 746 1632 enirn
768 1571 808 1631 de
829 1568 993 1632 Trinitatis
1016 1569 1198 1653 Hysterio,
1217 1589 1267 1634 nec

165 1674 204 1735 de
225 1673 345 1737 Christi
367 1672 546 1748 divinitate,
571 1690 628 1734 nec
650 1673 689 1732 de
710 1674 826 1733 ceteris
848 1671 921 1733 fidei
942 1673 1090 1736 articulis
1111 1673 1209 1734 aliter
1233 1671 1267 1733 ab

166 1772 310 1836 Ecclesia
333 1774 444 1836 docuit
466 1773 544 1848 ille,
567 1781 604 1834 ut
625 1773 777 1834 videatur
799 1773 919 1834 idcirco
941 1791 1001 1850 pro
1021 1773 1166 1852 Origene
1187 1790 1267 1852 prae·

164 1881 299 1953 sumpto·
315 1874 481 1936 haeretico
503 1874 650 1947 stetisse,
672 1877 764 1953 quasi
786 1874 898 1934 eadem
923 1874 1067 1936 sentiret.
1090 1873 1152 1938 set
1180 1875 1266 1953 gratis

165 1978 225 2038 boe
246 1976 426 2038 asseritur:
450 1994 508 2037 nec
530 1975 585 2035 ille
606 1976 648 2035 ita
672 1978 788 2048 sensit,
809 1994 868 2036 nec
884 1973 1054 2048 Eusebius,
1073 1977 1175 2038 veluti
1194 1975 1267 2057 ey'us·

163 2077 236 2140 lem
259 2085 417 2139 testantur
437 2079 570 2156 scripta,
589 2082 730 2138 etvetus
754 2075 917 2138 Ecclesiae
934 2076 1078 2151 traditio,
1094 2094 1180 2156 quae
1194 2078 1266 2138 iuter

164 2186 290 2240 sanctos
311 2176 520 2240 Coniessores
542 2178 681 2239 honorat
704 2177 824 2240 rirurn.
847 2174 981 2255 Deque
1007 2177 1170 2254 conteras,
1191 2195 1264 2258 quaa

163 2279 275 2342 scribit
297 2276 445 2340 Valesius
466 2281 497 2341 iu
519 2279 607 2342 illius
631 2279 707 2341 rita.

169 2400 172 2406 ¹
244 2380 398 2444 Ceterum
421 2389 533 2454 contra
551 2379 740 2462 Hieronymi
761 2380 800 2441 tle
823 2382 883 2442 bac
905 2400 940 2444 re
961 2377 1203 2457 auctoritatem,
1220 2379 1266 2443 etl·

169 2482 301 2544 modum
324 2482 401 2544 iacit
422 2481 508 2561 quod
532 2483 562 2543 in
585 2481 710 2544 Monito
738 2483 914 2562 apologiae
940 2484 1099 2547 scribitur
1121 2503 1153 2546 n.
1179 2480 1263 2544 Vlll:

167 2605 183 2642 n
206 2583 256 2646 Ex
281 2584 328 2646 his
352 2583 531 2661 intelligere
554 2584 643 2658 licet,
660 2601 818 2663 quaenam
842 2586 883 2647 sit
904 2582 1105 2670 Hieronymo
1128 2587 1203 2650 fides
1223 2585 1267 2646 al·

167 2684 316 2757 hibenda,
340 2701 414 2746 curn
436 2685 467 2744 in
490 2685 571 2745 banc
592 2684 740 2763 Origeois
765 2683 978 2767 Defensionem
1002 2696 1065 2750 tarn
1088 2692 1210 2752 acriter
1231 2689 1267 2749 io·

170 2786 310 2847 rebitur.
329 2783 453 2847 Nullibi
475 2786 533 2846 sibi
556 2794 679 2848 constat
700 2806 725 2848 s.
742 2786 882 2850 lloctor:
907 2789 1027 2868 ubique
1048 2789 1107 2851 sibi
1131 2791 1267 2851 adversa·

171 2896 234 2946 tur.
260 2884 350 2948 Hune
372 2885 563 2965 apologiam
590 2890 730 2966 primum
759 2889 887 2951 dixerat
918 2891 1018 2952 solius
1049 2909 1167 2954 esses.
1190 2890 1268 2952 Pant-

167 2988 258 3066 pbili,
280 2996 389 3066 postea
411 2989 512 3051 solius
535 2988 677 3052 Eusebii.
702 2989 800 3053 Modo
822 3009 892 3052 eam
910 2991 1051 3054 Eusebio
1070 2992 1197 3065 tribuit,
1213 3009 1268 3052 mo·

100 3084 109 3101 '
167 3087 209 3149 tlo
233 3090 283 3149 vel
305 3085 466 3170 Didymo,
491 3090 542 3150 vel
565 3087 716 3165 Ruffino,
740 3102 797 3154 aut
827 3092 921 3153 alteri
943 3092 1090 3167 cuilibet,
1114 3095 1184 3172 qui,
1206 3091 1267 3153 libri

170 3188 263 3264 primi
288 3186 417 3257 Eusebii
439 3193 543 3268 capite
574 3190 787 3265 detruncato,
819 3199 927 3254 cetera
959 3193 1104 3256 membra
1137 3192 1266 3257 sociarit.

167 3287 266 3350 Modo
289 3290 370 3352 bane
392 3309 460 3352 esse
491 3292 536 3351 ait
567 3292 741 3370 ipsummet
776 3293 906 3357 Eusebii
940 3295 1081 3373 primum
1108 3295 1269 3364 volumen,

167 3390 261 3451 modo
283 3400 435 3452 sertum:
460 3392 556 3452 modo
578 3394 689 3455 eadem
711 3402 743 3455 et
765 3396 1005 3457 iisdem-verbis
1027 3396 1059 3456 iu
1081 3398 1189 3472 primo
1215 3393 1271 3456 Eu·

166 3489 244 3551 sebii
265 3491 351 3554 libro
373 3494 550 3567 contineri,
576 3495 670 3556 modo
692 3495 762 3574 ejus
784 3497 975 3575 scriptorem
999 3497 1037 3558 de
1058 3499 1128 3574 ipso
1152 3493 1271 3559 Eusebii

168 3591 252 3653 libro
275 3593 434 3670 quaedum
459 3597 667 3674 immutasse,
691 3597 785 3658 modo
818 3617 929 3661 sensns
961 3598 1155 3661 dumtaxat:
1187 3598 1272 3660 motu

165 3695 231 3773 ipsa
255 3696 434 3756 testimonia
455 3697 670 3770 subtraxisse,
692 3709 723 3760 et
746 3700 809 3760 alia
832 3702 1036 3763 substituisse
1052 3701 1150 3763 modo
1167 3716 1271 3780 pauca,

167 3793 262 3855 modo
285 3797 410 3858 multa:
434 3799 531 3862 modo
553 3799 691 3879 denique
713 3803 744 3861 in
766 3801 832 3878 ipsa
855 3800 974 3865 Rnffini
996 3803 1094 3862 latina
1122 3806 1271 3880 interpre-

167 3895 286 3956 tatione
308 3892 409 3959 mu'lta
440 3901 615 3961 etiamnum
644 3903 792 3963 scandala
825 3909 857 3964 et
888 3904 1104 3981 apertissimas
1139 3903 1274 3982 blaspbe-

167 3996 244 4057 ruias
267 3999 426 4077 reperiri:
453 4001 547 4063 modo
573 4001 775 4082 Pamphilum
800 4007 949 4067 nicaenae
974 4005 1045 4067 fidei
1070 4024 1129 4084 per
1158 4023 1225 4068 eam
1245 4021 1272 4064 u·

166 4094 269 4155 stendi
299 4094 511 4161 defensorem.
535 4099 759 4182 Undequaqne
788 4123 822 4166 se
848 4116 954 4168 versat
981 4125 1005 4166 s.
1028 4105 1175 4180 Ductor,
1205 4119 1272 4166 cun·

166 4204 216 4256 ctu
242 4206 349 4259 movet
371 4217 408 4260 ne
431 4201 513 4262 liber
536 4203 590 4266 ille
615 4204 771 4282 Pamphili
794 4209 843 4268 sit.
871 4207 979 4285 Atque
1002 4216 1108 4271 tamen
1135 4224 1197 4270 nun
1227 4221 1273 4284 po·
