2886 4784
172 465 233 520 sint
256 459 417 535 dogmata,
440 457 494 518 sed
518 453 662 535 quaesita
687 463 810 516 teritum
833 464 930 534 atque
955 455 1112 537 projecta,
1135 479 1171 521 ne
1194 459 1258 540 peni·

174 573 224 622 tus
248 562 418 622 intractata
443 558 643 621 viderentur.
666 577 682 614 u

252 661 341 724 Haec
362 663 467 724 omnia
487 661 553 740 jam
576 662 786 741 expendimus
809 661 841 720 in
861 657 964 724 'lemn
987 661 1028 724 ll.
1045 682 1074 726 c.
1092 662 1133 726 ll.
1156 664 1209 728 nbi
1224 661 1263 726 ad·

118 788 120 793 ·
172 783 285 825 versus
307 760 494 845 Hieronymi
520 763 703 826 illusionem
737 764 805 824 lieri
829 765 1159 842 nunqnampotnissc
1181 771 1267 828 osten·

171 859 276 926 dimus
300 871 336 926 ut
359 864 587 926 talia-doceret
616 863 794 942 Origenes,
829 882 902 925 cnm
935 864 975 923 ab
1004 865 1097 926 initio
1127 883 1187 945 pro
1215 865 1268 928 basi

169 985 248 1028 suae
278 965 351 1029 fidei
373 975 405 1027 el
426 966 631 1028 discussionis
661 967 824 1028 statuisset
856 964 1034 1027 secundnm
1067 966 1271 1029 manifestissi-

170 1085 253 1128 mam
278 1067 441 1130 Ecclesiae
463 1068 755 1145 pracdieationem:
782 1088 796 1125 s
821 1067 969 1128 Animum
991 1068 1203 1130 substantiam
1227 1067 1269 1128 be·

168 1169 240 1230 beas
261 1181 288 1229 et
309 1168 409 1231 uitem
428 1169 607 1248 propriam,
630 1187 701 1230 curu
724 1188 763 1229 esc
783 1169 840 1229 boc
861 1171 980 1231 moade
1001 1169 1206 1246 discesserit,
1224 1187 1278 1248 pro.

167 1268 234 1330 suis
254 1269 374 1332 meritis
397 1268 633 1348 dispensabitur
653 1270 718 1333 siue
740 1272 823 1331 uitae
845 1282 989 1334 aeternae
1011 1272 1059 1332 vel
1080 1268 1272 1334 beatitudiuis

167 1369 357 1433 haereditate
376 1373 543 1450 potitura,
571 1369 601 1433 si
631 1371 689 1431 boe
709 1369 738 1430 ei
758 1390 817 1430 sea
844 1380 931 1449 peste
954 1372 1198 1451 praestiteriut;
1217 1370 1271 1433 sire

168 1472 238 1551 ipat
258 1483 382 1535 aeterno
403 1493 441 1535 ce
460 1471 628 1553 suppliciis
655 1474 871 1552 preacipiendo
896 1483 951 1534 etc.
975 1473 1017 1536 Et
1038 1476 1086 1535 sic
1107 1474 1148 1535 de
1169 1474 1275 1553 angelis

169 1574 267 1653 lapsis
295 1573 420 1653 jugiter
450 1575 664 1653 poenitentiae
700 1573 904 1651 incapacibus
939 1574 1061 1636 scribit.
1093 1573 1129 1635 ln
1160 1575 1268 1654 quibus

168 1677 274 1738 verbis
298 1678 389 1753 plane
411 1678 601 1740 excluditur
622 1678 735 1754 dogma
758 1676 1045 1753 metempsychoseos
1078 1676 1187 1755 quoad
1219 1676 1273 1738 ani·

168 1794 240 1840 mae
262 1779 421 1841 humanae
453 1780 665 1841 conditionem
687 1789 759 1859 post
780 1780 916 1840 obitum.
941 1775 980 1837 Et
1003 1777 1096 1853 binc,
1119 1779 1145 1838 si
1169 1776 1269 1840 Hiero·

168 1881 255 1962 nymi
280 1881 383 1942 versio
404 1880 599 1943 admittenda
622 1880 719 1953 leret,
734 1898 845 1942 secum
867 1881 934 1957 ipso
952 1895 1096 1955 pugnans
1120 1878 1271 1940 diceretur

167 1980 336 2059 Origenes,
360 1982 510 2044 mentitus
532 1984 563 2044 in
585 1981 646 2042 fine
667 1980 756 2044 Libri
780 1980 802 2041 l.
829 1977 1036 2053 l'eriarcbou,
1057 1980 1146 2057 quod
1163 1999 1179 2041 a
1195 1978 1267 2058 prin·

167 2083 252 2159 cipio
273 2083 414 2144 firmavit
435 2101 494 2160 pro
517 2082 589 2145 fidei
610 2102 688 2145 suae
712 2093 842 2145 tessera.

231 2181 420 2245 'Praeterea
441 2202 504 2245 nou
526 2184 631 2246 solnm
654 2185 685 2244 in
707 2185 805 2246 citato
828 2183 900 2243 ioco
922 2182 962 2242 ab
994 2180 1136 2261 Origene
1167 2180 1264 2244 excln·

166 2283 255 2346 ditur
276 2286 327 2347 bie
348 2303 455 2359 error,
479 2293 527 2347 ast
548 2286 579 2346 in
601 2287 672 2348 aliis
694 2304 825 2364 quoque
847 2285 949 2356 libris,
973 2284 1011 2345 de
1033 2301 1177 2362 quorum
1199 2285 1263 2344 inte

164 2388 280 2463 gnitate
301 2405 363 2450 non
384 2388 572 2466 dubitatum
595 2405 633 2450 ac
655 2389 795 2449 maxime
819 2386 872 2448 ubi
902 2386 984 2447 hanc
1012 2388 1195 2463 opinionem
1224 2402 1264 2449 re·

166 2485 294 2561 tutans,
318 2489 443 2550 excutit
463 2507 596 2568 quoque
617 2489 787 2550 nonnullas
820 2484 999 2549 Bibliorum
1031 2487 1207 2560 dictiones,
1225 2502 1259 2548 ex

166 2589 283 2666 quibus
304 2591 464 2668 simplices
486 2591 544 2652 sibi
566 2591 655 2651 illusi
674 2589 876 2650 videbantur.
897 2587 930 2647 ln
954 2585 1051 2648 Libro
1075 2583 1164 2649 Xlll.
1180 2584 1260 2650 Com·

164 2689 311 2750 mentarii
333 2687 369 2751 iu
392 2688 585 2753 Muttbucum
609 2710 651 2753 ex
672 2710 700 2752 c.
724 2687 763 2751 X.
790 2689 989 2767 Apolegetiei
1023 2687 1181 2767 Pamphili
1205 2688 1259 2748 ait:

165 2808 180 2845 u
206 2787 239 2850 ln
263 2791 310 2851 bis
332 2789 431 2865 Elias,
456 2811 518 2854 non
541 2795 658 2865 anima,
678 2792 752 2851 mibi
772 2790 900 2851 videtur
920 2789 1106 2867 significari,
1130 2807 1168 2850 ne
1190 2786 1259 2863 loric

167 2892 196 2950 in
218 2888 355 2951 alienam
378 2892 418 2952 ab
441 2891 584 2954 Ecclesia
608 2889 664 2953 Dei
687 2892 725 2950 de
748 2892 938 2967 migratione
961 2891 1143 2950 animarum
1165 2906 1182 2949 e
1201 2902 1259 2948 cor·

165 3007 243 3070 pore
265 2995 295 3053 in
317 3012 437 3072 corpus
457 2998 658 3067 sententiam,
675 3010 781 3070 neque
797 2995 837 3051 ab
854 2991 1017 3069 Apostolis
1041 2991 1202 3064 traditam,
1216 3004 1258 3048 ne·

164 3110 229 3168 que
251 3095 374 3170 uspiam
397 3097 428 3155 in
451 3094 626 3172 scripturis
649 3095 822 3172 prolatam,
847 3095 983 3156 incidam
1006 3102 1067 3154 etc.
1091 3110 1108 3149 n
1168 3161 1175 3172 ,

242 3193 321 3256 ltem
345 3213 385 3256 ex
407 3194 505 3257 Libro
527 3194 583 3256 Xl.
607 3195 752 3274 ejusdem
775 3194 1017 3268 Commentarii,
1041 3194 1173 3256 scribit:
1196 3212 1210 3250 e
1228 3184 1260 3250 E-

163 3295 327 3356 xistimant
349 3297 448 3374 igitur
468 3298 524 3358 alii
547 3297 782 3359 ecclesiasticae
804 3298 968 3357 doctrinae
992 3297 1118 3374 ignari,
1142 3291 1259 3357 transire

161 3395 283 3459 animas
305 3397 346 3458 ab
366 3398 516 3460 humanis
538 3398 731 3476 corporibus
755 3399 786 3458 iu
810 3416 947 3475 corpora
971 3401 1081 3459 canina
1106 3415 1165 3476 pro
1186 3391 1260 3458 verit

160 3496 293 3560 malitia.
315 3497 382 3561 Nos
407 3517 485 3561 vern
507 3501 537 3561 in
560 3503 666 3562 divina
682 3497 850 3579 Scriptura
868 3500 897 3558 id
915 3500 1043 3561 minime
1061 3498 1257 3578 reperientes,

160 3595 308 3671 dicimus,
331 3601 407 3679 quia
429 3602 642 3680 permultam
668 3602 750 3662 vitae
773 3600 1012 3677 negligentiam,
1035 3599 1176 3660 hnmana
1196 3610 1258 3675 pru·

158 3695 277 3772 dentis,
300 3717 375 3762 cnm
398 3700 497 3762 luerit
518 3702 639 3763 inculta
661 3709 760 3780 atque
782 3701 939 3778 neglecta,
963 3698 1104 3761 efficitur
1121 3700 1210 3763 velut
1226 3696 1265 3757 ir·.

161 3800 352 3862 rationabile
373 3820 472 3881 pecus
495 3820 553 3880 per
575 3803 798 3880 negligentiam
815 3803 863 3862 vel
883 3803 1041 3863 incuriam
1057 3819 1121 3862 non
1140 3816 1197 3880 per
1215 3811 1259 3858 na·

160 3905 278 3962 turam.
299 3899 455 3965 Similiter
474 3912 584 3965 autem
605 3912 637 3965 et
658 3905 713 3982 qui
737 3904 815 3966 tales
839 3903 958 3965 luerint
974 3901 1136 3965 ellectiex
1151 3915 1259 3982 propo·

158 4003 210 4063 siti
230 4003 280 4064 sui
302 4005 513 4084 negligentia,
536 4023 601 4085 qna
632 4007 756 4068 erudiri
782 4005 1005 4084 neglexerint,
1038 4004 1064 4066 si
1096 3998 1258 4066 eruditioni

156 4120 190 4164 se
211 4109 245 4166 et
265 4107 422 4170 exercitio
444 4107 627 4170 rationabili
648 4107 840 4180 dediderint,
861 4105 1069 4170 rationabiles
1084 4105 1259 4169 efficiuntur

157 4209 256 4282 atque
276 4205 471 4285 pendentes:
493 4210 578 4276 sicut
598 4210 756 4290 scriptum
778 4216 826 4273 ost
846 4207 885 4273 de
907 4207 1102 4290 evangelicis
1117 4205 1257 4281 canibus,
