2886 4784
255 325 297 396 68

255 431 444 506 tellexisset,
468 432 633 509 suspicans
654 431 713 493 sibi
736 433 855 512 grande
878 430 1060 513 pericnlum
1088 431 1129 495 ab
1160 428 1242 496 bero
1276 431 1376 511 lore,

252 533 362 612 lugam
384 534 423 595 ad
448 551 536 595 mare
560 533 690 596 molitus
712 544 780 612 est;
804 554 906 614 quum
929 536 1085 598 antemio
1114 535 1216 599 Portu
1238 539 1375 600 ostiensi

250 637 357 697 navim
381 636 552 699 invenisset
570 635 703 717 jamjam
725 637 938 710 solvendam,
961 637 1144 700 conscendit
1166 649 1264 712 eam,
1288 657 1374 718 quo·

253 727 395 816 cunique
414 736 483 798 vela
505 738 594 799 navis
616 737 751 813 laceret,
768 739 834 816 ipse
857 742 1079 818 navigaturus.
1101 737 1160 800 Sed
1184 757 1222 801 ue
1236 741 1373 820 sicqui-

255 838 327 899 dem
349 837 452 900 latere
474 837 601 915 potuit:
625 855 688 899 uon
710 836 814 901 deluit
834 840 918 900 enim
940 840 996 917 qui
1018 837 1231 916 Carpophoro
1257 848 1368 900 actam

254 956 323 1001 rem
346 938 561 1001 denuntiaret.
586 937 647 1002 llle
668 939 836 1018 profectus
857 939 896 1000 ad
920 940 1118 1001 maritimum
1133 940 1238 1014 littus,
1253 959 1371 1004 secun⁴

255 1039 333 1102 dum
358 1057 394 1100 ea
418 1057 502 1119 quae
524 1040 582 1118 ipsi
604 1039 708 1102 delata
734 1040 884 1112 inerant,
907 1044 1020 1103 statuit
1050 1043 1115 1120 ipse
1147 1040 1293 1103 eamdem
1317 1059 1371 1101 na·

255 1141 319 1202 rim
341 1142 569 1214 conscendere,
593 1158 677 1219 quae
698 1141 805 1204 adbuc
826 1142 931 1203 stabat
951 1143 982 1202 in
1005 1143 1109 1204 medio
1131 1151 1241 1220 portu.
1259 1141 1371 1217 Quum

254 1250 364 1304 antem
387 1243 572 1305 navarchus
593 1260 717 1304 moram
741 1245 898 1318 traheret,
919 1241 1072 1307 Callistus
1094 1244 1133 1304 de
1156 1262 1237 1304 nave
1256 1243 1375 1304 berum

255 1345 380 1405 eminus
403 1344 619 1428 prospiciens,
642 1345 845 1422 sentiensque
866 1362 900 1405 se
929 1345 1070 1424 jamjam
1103 1345 1373 1423 comprehensum

255 1444 309 1518 iri,
331 1445 510 1506 servandae
533 1445 617 1506 vitae
640 1447 670 1506 in
692 1462 845 1523 supremo
869 1445 926 1507 illo
951 1445 1133 1507 discrimine
1165 1463 1282 1524 parum
1316 1463 1373 1508 cu·

255 1548 384 1619 riosus,
417 1545 533 1626 dejecit
565 1547 771 1624 semetipsum
795 1548 825 1607 iu
848 1565 947 1609 mare.
973 1549 1014 1608 nt
1037 1555 1153 1609 nautae
1175 1548 1208 1607 iu
1231 1547 1370 1624 scaphas

257 1647 438 1711 desilientes
472 1648 607 1710 invitum
640 1649 732 1711 illum
768 1658 961 1723 retraxere,
985 1649 1061 1710 dum
1085 1649 1104 1708 ii
1126 1649 1183 1728 qni
1205 1648 1237 1710 in
1258 1648 1371 1711 littora
1436 1660 1439 1669 ·

256 1751 399 1823 stabant,
411 1769 540 1828 magnos
555 1750 714 1814 clamores
731 1751 875 1824 ederent,
891 1753 957 1828 ipse
974 1752 1053 1812 hero
1068 1769 1128 1812 suo
1145 1750 1285 1813 traditus
1299 1757 1371 1812 estc

256 1868 274 1912 a
297 1871 363 1930 quo
388 1849 522 1913 Romam
546 1851 699 1914 reductus
721 1852 760 1912 ad
783 1852 901 1914 molam
917 1852 1087 1914 damnatus
1103 1859 1160 1913 est.
1179 1850 1299 1930 Elapso
1315 1852 1373 1914 ali·

256 1969 323 2030 quo
347 1953 499 2030 temporis
521 1954 637 2030 spatio,
655 1952 771 2015 iratres
794 1953 1029 2023 convenientes,
1048 1960 1083 2014 ut
1100 1951 1167 2012 lieri
1182 1952 1280 2024 solet,
1294 1949 1372 2015 Car·

257 2053 441 2133 popborum
462 2062 684 2116 exoraverunt
705 2062 740 2114 ut
764 2071 863 2132 poena
887 2071 1017 2114 servum
1040 2070 1135 2116 suum
1160 2053 1372 2127 exsolveret,

257 2151 398 2215 diceutes
419 2151 565 2214 confiteri
587 2170 661 2213 eum
684 2167 701 2211 a
724 2150 918 2229 quibusdam
937 2150 996 2210 sibi
1027 2148 1181 2226 pecuniae
1212 2165 1373 2211 summam

259 2255 461 2317 commissam
485 2253 593 2316 luisse.
617 2252 863 2330 Carpophorus,
886 2269 987 2330 quum
1011 2254 1082 2329 pius
1103 2259 1206 2319 esset,
1231 2249 1375 2329 peculia·

259 2373 327 2418 rem
351 2355 514 2418 fortunam
539 2373 653 2434 parum
677 2371 793 2417 curare
815 2373 848 2414 se
870 2352 1069 2427 affirmavit,
1102 2353 1242 2414 creditas
1264 2360 1375 2417 autem

257 2458 409 2534 pecunias
431 2457 621 2534 plurimum.
647 2453 743 2516 Multi
766 2455 849 2515 enim
871 2454 955 2532 apud
977 2453 1068 2514 illum
1086 2452 1376 2532 conquerebantur

258 2557 399 2620 dicentes
420 2575 454 2617 se
476 2573 534 2634 per
556 2572 670 2616 nomen
694 2556 764 2636 ejus
794 2555 949 2630 allectos,
972 2551 1107 2616 Callisto
1130 2553 1306 2615 credidisse
1338 2570 1373 2615 ea

259 2675 344 2739 quae
365 2656 578 2718 crediderant.
602 2651 714 2718 Victus
740 2655 865 2717 tandem
888 2655 1037 2733 precibus
1056 2655 1153 2734 jussit
1173 2671 1309 2716 servum
1332 2651 1376 2713 di·

262 2759 355 2821 mitti.
760 2796 774 2826 ,

339 2857 397 2923 3.»
412 2860 453 2923 Δί
468 2860 536 2936 ille,
554 2878 656 2938 quum
674 2861 716 2920 nil
739 2859 873 2920 baberet
891 2860 974 2921 node
990 2859 1145 2931 solveret,
1164 2874 1271 2934 nequo
1287 2854 1378 2935 inge·

263 2981 298 3024 re
321 2964 438 3024 iterum
462 2970 568 3040 posset
589 2962 632 3024 ob
650 2961 842 3034 custodiam,
861 2963 1019 3022 rationem
1036 2958 1191 3021 moriendi
1213 2974 1379 3022 commem

265 3074 315 3125 tus
337 3073 395 3126 est.
419 3061 477 3125 Die
498 3065 596 3142 igitur
617 3062 758 3137 Sabbati,
782 3063 936 3126 simulans
958 3082 991 3125 se
1012 3063 1111 3124 extre*
1125 3060 1164 3122 ad
1187 3059 1374 3133 debitores,

262 3167 410 3229 cucurrit
431 3165 469 3226 ad
492 3182 687 3247 syanagogam
708 3164 904 3245 judaeorum
928 3164 982 3225 ubi
1006 3162 1191 3240 congregati
1217 3169 1326 3234 eraut,
1347 3169 1379 3222 et

262 3268 389 3330 adstans
411 3268 517 3345 coepit
540 3265 673 3327 turbare
695 3265 779 3326 illos.
802 3263 866 3338 Qut
890 3264 929 3324 ab
950 3282 989 3324 eo
1013 3263 1147 3335 turbati,
1171 3261 1379 3323 contumeliis

261 3378 293 3431 et
315 3369 416 3447 plagis
437 3366 620 3430 conlectum
643 3366 681 3427 ad
706 3363 901 3429 Fuscianum
925 3364 1127 3443 praelectum
1152 3362 1243 3424 urbis
1271 3369 1379 3424 traxe·

263 3487 309 3531 re.
333 3467 425 3530 Hanc
446 3475 555 3529 antem
578 3469 815 3530 accusationem
840 3469 1103 3528 intentaverant:
1139 3463 1276 3526 Romani
1303 3480 1379 3529 cons

262 3587 387 3631 cessere
410 3569 499 3629 nobis
520 3570 641 3647 patrias
661 3569 748 3647 leges
770 3568 898 3649 publice
919 3568 1049 3648 legere:
1073 3567 1132 3627 iste
1153 3573 1265 3627 autem
1282 3563 1379 3626 adve-

263 3668 363 3744 niens,
386 3669 541 3746 impedire
565 3669 646 3743 vult,
671 3668 945 3747 perturbationem
968 3667 1081 3747 injicit,
1101 3667 1225 3746 jactans
1247 3684 1283 3727 se
1306 3682 1377 3727 esse

263 3771 485 3832 christianum·
507 3768 591 3832 llum
613 3779 722 3832 autem
738 3767 915 3833 Fascianus
939 3771 970 3828 in
997 3766 1149 3828 tribunali
1174 3766 1308 3829 sederet
1333 3773 1379 3828 at·

264 3888 327 3949 que
349 3870 390 3932 ob
412 3878 621 3951 expromptas
643 3870 801 3951 ajudacis
824 3871 854 3930 in
877 3868 1048 3933 Callistum
1070 3867 1295 3930 accusationes
1318 3867 1381 3931 ira·

262 3980 422 4046 secretur,
444 3973 506 4035 luit
529 3974 584 4051 qui
607 3975 652 4034 rei
675 3971 887 4051 Carpophoro
910 3970 1059 4031 nuntium
1082 3969 1184 4029 daret.
1204 3965 1267 4031 llic
1282 3968 1383 4048 igitur

265 4091 443 4151 properans
465 4074 504 4133 ad
529 4073 672 4136 tribunal
695 4071 849 4149 praelecti
874 4070 1055 4146 clamabat:
1078 4068 1225 4132 Obsecro
1248 4077 1302 4143 ie,
1325 4069 1383 4133 do·

265 4175 348 4237 utine
371 4171 395 4236 F
400 4175 540 4251 asciano,
563 4177 613 4239 isti
636 4193 674 4236 ne
696 4172 815 4237 crede:
840 4173 1005 4234 nonenim
1028 4172 1224 4234 christianus
1238 4178 1310 4249 csi;
1327 4188 1384 4235 cc·
