<?xml version="1.0" encoding="UTF-8"?>
<!DOCTYPE html PUBLIC "-//W3C//DTD XHTML 1.0 Transitional//EN"
    "http://www.w3.org/TR/xhtml1/DTD/xhtml1-transitional.dtd">
<html xmlns="http://www.w3.org/1999/xhtml" xml:lang="en" lang="en">
 <head>
  <title>
</title>
<meta http-equiv="Content-Type" content="text/html;charset=utf-8" />
  <meta name='ocr-system' content='tesseract 3.04.00' />
  <meta name='ocr-capabilities' content='ocr_page ocr_carea ocr_par ocr_line ocrx_word'/>
</head>
<body>
  <div class='ocr_page' id='page_1' title='image "./insgregoriinyss00vincgoog/insgregoriinyss00vincgoog_0387.png"; bbox 0 0 2886 4784; ppageno 0'>
   <div class='ocr_carea' id='block_1_1' title="bbox 179 421 1288 4253">
    <p class='ocr_par' dir='ltr' id='par_1_1' title="bbox 186 421 1286 1221">
     <span class='ocr_line' id='line_1_1' title="bbox 187 421 1274 514; baseline -0.008 -17"><span class='ocrx_word' id='word_1_1' title='bbox 187 423 413 514; x_wconf 82' lang='lat' dir='ltr'><strong>praescientiae</strong></span> <span class='ocrx_word' id='word_1_2' title='bbox 433 446 523 493; x_wconf 85' lang='lat' dir='ltr'><strong>emor</strong></span> <span class='ocrx_word' id='word_1_3' title='bbox 540 446 598 510; x_wconf 88' lang='lat' dir='ltr'><strong>pcr</strong></span> <span class='ocrx_word' id='word_1_4' title='bbox 617 448 666 500; x_wconf 83' lang='lat' dir='ltr'><strong>ca,</strong></span> <span class='ocrx_word' id='word_1_5' title='bbox 687 447 768 510; x_wconf 80' lang='lat' dir='ltr'><strong>quae</strong></span> <span class='ocrx_word' id='word_1_6' title='bbox 787 447 853 491; x_wconf 81' lang='lat' dir='ltr'><strong>aaa</strong></span> <span class='ocrx_word' id='word_1_7' title='bbox 873 426 959 499; x_wconf 86' lang='lat' dir='ltr'><strong>licet,</strong></span> <span class='ocrx_word' id='word_1_8' title='bbox 979 422 1166 506; x_wconf 74' lang='lat' dir='ltr'><strong>inquisitae,</strong></span> <span class='ocrx_word' id='word_1_9' title='bbox 1186 421 1274 506; x_wconf 82' lang='lat' dir='ltr'><strong>poterit</strong></span> 
     </span>
     <span class='ocr_line' id='line_1_2' title="bbox 188 525 1275 614; baseline -0.008 -15"><span class='ocrx_word' id='word_1_10' title='bbox 188 554 244 599; x_wconf 82' lang='lat' dir='ltr'><strong>nos</strong></span> <span class='ocrx_word' id='word_1_11' title='bbox 266 552 413 614; x_wconf 84' lang='lat' dir='ltr'><strong>reperere</strong></span> <span class='ocrx_word' id='word_1_12' title='bbox 432 553 453 595; x_wconf 84' lang='lat' dir='ltr'><strong>a</strong></span> <span class='ocrx_word' id='word_1_13' title='bbox 473 531 626 596; x_wconf 80' lang='lat' dir='ltr'><strong>charitate</strong></span> <span class='ocrx_word' id='word_1_14' title='bbox 649 530 718 603; x_wconf 78' lang='lat' dir='ltr'><strong>het,</strong></span> <span class='ocrx_word' id='word_1_15' title='bbox 733 550 813 612; x_wconf 83' lang='lat' dir='ltr'><strong>quoe</strong></span> <span class='ocrx_word' id='word_1_16' title='bbox 832 540 875 591; x_wconf 87' lang='lat' dir='ltr'><strong>cst</strong></span> <span class='ocrx_word' id='word_1_17' title='bbox 895 529 931 592; x_wconf 77' lang='lat' dir='ltr'><strong>in</strong></span> <span class='ocrx_word' id='word_1_18' title='bbox 955 527 1081 593; x_wconf 81' lang='lat' dir='ltr'><strong>Christo</strong></span> <span class='ocrx_word' id='word_1_19' title='bbox 1101 525 1174 590; x_wconf 80' lang='lat' dir='ltr'><strong>Jcso</strong></span> <span class='ocrx_word' id='word_1_20' title='bbox 1197 527 1275 590; x_wconf 84' lang='lat' dir='ltr'><strong>iloni·</strong></span> 
     </span>
     <span class='ocr_line' id='line_1_3' title="bbox 186 617 1277 712; baseline -0.008 -15"><span class='ocrx_word' id='word_1_21' title='bbox 186 653 229 697; x_wconf 84' lang='lat' dir='ltr'><strong>no</strong></span> <span class='ocrx_word' id='word_1_22' title='bbox 249 645 368 696; x_wconf 83' lang='lat' dir='ltr'><strong>aestro.</strong></span> <span class='ocrx_word' id='word_1_23' title='bbox 387 633 438 695; x_wconf 81' lang='lat' dir='ltr'><strong>Aa</strong></span> <span class='ocrx_word' id='word_1_24' title='bbox 459 651 522 694; x_wconf 82' lang='lat' dir='ltr'><strong>nore</strong></span> <span class='ocrx_word' id='word_1_25' title='bbox 542 631 638 695; x_wconf 81' lang='lat' dir='ltr'><strong>totius</strong></span> <span class='ocrx_word' id='word_1_26' title='bbox 657 629 846 712; x_wconf 82' lang='lat' dir='ltr'><strong>pentilitotir</strong></span> <span class='ocrx_word' id='word_1_27' title='bbox 866 617 956 691; x_wconf 83' lang='lat' dir='ltr'><strong>error</strong></span> <span class='ocrx_word' id='word_1_28' title='bbox 969 627 1046 691; x_wconf 84' lang='lat' dir='ltr'><strong>hinc</strong></span> <span class='ocrx_word' id='word_1_29' title='bbox 1068 628 1188 704; x_wconf 80' lang='lat' dir='ltr'><strong>occepit</strong></span> <span class='ocrx_word' id='word_1_30' title='bbox 1207 645 1277 689; x_wconf 84' lang='lat' dir='ltr'><strong>ecor-</strong></span> 
     </span>
     <span class='ocr_line' id='line_1_4' title="bbox 186 730 1279 812; baseline -0.007 -15"><span class='ocrx_word' id='word_1_31' title='bbox 186 730 308 798; x_wconf 73' lang='lat' dir='ltr'><strong>atomi</strong></span> <span class='ocrx_word' id='word_1_32' title='bbox 331 734 456 799; x_wconf 81' lang='lat' dir='ltr'><strong>idcirco</strong></span> <span class='ocrx_word' id='word_1_33' title='bbox 477 734 618 797; x_wconf 86' lang='lat' dir='ltr'><strong>scribens</strong></span> <span class='ocrx_word' id='word_1_34' title='bbox 640 735 678 794; x_wconf 83' lang='lat' dir='ltr'><strong>ao</strong></span> <span class='ocrx_word' id='word_1_35' title='bbox 702 731 915 812; x_wconf 79' lang='lat' dir='ltr'><strong>Gregorinm,</strong></span> <span class='ocrx_word' id='word_1_36' title='bbox 932 733 1088 795; x_wconf 85' lang='lat' dir='ltr'><strong>hortabar</strong></span> <span class='ocrx_word' id='word_1_37' title='bbox 1105 743 1140 795; x_wconf 86' lang='lat' dir='ltr'><strong>nt</strong></span> <span class='ocrx_word' id='word_1_38' title='bbox 1155 738 1239 793; x_wconf 83' lang='lat' dir='ltr'><strong>conte</strong></span> <span class='ocrx_word' id='word_1_39' title='bbox 1256 749 1279 790; x_wconf 84' lang='lat' dir='ltr'><strong>sc</strong></span> 
     </span>
     <span class='ocr_line' id='line_1_5' title="bbox 186 831 1283 916; baseline -0.004 -20"><span class='ocrx_word' id='word_1_40' title='bbox 186 845 294 916; x_wconf 80' lang='lat' dir='ltr'><strong>operat</strong></span> <span class='ocrx_word' id='word_1_41' title='bbox 314 833 351 896; x_wconf 83' lang='lat' dir='ltr'><strong>io</strong></span> <span class='ocrx_word' id='word_1_42' title='bbox 370 833 511 914; x_wconf 77' lang='lat' dir='ltr'><strong>prolium</strong></span> <span class='ocrx_word' id='word_1_43' title='bbox 530 831 713 912; x_wconf 75' lang='lat' dir='ltr'><strong>disciplinis</strong></span> <span class='ocrx_word' id='word_1_44' title='bbox 734 834 890 908; x_wconf 79' lang='lat' dir='ltr'><strong>nocendo,</strong></span> <span class='ocrx_word' id='word_1_45' title='bbox 905 851 943 895; x_wconf 82' lang='lat' dir='ltr'><strong>vec</strong></span> <span class='ocrx_word' id='word_1_46' title='bbox 962 834 1044 914; x_wconf 77' lang='lat' dir='ltr'><strong>sorte</strong></span> <span class='ocrx_word' id='word_1_47' title='bbox 1066 833 1102 894; x_wconf 83' lang='lat' dir='ltr'><strong>ia</strong></span> <span class='ocrx_word' id='word_1_48' title='bbox 1121 851 1230 895; x_wconf 82' lang='lat' dir='ltr'><strong>eornm</strong></span> <span class='ocrx_word' id='word_1_49' title='bbox 1246 833 1283 892; x_wconf 83' lang='lat' dir='ltr'><strong>to·</strong></span> 
     </span>
     <span class='ocr_line' id='line_1_6' title="bbox 186 932 1286 1019; baseline -0.006 -18"><span class='ocrx_word' id='word_1_50' title='bbox 186 956 279 1019; x_wconf 79' lang='lat' dir='ltr'><strong>procos</strong></span> <span class='ocrx_word' id='word_1_51' title='bbox 300 935 461 999; x_wconf 79' lang='lat' dir='ltr'><strong>incideret.</strong></span> <span class='ocrx_word' id='word_1_52' title='bbox 481 935 595 999; x_wconf 80' lang='lat' dir='ltr'><strong>Plures</strong></span> <span class='ocrx_word' id='word_1_53' title='bbox 615 935 698 1002; x_wconf 82' lang='lat' dir='ltr'><strong>enim</strong></span> <span class='ocrx_word' id='word_1_54' title='bbox 718 935 802 1007; x_wconf 75' lang='lat' dir='ltr'><strong>clini,</strong></span> <span class='ocrx_word' id='word_1_55' title='bbox 819 935 877 1017; x_wconf 81' lang='lat' dir='ltr'><strong>qui</strong></span> <span class='ocrx_word' id='word_1_56' title='bbox 894 944 1061 1016; x_wconf 77' lang='lat' dir='ltr'><strong>postquam</strong></span> <span class='ocrx_word' id='word_1_57' title='bbox 1078 932 1157 1015; x_wconf 80' lang='lat' dir='ltr'><strong>Lepi</strong></span> <span class='ocrx_word' id='word_1_58' title='bbox 1178 933 1229 996; x_wconf 84' lang='lat' dir='ltr'><strong>Dei</strong></span> <span class='ocrx_word' id='word_1_59' title='bbox 1245 952 1286 995; x_wconf 86' lang='lat' dir='ltr'><strong>no·</strong></span> 
     </span>
     <span class='ocr_line' id='line_1_7' title="bbox 186 1035 1286 1120; baseline -0.007 -17"><span class='ocrx_word' id='word_1_60' title='bbox 186 1059 259 1104; x_wconf 84' lang='lat' dir='ltr'><strong>moa</strong></span> <span class='ocrx_word' id='word_1_61' title='bbox 279 1037 436 1112; x_wconf 82' lang='lat' dir='ltr'><strong>dederint,</strong></span> <span class='ocrx_word' id='word_1_62' title='bbox 450 1057 522 1102; x_wconf 80' lang='lat' dir='ltr'><strong>com</strong></span> <span class='ocrx_word' id='word_1_63' title='bbox 543 1047 674 1101; x_wconf 70' lang='lat' dir='ltr'><strong>catone</strong></span> <span class='ocrx_word' id='word_1_64' title='bbox 691 1035 891 1119; x_wconf 70' lang='lat' dir='ltr'><strong>philosophia</strong></span> <span class='ocrx_word' id='word_1_65' title='bbox 912 1047 1068 1111; x_wconf 82' lang='lat' dir='ltr'><strong>versatos,</strong></span> <span class='ocrx_word' id='word_1_66' title='bbox 1080 1039 1117 1100; x_wconf 85' lang='lat' dir='ltr'><strong>oh</strong></span> <span class='ocrx_word' id='word_1_67' title='bbox 1130 1037 1286 1120; x_wconf 77' lang='lat' dir='ltr'><strong>quondan</strong></span> 
     </span>
     <span class='ocr_line' id='line_1_8' title="bbox 188 1137 1127 1221; baseline -0.007 -19"><span class='ocrx_word' id='word_1_68' title='bbox 188 1159 260 1204; x_wconf 84' lang='lat' dir='ltr'><strong>cum</strong></span> <span class='ocrx_word' id='word_1_69' title='bbox 280 1139 351 1221; x_wconf 83' lang='lat' dir='ltr'><strong>ipae</strong></span> <span class='ocrx_word' id='word_1_70' title='bbox 370 1139 485 1204; x_wconf 80' lang='lat' dir='ltr'><strong>initam</strong></span> <span class='ocrx_word' id='word_1_71' title='bbox 506 1138 702 1220; x_wconf 70' lang='lat' dir='ltr'><strong>affinitatem,</strong></span> <span class='ocrx_word' id='word_1_72' title='bbox 723 1159 743 1202; x_wconf 88' lang='lat' dir='ltr'><strong>a</strong></span> <span class='ocrx_word' id='word_1_73' title='bbox 763 1139 892 1202; x_wconf 84' lang='lat' dir='ltr'><strong>veritate</strong></span> <span class='ocrx_word' id='word_1_74' title='bbox 912 1137 1086 1202; x_wconf 74' lang='lat' dir='ltr'><strong>decessisse,</strong></span> <span class='ocrx_word' id='word_1_75' title='bbox 1109 1158 1127 1195; x_wconf 80' lang='lat' dir='ltr'><strong>a</strong></span> 
     </span>
    </p>

    <p class='ocr_par' dir='ltr' id='par_1_2' title="bbox 187 1239 1288 1727">
     <span class='ocr_line' id='line_1_9' title="bbox 271 1239 1286 1322; baseline -0.003 -18"><span class='ocrx_word' id='word_1_76' title='bbox 271 1239 328 1305; x_wconf 87' lang='lat' dir='ltr'><strong>His</strong></span> <span class='ocrx_word' id='word_1_77' title='bbox 344 1243 531 1322; x_wconf 85' lang='lat' dir='ltr'><strong>praemissis</strong></span> <span class='ocrx_word' id='word_1_78' title='bbox 550 1242 753 1305; x_wconf 89' lang='lat' dir='ltr'><strong>cautionibus</strong></span> <span class='ocrx_word' id='word_1_79' title='bbox 769 1260 828 1322; x_wconf 87' lang='lat' dir='ltr'><strong>pro</strong></span> <span class='ocrx_word' id='word_1_80' title='bbox 851 1259 901 1304; x_wconf 88' lang='lat' dir='ltr'><strong>me</strong></span> <span class='ocrx_word' id='word_1_81' title='bbox 923 1243 970 1305; x_wconf 88' lang='lat' dir='ltr'><strong>nti</strong></span> <span class='ocrx_word' id='word_1_82' title='bbox 985 1251 1018 1304; x_wconf 91' lang='lat' dir='ltr'><strong>ct</strong></span> <span class='ocrx_word' id='word_1_83' title='bbox 1038 1259 1100 1320; x_wconf 91' lang='lat' dir='ltr'><strong>pro</strong></span> <span class='ocrx_word' id='word_1_84' title='bbox 1121 1241 1193 1303; x_wconf 86' lang='lat' dir='ltr'><strong>aliis</strong></span> <span class='ocrx_word' id='word_1_85' title='bbox 1212 1241 1286 1304; x_wconf 82' lang='lat' dir='ltr'><strong>ciret</strong></span> 
     </span>
     <span class='ocr_line' id='line_1_10' title="bbox 189 1340 1288 1422; baseline -0.002 -16"><span class='ocrx_word' id='word_1_86' title='bbox 189 1341 387 1422; x_wconf 79' lang='lat' dir='ltr'><strong>Theologiae</strong></span> <span class='ocrx_word' id='word_1_87' title='bbox 407 1343 600 1405; x_wconf 69' lang='lat' dir='ltr'><strong>christianae</strong></span> <span class='ocrx_word' id='word_1_88' title='bbox 622 1344 866 1413; x_wconf 88' lang='lat' dir='ltr'><strong>institutionem,</strong></span> <span class='ocrx_word' id='word_1_89' title='bbox 882 1360 944 1404; x_wconf 87' lang='lat' dir='ltr'><strong>non</strong></span> <span class='ocrx_word' id='word_1_90' title='bbox 965 1351 1013 1405; x_wconf 89' lang='lat' dir='ltr'><strong>est</strong></span> <span class='ocrx_word' id='word_1_91' title='bbox 1034 1340 1220 1416; x_wconf 80' lang='lat' dir='ltr'><strong>dicendane,</strong></span> <span class='ocrx_word' id='word_1_92' title='bbox 1240 1357 1288 1404; x_wconf 82' lang='lat' dir='ltr'><strong>nee</strong></span> 
     </span>
     <span class='ocr_line' id='line_1_11' title="bbox 189 1443 1287 1529; baseline -0.003 -20"><span class='ocrx_word' id='word_1_93' title='bbox 189 1446 416 1525; x_wconf 84' lang='lat' dir='ltr'><strong>auspicandum</strong></span> <span class='ocrx_word' id='word_1_94' title='bbox 439 1444 582 1523; x_wconf 85' lang='lat' dir='ltr'><strong>quidem,</strong></span> <span class='ocrx_word' id='word_1_95' title='bbox 606 1463 656 1506; x_wconf 90' lang='lat' dir='ltr'><strong>me</strong></span> <span class='ocrx_word' id='word_1_96' title='bbox 678 1462 797 1507; x_wconf 85' lang='lat' dir='ltr'><strong>novum</strong></span> <span class='ocrx_word' id='word_1_97' title='bbox 820 1443 954 1523; x_wconf 81' lang='lat' dir='ltr'>aliquod</span> <span class='ocrx_word' id='word_1_98' title='bbox 974 1444 1143 1508; x_wconf 83' lang='lat' dir='ltr'><strong>doctrinae</strong></span> <span class='ocrx_word' id='word_1_99' title='bbox 1163 1455 1287 1529; x_wconf 74' lang='lat' dir='ltr'><strong>systenn</strong></span> 
     </span>
     <span class='ocr_line' id='line_1_12' title="bbox 187 1543 1288 1626; baseline -0.004 -17"><span class='ocrx_word' id='word_1_100' title='bbox 187 1545 396 1609; x_wconf 72' lang='lat' dir='ltr'>introducere</span> <span class='ocrx_word' id='word_1_101' title='bbox 419 1547 559 1609; x_wconf 86' lang='lat' dir='ltr'><strong>voluisse</strong></span> <span class='ocrx_word' id='word_1_102' title='bbox 581 1555 710 1623; x_wconf 85' lang='lat' dir='ltr'><strong>praeter</strong></span> <span class='ocrx_word' id='word_1_103' title='bbox 731 1545 833 1616; x_wconf 89' lang='lat' dir='ltr'><strong>illud,</strong></span> <span class='ocrx_word' id='word_1_104' title='bbox 849 1545 942 1625; x_wconf 66' lang='lat' dir='ltr'><strong>,qnod</strong></span> <span class='ocrx_word' id='word_1_105' title='bbox 964 1563 982 1606; x_wconf 84' lang='lat' dir='ltr'><strong>a</strong></span> <span class='ocrx_word' id='word_1_106' title='bbox 1009 1543 1188 1626; x_wconf 87' lang='lat' dir='ltr'><strong>Scriptcris</strong></span> <span class='ocrx_word' id='word_1_107' title='bbox 1208 1554 1238 1608; x_wconf 90' lang='lat' dir='ltr'><strong>et</strong></span> <span class='ocrx_word' id='word_1_108' title='bbox 1254 1544 1288 1605; x_wconf 88' lang='lat' dir='ltr'><strong>rh</strong></span> 
     </span>
     <span class='ocr_line' id='line_1_13' title="bbox 190 1645 1287 1727; baseline -0.002 -18"><span class='ocrx_word' id='word_1_109' title='bbox 190 1648 344 1727; x_wconf 80' lang='lat' dir='ltr'><strong>apostolis</strong></span> <span class='ocrx_word' id='word_1_110' title='bbox 368 1648 520 1710; x_wconf 86' lang='lat' dir='ltr'><strong>traditum</strong></span> <span class='ocrx_word' id='word_1_111' title='bbox 536 1657 619 1722; x_wconf 89' lang='lat' dir='ltr'><strong>erat,</strong></span> <span class='ocrx_word' id='word_1_112' title='bbox 637 1657 668 1709; x_wconf 87' lang='lat' dir='ltr'><strong>ct</strong></span> <span class='ocrx_word' id='word_1_113' title='bbox 690 1648 720 1708; x_wconf 91' lang='lat' dir='ltr'><strong>in</strong></span> <span class='ocrx_word' id='word_1_114' title='bbox 743 1645 886 1710; x_wconf 75' lang='lat' dir='ltr'><strong>Ecclesia</strong></span> <span class='ocrx_word' id='word_1_115' title='bbox 908 1666 948 1710; x_wconf 87' lang='lat' dir='ltr'><strong>eo</strong></span> <span class='ocrx_word' id='word_1_116' title='bbox 970 1667 1075 1727; x_wconf 83' lang='lat' dir='ltr'><strong>usqne</strong></span> <span class='ocrx_word' id='word_1_117' title='bbox 1090 1649 1287 1711; x_wconf 85' lang='lat' dir='ltr'><strong>custoditum.</strong></span> 
     </span>
    </p>

    <p class='ocr_par' dir='ltr' id='par_1_3' title="bbox 179 1749 1288 3749">
     <span class='ocr_line' id='line_1_14' title="bbox 272 1749 1288 1829; baseline -0.002 -17"><span class='ocrx_word' id='word_1_118' title='bbox 272 1751 318 1814; x_wconf 85' lang='lat' dir='ltr'><strong>hc</strong></span> <span class='ocrx_word' id='word_1_119' title='bbox 339 1752 468 1814; x_wconf 86' lang='lat' dir='ltr'><strong>inierim</strong></span> <span class='ocrx_word' id='word_1_120' title='bbox 490 1750 566 1812; x_wconf 91' lang='lat' dir='ltr'><strong>hnic</strong></span> <span class='ocrx_word' id='word_1_121' title='bbox 588 1749 745 1829; x_wconf 86' lang='lat' dir='ltr'><strong>principio</strong></span> <span class='ocrx_word' id='word_1_122' title='bbox 766 1751 917 1824; x_wconf 79' lang='lat' dir='ltr'><strong>innixus,</strong></span> <span class='ocrx_word' id='word_1_123' title='bbox 941 1768 991 1813; x_wconf 89' lang='lat' dir='ltr'><strong>me</strong></span> <span class='ocrx_word' id='word_1_124' title='bbox 1012 1768 1129 1828; x_wconf 80' lang='lat' dir='ltr'>nempe</span> <span class='ocrx_word' id='word_1_125' title='bbox 1164 1758 1288 1829; x_wconf 88' lang='lat' dir='ltr'><strong>putare,</strong></span> 
     </span>
     <span class='ocr_line' id='line_1_15' title="bbox 186 1850 1288 1931; baseline -0.006 -13"><span class='ocrx_word' id='word_1_126' title='bbox 186 1853 321 1918; x_wconf 81' lang='lat' dir='ltr'><strong>credere</strong></span> <span class='ocrx_word' id='word_1_127' title='bbox 342 1863 374 1916; x_wconf 89' lang='lat' dir='ltr'><strong>et</strong></span> <span class='ocrx_word' id='word_1_128' title='bbox 395 1853 513 1916; x_wconf 74' lang='lat' dir='ltr'><strong>(locere</strong></span> <span class='ocrx_word' id='word_1_129' title='bbox 536 1850 634 1924; x_wconf 86' lang='lat' dir='ltr'><strong>nolle,</strong></span> <span class='ocrx_word' id='word_1_130' title='bbox 653 1854 710 1913; x_wconf 90' lang='lat' dir='ltr'><strong>nisi</strong></span> <span class='ocrx_word' id='word_1_131' title='bbox 732 1851 818 1931; x_wconf 84' lang='lat' dir='ltr'><strong>quoti</strong></span> <span class='ocrx_word' id='word_1_132' title='bbox 842 1850 1163 1923; x_wconf 69' lang='lat' dir='ltr'><strong>Ecclesiadoeehat,</strong></span> <span class='ocrx_word' id='word_1_133' title='bbox 1180 1853 1288 1913; x_wconf 83' lang='lat' dir='ltr'><strong>verilrn</strong></span> 
     </span>
     <span class='ocr_line' id='line_1_16' title="bbox 179 1951 1287 2028; baseline -0.008 -9"><span class='ocrx_word' id='word_1_134' title='bbox 179 1956 428 2019; x_wconf 76' lang='lat' dir='ltr'><strong>‘haereticoram</strong></span> <span class='ocrx_word' id='word_1_135' title='bbox 450 1961 482 2017; x_wconf 87' lang='lat' dir='ltr'><strong>et</strong></span> <span class='ocrx_word' id='word_1_136' title='bbox 503 1953 689 2017; x_wconf 84' lang='lat' dir='ltr'><strong>invidorum</strong></span> <span class='ocrx_word' id='word_1_137' title='bbox 711 1953 867 2016; x_wconf 81' lang='lat' dir='ltr'><strong>adversus</strong></span> <span class='ocrx_word' id='word_1_138' title='bbox 888 1973 939 2016; x_wconf 90' lang='lat' dir='ltr'><strong>me</strong></span> <span class='ocrx_word' id='word_1_139' title='bbox 961 1954 1164 2028; x_wconf 77' lang='lat' dir='ltr'><strong>calumnias,</strong></span> <span class='ocrx_word' id='word_1_140' title='bbox 1185 1951 1287 2028; x_wconf 76' lang='lat' dir='ltr'><strong>scripsi</strong></span> 
     </span>
     <span class='ocr_line' id='line_1_17' title="bbox 187 2051 1288 2137; baseline -0.007 -16"><span class='ocrx_word' id='word_1_141' title='bbox 187 2057 227 2121; x_wconf 88' lang='lat' dir='ltr'><strong>ad</strong></span> <span class='ocrx_word' id='word_1_142' title='bbox 250 2058 417 2137; x_wconf 89' lang='lat' dir='ltr'><strong>episcopos</strong></span> <span class='ocrx_word' id='word_1_143' title='bbox 434 2063 465 2117; x_wconf 87' lang='lat' dir='ltr'><strong>ct</strong></span> <span class='ocrx_word' id='word_1_144' title='bbox 481 2054 519 2116; x_wconf 84' lang='lat' dir='ltr'><strong>ad</strong></span> <span class='ocrx_word' id='word_1_145' title='bbox 535 2052 711 2116; x_wconf 82' lang='lat' dir='ltr'><strong>Fabianum</strong></span> <span class='ocrx_word' id='word_1_146' title='bbox 737 2053 867 2135; x_wconf 85' lang='lat' dir='ltr'><strong>Papam,</strong></span> <span class='ocrx_word' id='word_1_147' title='bbox 883 2055 960 2118; x_wconf 93' lang='lat' dir='ltr'><strong>hnic</strong></span> <span class='ocrx_word' id='word_1_148' title='bbox 981 2072 1147 2130; x_wconf 77' lang='lat' dir='ltr'><strong>exponens</strong></span> <span class='ocrx_word' id='word_1_149' title='bbox 1168 2073 1205 2116; x_wconf 90' lang='lat' dir='ltr'><strong>ac</strong></span> <span class='ocrx_word' id='word_1_150' title='bbox 1223 2051 1288 2115; x_wconf 82' lang='lat' dir='ltr'><strong>suh</strong></span> 
     </span>
     <span class='ocr_line' id='line_1_18' title="bbox 185 2156 1288 2240; baseline -0.004 -21"><span class='ocrx_word' id='word_1_151' title='bbox 185 2159 312 2240; x_wconf 82' lang='lat' dir='ltr'><strong>jiciens,</strong></span> <span class='ocrx_word' id='word_1_152' title='bbox 335 2159 381 2220; x_wconf 89' lang='lat' dir='ltr'><strong>nti</strong></span> <span class='ocrx_word' id='word_1_153' title='bbox 404 2156 580 2235; x_wconf 86' lang='lat' dir='ltr'><strong>discipulus</strong></span> <span class='ocrx_word' id='word_1_154' title='bbox 603 2158 769 2235; x_wconf 80' lang='lat' dir='ltr'><strong>magistro,</strong></span> <span class='ocrx_word' id='word_1_155' title='bbox 789 2160 946 2220; x_wconf 88' lang='lat' dir='ltr'><strong>sinceram</strong></span> <span class='ocrx_word' id='word_1_156' title='bbox 969 2175 1059 2218; x_wconf 87' lang='lat' dir='ltr'><strong>meac</strong></span> <span class='ocrx_word' id='word_1_157' title='bbox 1080 2156 1157 2218; x_wconf 75' lang='lat' dir='ltr'><strong>helei</strong></span> <span class='ocrx_word' id='word_1_158' title='bbox 1179 2156 1288 2232; x_wconf 88' lang='lat' dir='ltr'><strong>proles·</strong></span> 
     </span>
     <span class='ocr_line' id='line_1_19' title="bbox 188 2255 1288 2339; baseline -0.004 -17"><span class='ocrx_word' id='word_1_159' title='bbox 188 2261 324 2323; x_wconf 86' lang='lat' dir='ltr'><strong>sionem.</strong></span> <span class='ocrx_word' id='word_1_160' title='bbox 346 2258 465 2336; x_wconf 80' lang='lat' dir='ltr'><strong>Scripsi</strong></span> <span class='ocrx_word' id='word_1_161' title='bbox 497 2258 535 2318; x_wconf 87' lang='lat' dir='ltr'><strong>ad</strong></span> <span class='ocrx_word' id='word_1_162' title='bbox 561 2256 760 2332; x_wconf 79' lang='lat' dir='ltr'><strong>Fabianum,</strong></span> <span class='ocrx_word' id='word_1_163' title='bbox 781 2258 926 2339; x_wconf 86' lang='lat' dir='ltr'><strong>ejusdem</strong></span> <span class='ocrx_word' id='word_1_164' title='bbox 952 2258 1150 2338; x_wconf 75' lang='lat' dir='ltr'><strong>pontificiam</strong></span> <span class='ocrx_word' id='word_1_165' title='bbox 1181 2255 1288 2320; x_wconf 87' lang='lat' dir='ltr'><strong>reveri·</strong></span> 
     </span>
     <span class='ocr_line' id='line_1_20' title="bbox 192 2359 1286 2437; baseline -0.006 -14"><span class='ocrx_word' id='word_1_166' title='bbox 192 2368 243 2423; x_wconf 86' lang='lat' dir='ltr'><strong>tes</strong></span> <span class='ocrx_word' id='word_1_167' title='bbox 264 2360 491 2422; x_wconf 88' lang='lat' dir='ltr'><strong>auctoritatem</strong></span> <span class='ocrx_word' id='word_1_168' title='bbox 503 2377 514 2436; x_wconf 80' lang='lat'><em>3</em></span> <span class='ocrx_word' id='word_1_169' title='bbox 537 2375 599 2419; x_wconf 92' lang='lat' dir='ltr'><strong>non</strong></span> <span class='ocrx_word' id='word_1_170' title='bbox 620 2360 714 2421; x_wconf 85' lang='lat' dir='ltr'><strong>sicuti</strong></span> <span class='ocrx_word' id='word_1_171' title='bbox 737 2359 955 2432; x_wconf 74' lang='lat' dir='ltr'><strong>recentiores,</strong></span> <span class='ocrx_word' id='word_1_172' title='bbox 978 2361 1033 2437; x_wconf 90' lang='lat' dir='ltr'><strong>qni</strong></span> <span class='ocrx_word' id='word_1_173' title='bbox 1056 2377 1129 2419; x_wconf 86' lang='lat' dir='ltr'><strong>eam</strong></span> <span class='ocrx_word' id='word_1_174' title='bbox 1159 2365 1286 2421; x_wconf 88' lang='lat' dir='ltr'><strong>conten·</strong></span> 
     </span>
     <span class='ocr_line' id='line_1_21' title="bbox 186 2457 1287 2539; baseline -0.006 -17"><span class='ocrx_word' id='word_1_175' title='bbox 186 2466 280 2522; x_wconf 86' lang='lat' dir='ltr'><strong>nunt.</strong></span> <span class='ocrx_word' id='word_1_176' title='bbox 302 2457 440 2522; x_wconf 87' lang='lat' dir='ltr'><strong>Etcum</strong></span> <span class='ocrx_word' id='word_1_177' title='bbox 464 2460 507 2521; x_wconf 84' lang='lat' dir='ltr'><strong>ita</strong></span> <span class='ocrx_word' id='word_1_178' title='bbox 528 2459 717 2534; x_wconf 85' lang='lat' dir='ltr'><strong>scriberem,</strong></span> <span class='ocrx_word' id='word_1_179' title='bbox 741 2477 905 2539; x_wconf 88' lang='lat' dir='ltr'><strong>nunquam</strong></span> <span class='ocrx_word' id='word_1_180' title='bbox 927 2459 1034 2520; x_wconf 89' lang='lat' dir='ltr'><strong>animo</strong></span> <span class='ocrx_word' id='word_1_181' title='bbox 1056 2459 1227 2537; x_wconf 80' lang='lat' dir='ltr'><strong>fingebam,</strong></span> <span class='ocrx_word' id='word_1_182' title='bbox 1246 2473 1287 2517; x_wconf 90' lang='lat' dir='ltr'><strong>me</strong></span> 
     </span>
     <span class='ocr_line' id='line_1_22' title="bbox 188 2559 1285 2643; baseline -0.004 -21"><span class='ocrx_word' id='word_1_183' title='bbox 188 2579 309 2623; x_wconf 89' lang='lat' dir='ltr'><strong>novum</strong></span> <span class='ocrx_word' id='word_1_184' title='bbox 331 2560 474 2634; x_wconf 90' lang='lat' dir='ltr'><strong>scholae,</strong></span> <span class='ocrx_word' id='word_1_185' title='bbox 494 2561 545 2622; x_wconf 87' lang='lat' dir='ltr'><strong>vol</strong></span> <span class='ocrx_word' id='word_1_186' title='bbox 566 2561 732 2622; x_wconf 86' lang='lat' dir='ltr'><strong>doctrinae</strong></span> <span class='ocrx_word' id='word_1_187' title='bbox 752 2570 892 2643; x_wconf 77' lang='lat' dir='ltr'><strong>systema</strong></span> <span class='ocrx_word' id='word_1_188' title='bbox 913 2560 954 2621; x_wconf 89' lang='lat' dir='ltr'><strong>ah</strong></span> <span class='ocrx_word' id='word_1_189' title='bbox 975 2561 1152 2637; x_wconf 82' lang='lat' dir='ltr'><strong>apostolica</strong></span> <span class='ocrx_word' id='word_1_190' title='bbox 1176 2559 1285 2619; x_wconf 86' lang='lat' dir='ltr'><strong>institn-</strong></span> 
     </span>
     <span class='ocr_line' id='line_1_23' title="bbox 189 2658 1281 2738; baseline -0.005 -14"><span class='ocrx_word' id='word_1_191' title='bbox 189 2663 274 2724; x_wconf 90' lang='lat' dir='ltr'><strong>lione</strong></span> <span class='ocrx_word' id='word_1_192' title='bbox 295 2662 438 2723; x_wconf 87' lang='lat' dir='ltr'><strong>alienum</strong></span> <span class='ocrx_word' id='word_1_193' title='bbox 460 2663 599 2738; x_wconf 81' lang='lat' dir='ltr'><strong>erigere,</strong></span> <span class='ocrx_word' id='word_1_194' title='bbox 621 2662 715 2723; x_wconf 87' lang='lat' dir='ltr'><strong>sicuti</strong></span> <span class='ocrx_word' id='word_1_195' title='bbox 738 2669 921 2724; x_wconf 76' lang='lat' dir='ltr'><strong>novatores.</strong></span> <span class='ocrx_word' id='word_1_196' title='bbox 944 2658 1055 2735; x_wconf 86' lang='lat' dir='ltr'><strong>Quum</strong></span> <span class='ocrx_word' id='word_1_197' title='bbox 1078 2679 1191 2736; x_wconf 85' lang='lat' dir='ltr'><strong>reapse</strong></span> <span class='ocrx_word' id='word_1_198' title='bbox 1212 2660 1281 2738; x_wconf 89' lang='lat' dir='ltr'><strong>ipsi,</strong></span> 
     </span>
     <span class='ocr_line' id='line_1_24' title="bbox 189 2762 1285 2842; baseline -0.004 -17"><span class='ocrx_word' id='word_1_199' title='bbox 189 2780 252 2827; x_wconf 91' lang='lat' dir='ltr'><strong>non</strong></span> <span class='ocrx_word' id='word_1_200' title='bbox 275 2780 353 2826; x_wconf 90' lang='lat' dir='ltr'><strong>vcro</strong></span> <span class='ocrx_word' id='word_1_201' title='bbox 373 2781 446 2842; x_wconf 84' lang='lat' dir='ltr'><strong>ego,</strong></span> <span class='ocrx_word' id='word_1_202' title='bbox 471 2767 580 2824; x_wconf 86' lang='lat' dir='ltr'><strong>vetera</strong></span> <span class='ocrx_word' id='word_1_203' title='bbox 603 2769 715 2842; x_wconf 88' lang='lat' dir='ltr'><strong>putent</strong></span> <span class='ocrx_word' id='word_1_204' title='bbox 737 2762 941 2838; x_wconf 77' lang='lat' dir='ltr'><strong>reformare,</strong></span> <span class='ocrx_word' id='word_1_205' title='bbox 965 2781 1046 2823; x_wconf 89' lang='lat' dir='ltr'><strong>nova</strong></span> <span class='ocrx_word' id='word_1_206' title='bbox 1070 2768 1285 2841; x_wconf 86' lang='lat' dir='ltr'><strong>componentes</strong></span> 
     </span>
     <span class='ocr_line' id='line_1_25' title="bbox 187 2861 1284 2945; baseline -0.002 -20"><span class='ocrx_word' id='word_1_207' title='bbox 187 2869 360 2945; x_wconf 78' lang='lat' dir='ltr'><strong>systemata</strong></span> <span class='ocrx_word' id='word_1_208' title='bbox 382 2863 547 2926; x_wconf 87' lang='lat' dir='ltr'><strong>doctrinae</strong></span> <span class='ocrx_word' id='word_1_209' title='bbox 570 2862 733 2927; x_wconf 83' lang='lat' dir='ltr'><strong>Ecclesiae</strong></span> <span class='ocrx_word' id='word_1_210' title='bbox 764 2861 928 2926; x_wconf 87' lang='lat' dir='ltr'><strong>Romanae</strong></span> <span class='ocrx_word' id='word_1_211' title='bbox 957 2865 1133 2926; x_wconf 87' lang='lat' dir='ltr'><strong>contraria.</strong></span> <span class='ocrx_word' id='word_1_212' title='bbox 1159 2863 1284 2942; x_wconf 87' lang='lat' dir='ltr'><strong>ideoque</strong></span> 
     </span>
     <span class='ocr_line' id='line_1_26' title="bbox 187 2965 1284 3043; baseline -0.006 -15"><span class='ocrx_word' id='word_1_213' title='bbox 187 2966 283 3028; x_wconf 84' lang='lat' dir='ltr'><strong>sicuti</strong></span> <span class='ocrx_word' id='word_1_214' title='bbox 307 2972 450 3039; x_wconf 86' lang='lat' dir='ltr'><strong>veteres,</strong></span> <span class='ocrx_word' id='word_1_215' title='bbox 474 2966 517 3027; x_wconf 89' lang='lat' dir='ltr'><strong>ita</strong></span> <span class='ocrx_word' id='word_1_216' title='bbox 539 2973 571 3028; x_wconf 90' lang='lat' dir='ltr'><strong>et</strong></span> <span class='ocrx_word' id='word_1_217' title='bbox 593 2965 802 3026; x_wconf 77' lang='lat' dir='ltr'><strong>recentiores</strong></span> <span class='ocrx_word' id='word_1_218' title='bbox 821 2967 852 3026; x_wconf 93' lang='lat' dir='ltr'><strong>in</strong></span> <span class='ocrx_word' id='word_1_219' title='bbox 885 2966 1111 3043; x_wconf 81' lang='lat' dir='ltr'><strong>imaginatione</strong></span> <span class='ocrx_word' id='word_1_220' title='bbox 1142 2983 1200 3029; x_wconf 87' lang='lat' dir='ltr'><strong>sna</strong></span> <span class='ocrx_word' id='word_1_221' title='bbox 1229 2974 1284 3024; x_wconf 87' lang='lat' dir='ltr'><strong>tan·</strong></span> 
     </span>
     <span class='ocr_line' id='line_1_27' title="bbox 189 3067 1281 3171; baseline -0.005 -41"><span class='ocrx_word' id='word_1_222' title='bbox 189 3068 357 3151; x_wconf 84' lang='lat' dir='ltr'><strong>tummodo</strong></span> <span class='ocrx_word' id='word_1_223' title='bbox 378 3076 613 3171; x_wconf 88' lang='lat' dir='ltr'><strong>conceperunt</strong></span> <span class='ocrx_word' id='word_1_224' title='bbox 616 3075 648 3130; x_wconf 87' lang='lat' dir='ltr'><strong>el</strong></span> <span class='ocrx_word' id='word_1_225' title='bbox 669 3069 852 3145; x_wconf 89' lang='lat' dir='ltr'><strong>concipiunt</strong></span> <span class='ocrx_word' id='word_1_226' title='bbox 879 3075 999 3130; x_wconf 84' lang='lat' dir='ltr'><strong>temere</strong></span> <span class='ocrx_word' id='word_1_227' title='bbox 1020 3067 1061 3128; x_wconf 88' lang='lat' dir='ltr'><strong>de</strong></span> <span class='ocrx_word' id='word_1_228' title='bbox 1092 3086 1144 3129; x_wconf 90' lang='lat' dir='ltr'><strong>me</strong></span> <span class='ocrx_word' id='word_1_229' title='bbox 1174 3082 1281 3130; x_wconf 87' lang='lat' dir='ltr'><strong>novum</strong></span> 
     </span>
     <span class='ocr_line' id='line_1_28' title="bbox 188 3142 1283 3246; baseline -0.005 -17"><span class='ocrx_word' id='word_1_230' title='bbox 188 3144 375 3246; x_wconf 87' lang='lat' dir='ltr'><strong>disciplinae</strong></span> <span class='ocrx_word' id='word_1_231' title='bbox 396 3185 495 3246; x_wconf 74' lang='lat' dir='ltr'><strong>genus</strong></span> <span class='ocrx_word' id='word_1_232' title='bbox 516 3166 557 3228; x_wconf 87' lang='lat' dir='ltr'><strong>ab</strong></span> <span class='ocrx_word' id='word_1_233' title='bbox 577 3142 753 3245; x_wconf 87' lang='lat' dir='ltr'><strong>apostolica</strong></span> <span class='ocrx_word' id='word_1_234' title='bbox 777 3167 947 3228; x_wconf 89' lang='lat' dir='ltr'><strong>traditione</strong></span> <span class='ocrx_word' id='word_1_235' title='bbox 964 3167 1102 3230; x_wconf 84' lang='lat' dir='ltr'><strong>varium.</strong></span> <span class='ocrx_word' id='word_1_236' title='bbox 1122 3165 1283 3244; x_wconf 77' lang='lat' dir='ltr'><strong>Theologia</strong></span> 
     </span>
     <span class='ocr_line' id='line_1_29' title="bbox 187 3265 1284 3345; baseline -0.004 -15"><span class='ocrx_word' id='word_1_237' title='bbox 187 3287 256 3330; x_wconf 88' lang='lat' dir='ltr'><strong>mea</strong></span> <span class='ocrx_word' id='word_1_238' title='bbox 280 3267 318 3327; x_wconf 89' lang='lat' dir='ltr'><strong>ad</strong></span> <span class='ocrx_word' id='word_1_239' title='bbox 343 3268 478 3329; x_wconf 86' lang='lat' dir='ltr'><strong>verbum</strong></span> <span class='ocrx_word' id='word_1_240' title='bbox 496 3265 552 3329; x_wconf 86' lang='lat' dir='ltr'><strong>Dei</strong></span> <span class='ocrx_word' id='word_1_241' title='bbox 567 3285 624 3328; x_wconf 90' lang='lat' dir='ltr'><strong>sen</strong></span> <span class='ocrx_word' id='word_1_242' title='bbox 638 3267 809 3344; x_wconf 86' lang='lat' dir='ltr'><strong>scriptum,</strong></span> <span class='ocrx_word' id='word_1_243' title='bbox 826 3268 877 3329; x_wconf 87' lang='lat' dir='ltr'><strong>vei</strong></span> <span class='ocrx_word' id='word_1_244' title='bbox 899 3267 1053 3328; x_wconf 85' lang='lat' dir='ltr'><strong>traditum</strong></span> <span class='ocrx_word' id='word_1_245' title='bbox 1070 3276 1227 3345; x_wconf 86' lang='lat' dir='ltr'><strong>perpetuo</strong></span> <span class='ocrx_word' id='word_1_246' title='bbox 1239 3282 1284 3342; x_wconf 87' lang='lat' dir='ltr'><strong>rp-</strong></span> 
     </span>
     <span class='ocr_line' id='line_1_30' title="bbox 186 3365 1283 3446; baseline -0.006 -18"><span class='ocrx_word' id='word_1_247' title='bbox 186 3366 334 3442; x_wconf 83' lang='lat' dir='ltr'><strong>pellavit.</strong></span> <span class='ocrx_word' id='word_1_248' title='bbox 360 3366 397 3430; x_wconf 76' lang='lat' dir='ltr'><strong>hs</strong></span> <span class='ocrx_word' id='word_1_249' title='bbox 421 3367 656 3445; x_wconf 86' lang='lat' dir='ltr'><strong>philosophiam</strong></span> <span class='ocrx_word' id='word_1_250' title='bbox 679 3385 781 3428; x_wconf 87' lang='lat' dir='ltr'><strong>meam</strong></span> <span class='ocrx_word' id='word_1_251' title='bbox 810 3368 1003 3430; x_wconf 80' lang='lat' dir='ltr'><strong>incessanter</strong></span> <span class='ocrx_word' id='word_1_252' title='bbox 1024 3367 1149 3446; x_wconf 84' lang='lat' dir='ltr'><strong>subjeci</strong></span> <span class='ocrx_word' id='word_1_253' title='bbox 1174 3365 1283 3426; x_wconf 78' lang='lat' dir='ltr'><strong>divinae</strong></span> 
     </span>
     <span class='ocr_line' id='line_1_31' title="bbox 187 3465 1283 3547; baseline -0.006 -16"><span class='ocrx_word' id='word_1_254' title='bbox 187 3467 404 3541; x_wconf 83' lang='lat' dir='ltr'><strong>Revelationi,</strong></span> <span class='ocrx_word' id='word_1_255' title='bbox 427 3477 459 3529; x_wconf 91' lang='lat' dir='ltr'><strong>et</strong></span> <span class='ocrx_word' id='word_1_256' title='bbox 483 3466 645 3530; x_wconf 83' lang='lat' dir='ltr'><strong>Ecclesiae</strong></span> <span class='ocrx_word' id='word_1_257' title='bbox 669 3467 855 3531; x_wconf 82' lang='lat' dir='ltr'><strong>Catholicae</strong></span> <span class='ocrx_word' id='word_1_258' title='bbox 878 3469 1084 3547; x_wconf 83' lang='lat' dir='ltr'><strong>magisterio:</strong></span> <span class='ocrx_word' id='word_1_259' title='bbox 1103 3487 1142 3530; x_wconf 92' lang='lat' dir='ltr'><strong>ac</strong></span> <span class='ocrx_word' id='word_1_260' title='bbox 1156 3465 1283 3547; x_wconf 77' lang='lat' dir='ltr'><strong>qnotivlic</strong></span> 
     </span>
     <span class='ocr_line' id='line_1_32' title="bbox 189 3568 1281 3648; baseline -0.005 -17"><span class='ocrx_word' id='word_1_261' title='bbox 189 3569 236 3631; x_wconf 90' lang='lat' dir='ltr'><strong>uti</strong></span> <span class='ocrx_word' id='word_1_262' title='bbox 257 3569 435 3647; x_wconf 88' lang='lat' dir='ltr'><strong>discipulus</strong></span> <span class='ocrx_word' id='word_1_263' title='bbox 457 3587 566 3632; x_wconf 88' lang='lat' dir='ltr'><strong>coram</strong></span> <span class='ocrx_word' id='word_1_264' title='bbox 591 3577 678 3631; x_wconf 89' lang='lat' dir='ltr'><strong>tanto</strong></span> <span class='ocrx_word' id='word_1_265' title='bbox 691 3568 860 3648; x_wconf 83' lang='lat' dir='ltr'><strong>Magistro,</strong></span> <span class='ocrx_word' id='word_1_266' title='bbox 877 3570 907 3631; x_wconf 88' lang='lat' dir='ltr'><strong>in</strong></span> <span class='ocrx_word' id='word_1_267' title='bbox 924 3588 961 3632; x_wconf 92' lang='lat' dir='ltr'><strong>ea</strong></span> <span class='ocrx_word' id='word_1_268' title='bbox 984 3587 1088 3648; x_wconf 88' lang='lat' dir='ltr'><strong>usque</strong></span> <span class='ocrx_word' id='word_1_269' title='bbox 1111 3572 1151 3631; x_wconf 86' lang='lat' dir='ltr'><strong>ad</strong></span> <span class='ocrx_word' id='word_1_270' title='bbox 1173 3570 1281 3631; x_wconf 87' lang='lat' dir='ltr'><strong>ohitnn</strong></span> 
     </span>
     <span class='ocr_line' id='line_1_33' title="bbox 187 3678 685 3749; baseline 0 -18"><span class='ocrx_word' id='word_1_271' title='bbox 187 3678 347 3749; x_wconf 86' lang='lat' dir='ltr'><strong>perpetuo</strong></span> <span class='ocrx_word' id='word_1_272' title='bbox 370 3679 581 3733; x_wconf 85' lang='lat' dir='ltr'><strong>conversatus</strong></span> <span class='ocrx_word' id='word_1_273' title='bbox 602 3689 685 3733; x_wconf 88' lang='lat' dir='ltr'><strong>snm.</strong></span> 
     </span>
    </p>

    <p class='ocr_par' dir='ltr' id='par_1_4' title="bbox 179 3765 1285 4253">
     <span class='ocr_line' id='line_1_34' title="bbox 268 3765 1285 3850; baseline -0.007 -18"><span class='ocrx_word' id='word_1_274' title='bbox 268 3767 356 3832; x_wconf 86' lang='lat' dir='ltr'><strong>Etsi</strong></span> <span class='ocrx_word' id='word_1_275' title='bbox 380 3771 460 3832; x_wconf 89' lang='lat' dir='ltr'><strong>hanc</strong></span> <span class='ocrx_word' id='word_1_276' title='bbox 483 3771 576 3832; x_wconf 86' lang='lat' dir='ltr'><strong>iidem</strong></span> <span class='ocrx_word' id='word_1_277' title='bbox 600 3771 763 3850; x_wconf 82' lang='lat' dir='ltr'><strong>prolessus</strong></span> <span class='ocrx_word' id='word_1_278' title='bbox 784 3789 870 3843; x_wconf 87' lang='lat' dir='ltr'><strong>sum,</strong></span> <span class='ocrx_word' id='word_1_279' title='bbox 894 3779 925 3834; x_wconf 89' lang='lat' dir='ltr'><strong>et</strong></span> <span class='ocrx_word' id='word_1_280' title='bbox 946 3772 971 3833; x_wconf 89' lang='lat' dir='ltr'><strong>si</strong></span> <span class='ocrx_word' id='word_1_281' title='bbox 994 3773 1036 3833; x_wconf 88' lang='lat' dir='ltr'><strong>ita</strong></span> <span class='ocrx_word' id='word_1_282' title='bbox 1060 3771 1201 3849; x_wconf 81' lang='lat' dir='ltr'><strong>eredihi3</strong></span> <span class='ocrx_word' id='word_1_283' title='bbox 1221 3775 1249 3831; x_wconf 90' lang='lat' dir='ltr'><strong>et</strong></span> <span class='ocrx_word' id='word_1_284' title='bbox 1265 3765 1285 3827; x_wconf 89' lang='lat' dir='ltr'><strong>si</strong></span> 
     </span>
     <span class='ocr_line' id='line_1_35' title="bbox 189 3866 1284 3952; baseline -0.003 -20"><span class='ocrx_word' id='word_1_285' title='bbox 189 3889 291 3950; x_wconf 88' lang='lat' dir='ltr'><strong>usqne</strong></span> <span class='ocrx_word' id='word_1_286' title='bbox 314 3871 352 3932; x_wconf 89' lang='lat' dir='ltr'><strong>nd</strong></span> <span class='ocrx_word' id='word_1_287' title='bbox 375 3872 499 3934; x_wconf 88' lang='lat' dir='ltr'><strong>obitum</strong></span> <span class='ocrx_word' id='word_1_288' title='bbox 522 3873 727 3950; x_wconf 80' lang='lat' dir='ltr'><strong>perseveravi</strong></span> <span class='ocrx_word' id='word_1_289' title='bbox 751 3871 781 3932; x_wconf 92' lang='lat' dir='ltr'><strong>in</strong></span> <span class='ocrx_word' id='word_1_290' title='bbox 804 3872 864 3934; x_wconf 89' lang='lat' dir='ltr'><strong>hac</strong></span> <span class='ocrx_word' id='word_1_291' title='bbox 888 3873 1113 3950; x_wconf 79' lang='lat' dir='ltr'><strong>contessione3</strong></span> <span class='ocrx_word' id='word_1_292' title='bbox 1137 3888 1236 3952; x_wconf 89' lang='lat' dir='ltr'><strong>quare</strong></span> <span class='ocrx_word' id='word_1_293' title='bbox 1253 3866 1284 3928; x_wconf 88' lang='lat' dir='ltr'><strong>nh</strong></span> 
     </span>
     <span class='ocr_line' id='line_1_36' title="bbox 185 3968 1285 4059; baseline -0.002 -27"><span class='ocrx_word' id='word_1_294' title='bbox 185 3968 331 4032; x_wconf 86' lang='lat' dir='ltr'><strong>Ecclesia</strong></span> <span class='ocrx_word' id='word_1_295' title='bbox 353 3971 472 4037; x_wconf 87' lang='lat' dir='ltr'><strong>Christi</strong></span> <span class='ocrx_word' id='word_1_296' title='bbox 494 3972 620 4035; x_wconf 88' lang='lat' dir='ltr'><strong>alicnus</strong></span> <span class='ocrx_word' id='word_1_297' title='bbox 643 3970 746 4034; x_wconf 80' lang='lat' dir='ltr'><strong>ham?</strong></span> <span class='ocrx_word' id='word_1_298' title='bbox 768 3970 856 4034; x_wconf 88' lang='lat' dir='ltr'><strong>Etsi</strong></span> <span class='ocrx_word' id='word_1_299' title='bbox 878 3972 985 4036; x_wconf 83' lang='lat' dir='ltr'><strong>adhuc</strong></span> <span class='ocrx_word' id='word_1_300' title='bbox 1010 3972 1103 4035; x_wconf 84' lang='lat' dir='ltr'><strong>vivus</strong></span> <span class='ocrx_word' id='word_1_301' title='bbox 1124 3972 1163 4035; x_wconf 88' lang='lat' dir='ltr'><strong>eh</strong></span> <span class='ocrx_word' id='word_1_302' title='bbox 1186 3968 1285 4059; x_wconf 77' lang='lat' dir='ltr'><strong>Echin-</strong></span> 
     </span>
     <span class='ocr_line' id='line_1_37' title="bbox 179 4068 1284 4153; baseline -0.003 -22"><span class='ocrx_word' id='word_1_303' title='bbox 179 4086 264 4132; x_wconf 89' lang='lat' dir='ltr'><strong>-num</strong></span> <span class='ocrx_word' id='word_1_304' title='bbox 284 4069 468 4134; x_wconf 86' lang='lat' dir='ltr'><strong>Pontificem</strong></span> <span class='ocrx_word' id='word_1_305' title='bbox 490 4072 669 4151; x_wconf 75' lang='lat' dir='ltr'><strong>appellavi,</strong></span> <span class='ocrx_word' id='word_1_306' title='bbox 693 4079 724 4134; x_wconf 87' lang='lat' dir='ltr'><strong>et</strong></span> <span class='ocrx_word' id='word_1_307' title='bbox 744 4072 784 4135; x_wconf 88' lang='lat' dir='ltr'><strong>ad</strong></span> <span class='ocrx_word' id='word_1_308' title='bbox 807 4072 878 4153; x_wconf 85' lang='lat' dir='ltr'><strong>ejus</strong></span> <span class='ocrx_word' id='word_1_309' title='bbox 899 4073 995 4152; x_wconf 86' lang='lat' dir='ltr'><strong>pedes</strong></span> <span class='ocrx_word' id='word_1_310' title='bbox 1011 4090 1070 4152; x_wconf 87' lang='lat' dir='ltr'><strong>per</strong></span> <span class='ocrx_word' id='word_1_311' title='bbox 1083 4053 1284 4137; x_wconf 75' lang='lat' dir='ltr'><strong>litterassnlr</strong></span> 
     </span>
     <span class='ocr_line' id='line_1_38' title="bbox 187 4167 1283 4253; baseline -0.003 -21"><span class='ocrx_word' id='word_1_312' title='bbox 187 4167 258 4232; x_wconf 88' lang='lat' dir='ltr'><strong>misi</strong></span> <span class='ocrx_word' id='word_1_313' title='bbox 279 4170 457 4235; x_wconf 86' lang='lat' dir='ltr'><strong>doctrinam</strong></span> <span class='ocrx_word' id='word_1_314' title='bbox 480 4189 603 4248; x_wconf 88' lang='lat' dir='ltr'><strong>meam,</strong></span> <span class='ocrx_word' id='word_1_315' title='bbox 627 4172 705 4234; x_wconf 89' lang='lat' dir='ltr'><strong>nihii</strong></span> <span class='ocrx_word' id='word_1_316' title='bbox 725 4171 807 4236; x_wconf 88' lang='lat' dir='ltr'><strong>scire</strong></span> <span class='ocrx_word' id='word_1_317' title='bbox 829 4172 978 4253; x_wconf 85' lang='lat' dir='ltr'><strong>cupiens,</strong></span> <span class='ocrx_word' id='word_1_318' title='bbox 1001 4172 1082 4238; x_wconf 91' lang='lat' dir='ltr'><strong>nihil</strong></span> <span class='ocrx_word' id='word_1_319' title='bbox 1103 4171 1220 4238; x_wconf 86' lang='lat' dir='ltr'><strong>sentire</strong></span> <span class='ocrx_word' id='word_1_320' title='bbox 1240 4186 1283 4234; x_wconf 88' lang='lat' dir='ltr'><strong>ro·</strong></span> 
     </span>
    </p>
   </div>
   <div class='ocr_carea' id='block_1_2' title="bbox 0 0 1448 4784">
    <p class='ocr_par' dir='ltr' id='par_1_5' title="bbox 0 0 1448 4784">
     <span class='ocr_line' id='line_1_39' title="bbox 0 0 1448 4784; baseline 0 0"><span class='ocrx_word' id='word_1_321' title='bbox 0 0 1448 4784; x_wconf 95' lang='lat' dir='ltr'><strong> </strong></span> 
     </span>
    </p>
   </div>
  </div>
 </body>
</html>
