2886 4784
157 440 192 505 io
214 443 299 505 inter
318 454 354 505 ss
373 438 597 516 conterendis,
621 447 655 502 ui
678 456 762 522 quse
784 420 947 520 probando
969 440 1029 504 sibi
1059 447 1142 505 essct
1173 441 1272 506 ieciio

156 562 199 606 ex
221 560 336 608 eorum
358 543 433 621 tide,
455 544 512 624 qui
537 541 681 606 melioris
699 545 937 607 emendationis·
952 553 985 607 et
1006 552 1101 607 neiue
1128 543 1274 606 rideren-

158 654 239 723 tur,
260 645 471 710 decernerem
492 647 562 709 sive
589 643 678 709 iiinm
704 652 874 724 preeiercs
905 645 957 712 nd,
975 645 1112 709 senioris
1140 645 1273 708 criticen

158 747 314 829 regulus,
335 748 405 810 sive
425 747 464 809 ed
487 747 587 827 ipsius
609 743 798 828 Hieronymi
821 746 1000 810 testimonis
1021 746 1232 829 expenderet.
1255 764 1272 804 s

241 846 347 925 Quem
369 856 475 912 iumen
496 862 631 929 scopum
661 867 727 911 uon
754 849 884 912 videtur
904 849 1079 914 obtinuisse
1102 848 1273 922 dicuinns,

158 966 260 1030 uuum
282 950 430 1029 plurimis
450 950 642 1015 inscientibus
659 951 869 1015 serietatibus
880 951 978 1033 iuxta
992 968 1140 1031 magnum
1161 964 1280 1012 munu-v

158 1051 359 1130 scripiorum
381 1048 521 1131 cupium,
544 1059 576 1116 ei
599 1051 642 1115 ob
661 1050 885 1115 diiiicniiniem
907 1053 1068 1116 sincerum
1088 1048 1275 1115 secernendi

158 1159 190 1215 ιζ»
211 1148 401 1233 Hieronymi
425 1151 579 1214 versionis
601 1159 726 1215 iesiurn
749 1153 938 1231 praesertim
955 1152 989 1215 iu
1003 1149 1180 1232 Scripturis
1199 1167 1277 1229 upo-

158 1250 537 1327 nioiicis.·Quumoi›renn
567 1250 676 1316 Esiius
710 1254 740 1314 in
773 1256 1008 1316 commentario
1038 1251 1202 1332 Epistnise
1231 1251 1274 1314 ud

161 1349 320 1433 tionesios
337 1371 367 1416 c.
382 1353 437 1416 in
453 1355 631 1418 versionem
653 1356 727 1417 novi
742 1353 949 1430 Testamenti,
966 1347 1082 1434 inquii,
1097 1372 1196 1434 quum
1218 1371 1276 1416 nes

160 1453 195 1515 in
214 1452 365 1515 munibus
395 1453 573 1530 habemns,
597 1473 659 1518 uon
680 1473 750 1518 earn
772 1474 863 1530 esse,
885 1456 993 1535 cusiis
1013 1453 1286 1538 stieronpuso-

160 1551 216 1616 vei
233 1552 321 1616 editu
343 1555 417 1629 tuit,
438 1564 497 1619 uui
516 1554 696 1618 emendate.
715 1574 732 1614 s
749 1553 936 1619 Vniiursius·
948 1573 1048 1634 porro
1069 1556 1100 1615 in
1124 1552 1283 1618 diditione-

157 1658 384 1720 commentnrii
405 1656 548 1738 ejusdem
571 1653 772 1741 Hieronymi,
801 1658 888 1736 quod
911 1675 987 1718 sune
1008 1657 1126 1718 mirum
1150 1665 1210 1730 esi,
1237 1656 1269 1718 iu

160 1757 245 1820 iiind
268 1759 371 1834 ipsum
394 1757 537 1832 otiendii,
554 1757 641 1836 quod
663 1757 735 1819 uiiis
756 1758 980 1836 exprobrsvit,
997 1774 1060 1820 non
1076 1742 1202 1819 textum
1225 1774 1279 1836 ge·

166 1859 304 1922 nninurn
326 1856 482 1921 versionis
502 1876 528 1920 ι.
551 1855 703 1922 tinctoris
724 1861 807 1941 typis
831 1858 1007 1934 mundsus,
1027 1857 1083 1920 sed
1106 1854 1283 1938 Vuiguisrn

163 1959 297 2024 serioris
317 1959 403 2032 nevi,
428 1958 593 2047 rnrirnnde
614 1959 660 2022 eb·
676 1958 923 2025 amanuensibus
943 1957 1158 2035 emendatum,
1177 1959 1281 2024 vciuti

163 2062 208 2126 si)
225 2062 385 2140 eumnpiis
405 2076 511 2140 nuper
530 2060 665 2125 ostendi.

245 2159 384 2223 diurnum
405 2166 444 2223 ui
461 2159 593 2225 dicetur
612 2158 832 2244 Hieronymus
852 2159 972 2242 ipsein
993 2160 1056 2244 isoe
1082 2168 1280 2223 commentu-

166 2263 220 2326 rio
237 2254 436 2340 inscripsisse
458 2259 617 2326 Muttirsei
639 2258 855 2328 testimonium
874 2261 970 2344 juxis
992 2262 1184 2326 tectionem:
1204 2261 1280 2342 qni·
1311 2284 1314 2290 ·

162 2379 299 2442 cnmpnc
319 2360 475 2437 dimiserit
494 2380 628 2427 nuorcm
647 2383 738 2428 snum
751 2363 819 2430 nisi
829 2364 865 2428 oi
876 2362 1119 2447 fornicationem
1131 2372 1168 2424 st
1184 2358 1283 2426 oiinm

166 2462 311 2539 dnerrit,
333 2463 524 2540 moecdetnr,
540 2463 608 2529 duo
629 2465 724 2530 vuide
743 2466 882 2531 obstent.
900 2465 1059 2540 Primum,
1074 2463 1161 2545 quod
1178 2481 1284 2544 usquc

166 2567 208 2628 sd
230 2566 399 2628 dimidium
415 2562 575 2629 >seculi-V.
592 2572 624 2628 et
639 2567 727 2630 uiirs
743 2587 785 2630 ex
800 2567 923 2648 graecis
941 2565 1103 2641 Patribus,
1118 2571 1286 2645 quotquot
1372 2637 1378 2648 ,

168 2684 208 2730 cn
230 2666 313 2729 dictu
337 2667 489 2741 cituruut,
505 2663 628 2746 quique
646 2667 723 2749 iure
743 2668 895 2733 custodes
915 2666 1059 2732 nncurnii
1081 2661 1285 2728 existimuudi

171 2775 249 2834 snut
270 2775 379 2831 textus
399 2769 483 2831 sueri
505 2768 654 2848 genuini,
677 2789 719 2832 ex
741 2770 805 2833 iilis
824 2789 920 2834 neuro
941 2771 973 2832 iu
994 2769 1061 2833 suis
1081 2765 1288 2830 discussioni·

171 2869 235 2932 bus
255 2869 354 2930 verbe
374 2868 582 2940 tomuiurode
617 2866 775 2933 Hnitirsei
805 2873 933 2954 syntaxi
964 2867 1155 2950 peregrine)
1177 2865 1290 2930 inseri·

168 2968 272 3051 pserit
292 2966 344 3058 ptri
367 2963 420 3036 ini
441 2965 560 3066 nomi
537 2990 572 3038 ια
590 2966 657 3032 nisi
677 2969 713 3032 oi
740 2968 1007 3052 fornicationem·
1029 2967 1125 3030 sicuti
1148 2975 1290 3028 tuntum·
1331 3015 1333 3023 .

170 3071 247 3137 dem
266 3072 524 3154 probatissimum
556 3071 719 3154 occeperit
748 3070 886 3130 aiterum
915 3068 1112 3131 locutionem
1134 3053 1289 3161 παρεκτὸς

166 3168 266 3263 λόγου
290 3166 385 3270 nomi
387 3191 438 3250 ιας
459 3180 585 3250 eccepto
613 3187 710 3231 conso
739 3164 986 3247 fornicationis,
1010 3168 1110 3246 priori
1142 3168 1289 3231 exciuss

168 3275 216 3341 tn
237 3294 349 3354 reapse
370 3276 455 3337 idem
481 3271 702 3354 Hieronymus
733 3270 765 3330 iu
797 3267 910 3331 eodem
942 3268 1174 3332 commentario
1196 3284 1288 3346 gruu-

169 3395 243 3442 cam
265 3376 412 3454 Origenis
435 3375 651 3437 recensionem
673 3370 803 3445 hebens,
827 3366 1003 3431 turmulam
1032 3369 1211 3446 obsignavit
1236 3384 1292 3430 su·

168 3473 505 3558 ceptn'fornicntionis
527 3492 643 3546 canen,
667 3472 768 3533 veiuii
791 3469 866 3530 aiibi
889 3479 920 3530 et
943 3471 1132 3547 praesertim
1154 3471 1185 3534 iu
1206 3469 1293 3532 litte·

172 3580 221 3643 ris
241 3577 280 3640 ud
297 3578 480 3640 Amandum
500 3575 608 3637 vidore
630 3582 687 3635 esi.
708 3571 909 3648 i'roindcquc
932 3589 994 3632 non
1016 3577 1063 3633 esi
1085 3587 1292 3649 praesumen-

169 3681 254 3744 dum
274 3700 299 3743 s.
322 3677 497 3742 Docierem
518 3677 550 3736 in
581 3673 803 3737 emendatione
827 3671 1080 3750 Evangeliorum
1102 3691 1144 3734 ex
1167 3671 1290 3752 graecis

168 3781 351 3855 codicibus,
367 3779 503 3843 recentis
519 3774 677 3855 Vuigntue
693 3772 790 3835 verbu
805 3768 920 3834 misici
933 3769 1178 3851 fornicationem
1193 3771 1294 3834 intro·
1335 3799 1337 3804 ¹

170 3881 320 3958 duxisse,
341 3881 415 3944 eliis
436 3879 600 3960 negleciis
610 3883 738 3953 eccepto
757 3870 980 3953 fornicationis
1003 3891 1115 3944 censa,
1138 3892 1211 3935 cum
1235 3875 1293 3937 isit

175 3983 338 4048 vocabule
361 3998 475 4061 graece
497 3999 547 4068 μη
540 3967 686 4045 'rint
646 3997 687 4042 n
671 3971 766 4074 sipi
744 3997 778 4042 ια
726 3971 904 4042 έΙιιιὶιιίι
926 3974 1148 4050 respondentia
1172 3973 1237 4036 nisi
1233 3971 1294 4034 oi

175 4081 435 4164 fornicationem,
452 4083 583 4147 adhuc
574 4091 681 4162 ignote
706 4082 809 4141 iorent
824 4075 957 4157 Origeni
977 4074 1072 4137 sicuti
1094 4074 1210 4136 ceteris
1233 4070 1298 4150 pri·

135 4221 138 4226 ·
175 4186 242 4250 scis
264 4183 430 4251 Ecclesiae
459 4200 595 4263 precene
620 4180 780 4245 Patribus.
1099 4271 1140 4338 28
