2886 4784
234 358 276 429 il

232 461 445 525 transcribens
466 479 492 523 s.
518 459 641 522 irenaei
663 459 760 532 dicte,
783 459 938 521 nonnulla
962 460 1089 534 omisit,
1113 461 1175 521 alia
1200 461 1354 524 eonindit

230 562 277 624 ita
300 569 335 624 nt
357 561 415 622 nisi
438 566 566 622 extaret
587 567 694 621 textus
710 563 867 638 genuinus
882 579 906 620 o.
925 559 1095 642 Martyris,
1112 561 1233 623 irustra
1251 580 1354 641 quae·

234 673 366 724 reretur
386 679 497 723 sensus
520 659 694 723 Haeretici.
717 660 936 725 Conferantur
957 680 1008 723 nn.
1031 658 1081 726 30.
1103 659 1152 726 Bi.
1172 661 1223 728 32.
1248 662 1353 743 hujus

232 759 320 843 Libri
346 758 399 822 Vl.
424 778 497 822 cum
521 759 618 822 Libro
643 759 665 819 Ι.
688 778 714 822 s.
741 759 862 822 irenaei
885 779 913 821 c.
941 760 965 822 l.
989 779 1041 822 nn.
1065 758 1096 824 1.
1116 758 1148 822 2.
1171 759 1203 824 3.

318 859 421 923 Porro
443 863 528 922 circa
551 858 711 922 Valentini
733 860 877 922 scholam
898 861 1116 923 revocandum
1135 869 1182 922 est
1204 861 1291 940 quod
1310 861 1353 923 ab

236 963 371 1026 exordio
394 962 540 1040 promisit
561 963 749 1044 Anonpmus
771 979 804 1022 se
828 961 911 1024 velle
932 964 1075 1024 omnium
1107 964 1351 1025 haereticorum

235 1053 410 1143 dogmata,
433 1080 549 1125 arcana
574 1063 906 1151 illorumymysteria‚
932 1065 1038 1141 turpia
1062 1070 1094 1125 et
1115 1062 1247 1125 nefanda
1270 1082 1351 1142 pan-

233 1166 309 1228 dere
333 1165 503 1238 iacinom,
527 1163 645 1242 quibus
672 1163 786 1225 initiati
808 1163 1078 1240 obstringamur:
1103 1185 1118 1222 n
1141 1162 1212 1226 Non
1238 1164 1349 1240 enim,

234 1265 290 1339 ait,
313 1268 470 1344 exiguum
494 1264 578 1326 vitae
600 1264 765 1325 hominnm
797 1263 1020 1342 relinquemus
1052 1264 1286 1326 adminiculum
1310 1265 1350 1326 ad

234 1365 432 1445 effugiendos
454 1381 606 1437 errores,
629 1363 742 1424 abditis
775 1372 890 1425 corum
912 1370 944 1426 et
965 1364 1094 1425 silentio
1116 1363 1273 1426 damnatis
1297 1383 1353 1426 or·

233 1466 290 1545 giis
312 1466 455 1528 omniurn
477 1463 644 1542 adspectui
667 1464 869 1542 prostitutis,
902 1482 987 1540 quae
1023 1464 1238 1542 dispensantes
1269 1466 1349 1528 solis

232 1565 405 1628 conferunt
427 1565 504 1640 illis,
526 1566 583 1644 qui
605 1566 783 1628 initientur.
799 1584 814 1622 u
833 1563 874 1626 Et
895 1566 925 1625 in
948 1566 995 1627 his
1017 1567 1217 1643 potissimum
1243 1569 1347 1629 cerri·

234 1666 338 1745 piendi
361 1673 436 1729 sunt
458 1667 661 1729 valentiniani
674 1687 686 1745 3
709 1685 851 1745 quorum
878 1667 1094 1744 turpitudines
1127 1676 1259 1746 praeter
1294 1687 1350 1732 va·

233 1767 360 1829 nissima
384 1769 517 1830 iliorum
540 1774 718 1831 commenta
743 1768 884 1847 produnt
908 1787 933 1829 o.
953 1770 1104 1830 irenaeus
1124 1776 1155 1830 et
1172 1766 1350 1833 Tertullia-

234 1887 305 1932 nus.
332 1867 458 1931 Primus
479 1869 510 1929 in
532 1867 629 1931 Libro
653 1869 677 1931 i.
701 1887 729 1931 o.
754 1867 806 1929 Vl.
831 1869 964 1931 scribit:
989 1891 1004 1927 n
1027 1867 1234 1950 Quapropter
1255 1878 1287 1933 et
1302 1872 1350 1932 in÷

169 1956 171 1961 ¹
236 1972 384 2033 timorate
407 1970 525 2044 omnia,
549 1989 632 2050 quae
654 1981 817 2044 vetantur,
841 1971 886 2044 bi,
908 1971 1060 2050 quisunt
1082 1972 1225 2050 ipsorum
1243 1972 1351 2050 perie-

233 2072 288 2144 cti,
311 2080 491 2150 operantur
500 2091 513 2150 3
536 2072 714 2151 dequibus
736 2072 925 2151 Scriptnree
947 2073 1163 2147 confirmant,
1192 2075 1347 2155 quoniam

233 2170 289 2254 qui
309 2172 436 2252 sacient
456 2191 505 2246 co,
527 2191 659 2252 reputem
676 2172 734 2236 Dei
746 2191 811 2235 noo
829 2171 1077 2237 haereditabunt.
1095 2194 1111 2232 n
1134 2175 1248 2255 anue
1272 2183 1351 2238 snut

232 2290 337 2352 nuper
350 2281 541 2347 memorata,
563 2290 648 2352 quoe
659 2270 881 2335 Tertullianus
896 2284 1064 2355 comparat
1081 2275 1240 2359 mysteriis
1256 2275 1349 2338 eleu-

231 2374 329 2436 siniis.
353 2372 570 2438 Nihilominus
593 2373 720 2436 Auctor
742 2382 850 2434 noster
872 2393 946 2436 cum
962 2376 1090 2453 longam
1113 2377 1227 2438 intexit
1248 2395 1350 2456 quae-

230 2475 377 2547 stionem,
398 2474 541 2537 studiose
563 2474 730 2536 conterens
751 2472 908 2537 Valentini
925 2475 1102 2539 doctrinam
1123 2477 1161 2538 de
1181 2474 1349 2545 Aeonibus

234 2575 273 2636 de
295 2592 408 2636 eorum
431 2592 566 2636 numero
592 2582 624 2636 et
645 2576 911 2653 proprietatibus,
931 2576 1131 2660 Pythagorae
1149 2587 1180 2638 et
1206 2577 1349 2641 Platonis

233 2674 455 2753 philosophiae
463 2692 475 2750 3
498 2680 604 2735 cetera
624 2694 700 2738 vero
721 2695 782 2738 suo
796 2694 894 2754 scopo
914 2680 1091 2739 necessaria
1118 2679 1204 2740 circa
1227 2695 1349 2755 pravos

233 2774 366 2836 illorum
396 2774 635 2836 haereticorum
670 2793 775 2837 mores
807 2785 838 2838 et
873 2776 1006 2837 neianda
1041 2777 1265 2840 conventicula
1293 2797 1350 2857 pe·

232 2879 317 2938 nitus
351 2875 479 2953 omisit,
503 2878 749 2953 programmatis
774 2879 823 2938 sui
850 2878 981 2939 oblitust
1013 2877 1157 2957 lienique
1183 2896 1240 2939 nec
1270 2897 1347 2956 pro·

234 2975 373 3038 bandum
397 2973 483 3054 quod
508 2975 697 3056 Anonymus
728 2978 759 3037 in
789 2996 817 3038 n.
846 2976 876 3040 3.
904 2978 1051 3040 absolute
1080 2979 1146 3054 ait,
1169 2978 1349 3042 doctrinam

233 3075 392 3138 Valentini
415 3094 477 3144 non
499 3094 541 3138 ex
563 3074 740 3155 Scripturis
761 3080 877 3140 sanctis
899 3080 952 3141 sed
976 3099 1015 3141 cx
1044 3080 1212 3158 platonicis
1238 3087 1268 3140 et
1290 3099 1352 3161 py-

235 3178 407 3256 thagoricis
429 3178 555 3256 placitis
578 3177 746 3240 coniiatam
769 3180 922 3254 esse-Ab
946 3187 1087 3260 utroque
1116 3184 1199 3242 enim
1233 3181 1349 3253 iente,

233 3279 313 3343 idest
335 3300 352 3341 e
374 3279 549 3359 scripturis
570 3282 669 3341 sacris
691 3289 723 3341 et
748 3279 952 3359 Philosophia
977 3284 1137 3360 compegit
1159 3279 1351 3343 Valentinus

173 3373 184 3398 ⁴
235 3380 381 3446 iabuiosa
403 3387 582 3443 commenta
605 3379 898 3456 lanmailmon
922 3384 1040 3463 cuique
1062 3402 1097 3445 ea
1121 3383 1238 3461 legenti
1256 3399 1352 3460 prac-

234 3491 285 3545 sto
307 3481 564 3544 manifestissime
584 3487 641 3540 est.

315 3580 397 3644 ilino
421 3581 533 3643 transit
555 3579 757 3663 Anonymus,
781 3582 922 3643 aeduos
944 3584 1086 3644 nominat
1101 3600 1140 3644 ex
1158 3581 1268 3644 eadem
1286 3578 1354 3643 Va·

233 3683 344 3745 lentini
366 3682 476 3744 schola
491 3680 674 3744 Secundum
697 3689 730 3744 et
750 3680 971 3762 Epiphanem:
995 3684 1048 3746 ubi
1071 3683 1109 3743 ad
1132 3684 1272 3744 litteram
1295 3681 1354 3744 de-

234 3784 357 3855 scribit,
370 3801 454 3861 quao
466 3790 578 3844 narrat
593 3801 617 3844 s.
634 3781 798 3858 irenaeus,
817 3785 847 3844 in
861 3783 959 3847 Libro
973 3784 999 3845 l.
1018 3803 1046 3846 c.
1060 3782 1115 3845 Xl.
1131 3802 1160 3844 n.
1176 3783 1207 3848 2.
1225 3800 1282 3844 nec
1300 3789 1350 3843 ta·

233 3902 305 3945 men
327 3883 417 3945 istius
442 3901 556 3945 nomen
578 3883 672 3956 citat,
697 3884 888 3963 quibusdam
912 3902 990 3946 vero
1013 3883 1258 3962 praetermissis,
1282 3899 1352 3942 ma·

233 3984 319 4047 xime
340 4002 364 4044 s.
389 3980 542 4065 Martyris
564 3984 655 4046 dictis
677 3985 832 4047 adversus
857 3994 975 4046 tantam
993 3986 1232 4046 haereticorum
1250 3982 1353 4045 auda·

235 4083 326 4144 ciam.
352 4083 428 4146 item
451 4085 489 4146 de
514 4082 701 4162 Ptolomaeo
723 4101 763 4147 ex
784 4103 810 4146 s.
833 4082 981 4167 Martyre
1014 4086 1130 4162 repetit
1156 4083 1352 4165 Anonymus

233 4180 333 4245 donec
356 4185 506 4265 pertingit
527 4184 565 4247 ad
590 4181 760 4248 Marcum:
785 4184 823 4246 de
845 4203 912 4264 quo
933 4186 964 4248 iu
987 4184 1099 4248 eodem
1122 4182 1219 4246 Libro
1242 4179 1296 4244 Vl.
1315 4200 1346 4244 c.
