2886 4784
1075 438 1088 463 ³
1123 351 1179 420 tol

497 451 635 521 CAPUT
659 451 759 518 xvn.

64 658 257 740 Praefocent
278 655 443 736 Artuopmi
461 666 683 737 argumentum
706 674 768 717 noo
788 658 938 720 'veritatis
963 659 1017 720 red
1041 659 1185 738 impieta·

112 762 152 824 tis
173 759 361 823 Sermonem
382 757 441 820 rite
461 755 698 821 inscribendam
719 776 782 820 esse
798 757 968 838 probatur.

73 1005 186 1125 Talis
207 1071 255 1124 est
277 1059 382 1125 Sermo
403 1059 557 1135 veritatis,
581 1079 676 1142 quem
702 1057 889 1146 Anonymus
911 1058 1126 1127 subdidit‘uti
1148 1063 1189 1124 ii·
1244 1056 1246 1061 ’

72 1167 208 1227 brorum
231 1181 367 1226 snorum
389 1180 535 1225 coronam
556 1163 586 1224 in
609 1164 809 1242 expositione
826 1171 857 1224 et
874 1163 1069 1229 refutatione
1085 1165 1189 1242 pbilo-

71 1265 250 1342 sophorum
273 1272 304 1353 ct
326 1265 566 1326 haereticorum
590 1264 788 1343 dogmatum.
814 1263 847 1326 ln
869 1283 935 1346 quo
956 1268 1064 1330 studio
1078 1287 1103 1330 s.
1123 1263 1189 1330 ire·
1306 1279 1309 1284 ’

73 1384 191 1429 uacum
213 1377 244 1426 ct
265 1375 392 1428 ceteros
415 1362 578 1429 Ecclesiae
600 1368 776 1445 scriptores
802 1367 945 1430 imitatus
975 1380 1047 1443 cst,
1071 1370 1126 1447 qui
1157 1370 1189 1430 lu

73 1467 136 1528 line
153 1467 391 1528 ‘discussionum
413 1483 547 1530 suarum
571 1467 727 1528 adversus
750 1468 910 1541 haereses,
926 1486 1004 1531 suae
1020 1468 1093 1532 lidei
1116 1457 1191 1548 pro·

73 1567 242 1630 lessionem
264 1569 451 1629 emiserunt.
474 1565 541 1631 Nisi
563 1567 650 1646 quod
675 1566 868 1646 praecipuus
891 1567 1050 1650 Anonymi
1071 1586 1189 1648 scopus

75 1671 169 1732 valde
191 1687 207 1729 a
231 1668 452 1747 praelatorum
470 1667 603 1731 Patrum
627 1676 732 1730 mente
755 1668 907 1731 abluerit.
926 1668 976 1731 llli
992 1673 1075 1733 enim
1093 1673 1190 1734 variis

72 1773 220 1833 ethnicae
242 1770 465 1849 philosophiae
486 1769 611 1849 placitis
634 1778 665 1831 et
688 1771 927 1833 haereticorum
950 1773 1119 1836 erroribus
1136 1792 1189 1834 ve·

73 1892 141 1934 ram
167 1870 331 1934 Ecclesiae
353 1869 540 1934 Catholicae
562 1870 740 1933 doctrinam
763 1881 997 1950 opposuerunt.
1023 1870 1086 1935 lste
1109 1891 1188 1936 vero

71 1993 134 2037 uon
159 1974 266 2035 solum
291 1971 459 2034 calumniis
485 1971 608 2051 impetit
633 1989 674 2033 ss.
698 1973 784 2034 viros
813 1970 977 2036 Ecclesiae
1003 1974 1185 2054 principes,

72 2092 188 2145 verum
212 2074 307 2135 etiam
331 2072 500 2134 haereticis
523 2070 654 2145 fabulis,
677 2091 759 2152 quas
780 2092 814 2135 se
835 2091 1023 2154 expugnare
1044 2075 1108 2148 ait,
1133 2093 1187 2137 va·

73 2193 146 2237 nam
171 2173 369 2237 tantumdem
401 2173 597 2235 haereticam
629 2180 662 2235 et
693 2174 822 2252 impiam
854 2173 926 2234 iidei
957 2174 1188 2254 professionem

69 2277 189 2356 objecit
199 2294 210 2352 3
225 2276 306 2338 adeo
323 2287 360 2337 ut
375 2281 435 2336 stet
456 2275 542 2354 quod
566 2292 582 2334 a
606 2272 686 2337 Jesu
701 2274 821 2336 dicitur
838 2276 867 2336 io
886 2275 1082 2354 Evangelio:
1102 2275 1189 2340 Etsi

70 2388 205 2440 amenas
225 2383 371 2439 suiacum
392 2373 490 2456 ejicit,
512 2375 666 2437 adversus
686 2393 717 2437 se
737 2374 857 2437 divisus
872 2386 934 2437 est:
948 2378 1102 2457 quomodo
1115 2396 1187 2458 erpo
1280 2434 1288 2444 .

71 2478 168 2541 stelit
188 2496 321 2557 regnum
342 2471 439 2558 ejus?
461 2475 501 2539 Et
523 2477 553 2536 iu
581 2477 643 2538 huc
673 2495 749 2538 sane
782 2487 927 2540 nostrum
960 2479 1187 2542 collocandum

71 2590 119 2643 est
141 2580 308 2653 studium,
332 2589 368 2641 ut
389 2587 542 2640 accurate
564 2577 698 2657 singulis
727 2577 825 2658 hujus
853 2582 1003 2664 anonymi
1025 2579 1188 2645 Sermonis

72 2684 220 2760 partibus
242 2682 436 2759 ponderatis,
462 2689 529 2742 turo
552 2681 682 2743 erratici
704 2680 792 2743 illius
806 2681 1094 2761 sensuspatellaut,
1115 2694 1181 2745 tum

70 2785 206 2863 iusuper
227 2782 533 2861 comprehendatur,
556 2801 615 2844 uec
635 2778 896 2855 Tertullianum,
921 2800 978 2844 nec
999 2782 1186 2863 Origeuem,

43 2960 46 2964 λ
70 2903 178 2963 neque
193 2902 220 2944 s.
238 2881 465 2964 Hippolytum,
488 2900 545 2943 nec
566 2881 694 2962 Cay'um,
719 2900 776 2943 uec
790 2881 890 2943 alium
907 2900 1104 2962 quemquam
1121 2885 1188 2963 pri·

69 3005 145 3048 scae
167 2988 281 3046 aetatis
306 2983 469 3045 Ecclesiae
495 2981 635 3056 Patrem,
659 2980 747 3043 Libri
770 2983 881 3044 haberi
907 2991 1086 3046 auctorem.

156 3085 355 3156 dcinterim,
370 3093 404 3145 ut
421 3086 503 3146 dicta
522 3084 612 3145 iactis
629 3084 853 3162 respondeant,
868 3094 995 3163 praesto
1011 3093 1084 3147 sunt
1103 3103 1188 3164 quae

72 3188 114 3248 ab
138 3187 274 3248 exordio
296 3185 408 3247 scribit
429 3188 587 3265 inquiens,
606 3183 708 3246 Deum
725 3184 802 3246 nibil
823 3166 991 3247 hrbciatem
1012 3185 1071 3248 sibi
1094 3203 1188 3248 coae-

72 3299 215 3360 teruum,
239 3304 313 3348 cum
336 3287 424 3347 solus
446 3295 528 3348 esset
550 3287 579 3347 in
602 3280 792 3365 semetipso,
805 3283 900 3346 vario
911 3284 1054 3364 primum
1069 3298 1190 3349 creasse

65 3393 253 3469 futurorum
270 3385 449 3466 principio,
470 3385 574 3465 ignem
594 3394 622 3446 et
641 3384 792 3464 spiritum
814 3394 842 3446 et
863 3405 979 3467 aquam
1000 3395 1029 3449 et
1056 3394 1199 3462 terram,

69 3507 110 3549 cac
132 3485 247 3567 quihus
267 3484 402 3547 diversis
423 3504 498 3548 suas
520 3482 669 3564 conflavit
700 3491 864 3546 creaturos
876 3505 887 3561 ;
909 3485 967 3547 bur
997 3483 1120 3566 quidem
1149 3505 1189 3548 em

68 3607 139 3651 unu
159 3585 346 3661 substantia,
364 3587 448 3648 aliua
470 3604 510 3647 cc
529 3586 663 3666 duplici,
680 3584 764 3647 clius
779 3605 819 3646 eac
835 3585 969 3666 triplici,
985 3586 1071 3649 elias
1086 3597 1190 3650 cotem
1297 3660 1299 3664 g

70 3709 111 3752 ea·
140 3686 347 3769 quadruplici
374 3688 528 3752 condidit.
554 3686 642 3751 Haec
674 3689 829 3767 loquendi
864 3688 1004 3750 lormula
1038 3691 1198 3768 praelatis.

72 3790 297 3871 Scriptoribus
320 3793 501 3870 peregrina,
526 3790 587 3852 rite
612 3800 716 3852 tamon
738 3806 873 3868 graecae
896 3789 1131 3869 philosophiae,
1150 3802 1191 3852 ct

71 3895 315 3955 baereticorum
338 3912 395 3956 seu
419 3893 638 3973 gnosticorum
657 3890 780 3969 placitis
798 3889 985 3952 concordat.
1003 3888 1043 3950 Et
1058 3891 1189 3968 quidem

70 3995 193 4055 mirum
215 3993 246 4055 in
271 3993 452 4076 anonymo,
476 3994 531 4071 orni
554 3992 594 4052 ab
616 3992 732 4068 Operis
747 3991 883 4052 exordio
899 3990 1078 4053 obtestatus
1094 3999 1139 4054 est
1155 4009 1190 4054 se

69 4095 254 4158 haereticos
276 4096 511 4168 refutaturum,
533 4094 590 4155 hos
612 4110 750 4169 arguens
769 4093 855 4172 quod
872 4112 911 4155 ex
930 4111 1121 4172 graecorum
1141 4111 1191 4155 sa·

68 4195 191 4276 pientia
215 4202 246 4258 ct
270 4195 540 4275 pbilosophorum
564 4193 778 4272 dogmatibus,
801 4211 863 4255 oon
886 4212 965 4257 vero
982 4213 1022 4258 cx
1039 4194 1189 4258 sacrisli·
