2886 4784
160 321 202 389 Ὦ

159 426 258 508 hujus
273 423 449 505 particulas
465 422 557 505 piena
582 441 676 487 rnanu
699 428 873 505 congessit:
893 443 965 486 narn
983 433 1154 506 postquam
1173 425 1272 490 diver·

156 546 207 591 sas
228 529 301 590 illas
323 536 454 590 naturas
476 527 517 589 ab
538 527 707 589 haereticis
728 545 827 607 supra
850 530 1019 591 nominatis
1038 529 1197 593 condictas
1212 531 1274 593 coh

159 629 327 709 lectasque
349 645 465 690 eorum
488 629 629 690 rationes
654 627 859 702 confutavit,
883 637 950 690 tum
984 629 1099 708 dogma
1133 631 1275 710 explicat

157 749 267 805 suum,
290 739 323 792 et
344 730 564 792 diversitatem
588 731 770 791 animarum
792 731 917 791 ratione
932 732 1156 808 praeditarum
1174 751 1216 794 ex
1230 749 1274 793 ar·

160 833 246 894 bitrii
269 833 421 894 libertate
444 831 603 911 proficisci
626 833 743 910 docet3
769 850 809 895 ex
840 850 904 911 qua
937 833 1127 896 diversitate
1159 836 1275 896 eximia

159 933 215 994 ilia
240 935 338 995 totius
355 932 463 993 mundi
479 934 686 994 consonantia
703 932 838 994 diversis
853 942 1000 995 constans
1017 935 1168 1009 partibus
1184 953 1276 1007 exor-

163 1045 193 1100 ta
216 1035 266 1096 sit.
294 1031 452 1095 »Deinde
474 1035 506 1094 in
528 1051 558 1093 n.
581 1029 630 1096 13.
656 1034 753 1095 variis
774 1035 879 1095 citatis
900 1033 1045 1114 ejusdem
1068 1036 1274 1111 testimoniis,

165 1136 238 1198 hinc
260 1135 426 1198 concludit
448 1134 568 1195 homini
592 1133 740 1197 sufficere
761 1134 799 1196 ad
824 1135 902 1197 bene
923 1137 1126 1214 operandum
1153 1139 1276 1201 arbitrii

163 1239 263 1300 vires:
281 1260 298 1297 ιι
314 1255 371 1316 per
387 1239 460 1311 hoc,
476 1237 584 1300 subdit
605 1238 635 1298 in
655 1234 754 1299 Libro
768 1237 791 1298 Ι.
804 1235 1002 1299 Perierchou
1017 1257 1044 1300 c.
1060 1236 1098 1299 V.
1112 1257 1144 1301 n.
1157 1238 1189 1303 5.
1205 1260 1274 1303 con·

162 1357 299 1417 sequeus
321 1347 368 1400 est
390 1340 421 1400 iu
444 1339 534 1401 nobis
556 1357 645 1415 esse,
667 1347 765 1418 atque
787 1343 818 1400 iu
841 1340 956 1401 uostris
980 1340 1145 1414 motibus,
1169 1349 1207 1402 ut
1229 1343 1274 1404 vei

161 1440 245 1500 beati
266 1449 299 1501 et
320 1441 419 1501 sancti
441 1441 563 1513 simus,
588 1440 639 1501 vei
661 1459 719 1520 per
750 1440 904 1503 desidiam
937 1458 975 1502 ae
1007 1441 1273 1520 negligentiama

162 1542 361 1602 beatitudine
387 1543 417 1602 in
448 1543 602 1605 maiitiam
635 1550 668 1604 et
698 1542 910 1620 perditionem
936 1558 1118 1620 vergamus.
1148 1562 1166 1599 ιι
1198 1543 1273 1605 item

162 1641 250 1705 Libri
274 1641 331 1704 tit.
356 1651 453 1721 caput
476 1642 501 1704 i.
524 1644 703 1724 appellans,
726 1642 1016 1724 iuquitOrigeuern
1031 1649 1073 1707 ita
1090 1663 1272 1725 propugna-

162 1763 198 1807 re
220 1745 344 1806 arbitrii
366 1745 563 1818 libertatem,
587 1755 623 1808 ut
643 1746 684 1808 sit
705 1746 737 1806 iu
758 1754 868 1807 nostra
892 1754 1049 1822 potestate
1070 1746 1209 1824 obsequi
1227 1747 1273 1809 rei

164 1847 322 1911 obsistere
344 1846 598 1920 tentationibus,
621 1864 679 1909 uec
710 1847 926 1909 necessarium
948 1848 988 1909 ad
1011 1847 1041 1909 id
1063 1864 1133 1909 esse
1157 1849 1275 1927 gratiae

162 1948 290 2011 divinae
310 1947 503 2010 subsidium.

244 2046 283 2111 Et
306 2048 384 2110 haec
406 2048 445 2110 de
468 2048 618 2126 pluribus
638 2058 713 2112 suut
736 2050 892 2113 adsersus
913 2048 1087 2127 Origenem
1109 2069 1153 2113 ex
1183 2050 1292 2132 ipsius-

161 2148 252 2212 iibris
281 2150 470 2229 deprompta
503 2149 544 2211 ab
576 2148 719 2226 fluctio,
742 2159 774 2213 et
794 2169 812 2212 a
836 2151 1070 2214 recentioribus
1101 2153 1276 2231 innovata3

161 2269 246 2330 quae
265 2251 385 2333 jamin
408 2253 512 2330 capite
534 2253 746 2331 praecedente
772 2270 884 2332 magna
912 2272 953 2315 ex
983 2261 1075 2330 parte
1099 2255 1274 2333 expediri,

163 2371 191 2414 o.
209 2350 383 2432 Freppeiio
406 2353 612 2431 respondens.
630 2351 676 2415 De
697 2356 815 2417 ceteris
831 2372 922 2427 vero,
937 2355 1006 2417 sive
1027 2353 1067 2417 de
1090 2355 1218 2419 haeresi
1232 2374 1277 2418 sc·

160 2450 373 2534 mipelagiaua
395 2454 436 2515 ab
457 2454 576 2517 eisdem
598 2453 747 2533 Origenis
768 2455 1019 2518 discussionibus
1040 2455 1207 2531 deducta,
1229 2473 1275 2518 ιι·

161 2553 338 2629 tisiaciunt,
359 2570 443 2633 quae
463 2554 647 2617 Adnotator
669 2556 837 2617 maurinus
857 2556 971 2617 scribit
992 2565 1104 2618 contra
1128 2556 1275 2620 cumdem

161 2651 341 2730 fluetiutn,
367 2664 564 2733 conquestus
587 2656 673 2735 quod
700 2657 766 2733 ipse
789 2676 805 2714 ιι
827 2674 911 2734 quae
933 2655 1090 2736 Origenes
1118 2657 1159 2719 ad
1184 2656 1272 2718 liberi

159 2755 286 2816 arbitrii
315 2754 530 2818 defensionem
562 2764 683 2819 contra
702 2756 904 2819 detestandas
935 2756 1084 2819 haereses
1117 2758 1273 2820 catholice

159 2854 322 2933 disputat,
345 2875 381 2918 ea
407 2859 446 2918 ad
474 2859 632 2921 haeresim
659 2860 858 2939 pelagianam
883 2866 940 2921 aut
965 2858 1081 2919 saitem
1106 2859 1272 2939 semipela-

160 2957 284 3036 gianam
313 2957 506 3038 detorserit3
528 2968 559 3023 et
581 2979 665 3041 quae
686 2961 844 3023 sexcentis
874 2960 954 3021 iocis
983 2959 1022 3019 de
1052 2961 1217 3038 gratuitae
1244 2964 1272 3020 et

160 3057 296 3122 efficacis
323 3062 445 3139 gratiae
472 3062 660 3125 necessitate
686 3060 851 3140 magnifice
879 3060 1066 3140 praedicat,
1095 3078 1135 3123 ue
1160 3061 1270 3141 legisse

161 3160 292 3238 quidem
313 3171 370 3224 aut
391 3162 655 3227 animadvertisse
672 3163 831 3225 videatur.
847 3180 864 3220 ιι
881 3160 1002 3224 Deinde
1023 3170 1211 3241 sequuntur
1231 3170 1271 3223 te·

159 3263 306 3325 stimonia
330 3283 370 3326 er
393 3263 542 3343 Origcnis
563 3265 655 3327 libris
679 3274 796 3339 eruta,
820 3265 939 3344 quibus
960 3280 1052 3326 suam
1081 3263 1196 3327 thesim
1224 3263 1274 3325 ad·

163 3379 276 3425 versus
297 3365 438 3428 alterum
460 3366 576 3443 probat
598 3367 725 3428 Auctor
747 3374 910 3429 notarum.

241 3462 303 3527 Ex.
324 3483 353 3544 g.
380 3464 415 3528 Ιιι
438 3467 600 3530 Psalmum
622 3461 652 3532 d.
670 3469 766 3529 verba
783 3470 904 3530 citans:
922 3464 990 3529 nisi
1006 3464 1162 3529 Dominus
1181 3474 1274 3528 custo

159 3560 256 3627 dierit
275 3564 443 3637 civitatem,
457 3569 584 3646 frustra
604 3566 729 3646 cipitur,
746 3567 802 3647 qui
822 3568 961 3631 custodit
981 3586 1061 3643 earo,
1075 3569 1132 3628 ait:
1150 3589 1167 3627 ιι
1185 3565 1273 3629 hedi·

162 3662 237 3726 ticat
251 3665 382 3729 domum
406 3668 605 3746 quicumque
622 3666 766 3747 proiicit:
791 3669 930 3730 custodit
947 3668 1109 3728 civitatem
1133 3668 1274 3746 quicum·

162 3785 227 3846 que
250 3768 413 3846 perfectus
422 3789 434 3848 3
463 3788 581 3831 vanum
604 3781 712 3831 autem
735 3788 817 3848 opus
839 3769 1035 3831 aedificantis
1060 3778 1093 3830 et
1116 3786 1196 3829 vana
1225 3783 1274 3829 cn·

161 3868 263 3930 stedia
286 3871 457 3946 servantis,
474 3873 531 3932 uisi
556 3869 712 3934 Dominus
734 3871 968 3942 aedificaverit,
991 3877 1022 3931 et
1045 3867 1203 3932 Dominus
1224 3885 1273 3929 cu·

160 3971 308 4033 stodierit
330 4016 338 4033 .
362 4017 368 4032 .
394 4018 401 4034 .
426 3970 467 4034 Et
490 3971 764 4052 quemadmodum
787 3975 813 4034 si
836 3971 977 4035 dicerem
1001 3972 1121 4033 bonum
1144 3966 1275 4050 agricol-

162 4080 268 4146 turae,
291 4074 377 4150 quod
402 4073 547 4136 fructum
571 4071 679 4147 efficit,
704 4073 832 4134 mistum
856 4090 933 4144 esse,
948 4091 988 4133 ex
1011 4070 1175 4146 libertate,
1196 4085 1274 4149 quae

162 4172 194 4232 in
215 4179 286 4234 arte
307 4183 355 4235 est
376 4175 552 4252 agricolae,
575 4180 606 4235 et
629 4191 692 4236 uon
713 4174 901 4248 arbitrario,
923 4173 1011 4252 quod
1034 4190 1050 4234 a
1075 4170 1273 4235 Providentia
