2886 4784
255 443 311 504 Dei
334 444 586 522 discerpserunt,
608 444 673 506 alio
689 443 784 504 alitor
799 425 1037 509 commentdnte
1052 462 1136 523 quae
1153 444 1236 507 dicta
1256 454 1372 526 eraut,

252 555 284 614 et
306 548 348 606 ita
371 545 428 606 sibi
452 547 652 608 institutores
673 546 876 621 suscitantes,
895 545 1055 606 haeretica
1070 547 1218 624 dogmata
1236 551 1375 627 excogi-

256 655 370 718 tantes,
395 649 425 708 in
450 648 554 708 varias
576 647 725 710 abierunt
748 656 867 724 partes,
890 664 1031 726 quarum
1045 665 1204 725 exponam
1219 647 1374 712 differen-

257 751 343 807 tiam.
367 745 398 809 Si
421 758 530 810 autem
554 756 585 810 et
607 750 637 808 io
660 748 817 828 plurimas
840 757 947 826 partes
973 749 1070 826 longo
1104 755 1251 827 tempore
1279 749 1375 813 divisi

257 860 344 921 suut,
368 863 474 912 tameo
496 852 669 929 praecipua
693 852 825 914 iilorum
849 852 1030 911 discrimina
1054 870 1226 931 exponam,
1251 853 1374 933 quibua

258 962 365 1015 cetera
392 952 485 1012 facile
508 953 696 1030 intelligent,
714 953 768 1030 qui
791 954 898 1029 cupidi
922 960 997 1015 sont
1018 953 1170 1016 discendi.
1195 971 1211 1010 a

337 1051 451 1128 Quivis
472 1071 572 1129 porro
594 1054 717 1115 etiarnsi
739 1053 845 1114 obiter
867 1054 946 1115 banc
968 1054 1203 1131 expositionem
1225 1055 1373 1118 couside-

255 1165 316 1228 ret,
339 1156 407 1215 sire
431 1154 606 1215 verborum
621 1155 796 1236 syntaxim,
813 1158 880 1216 sive
896 1154 1143 1226 historiam,·vei
1160 1156 1374 1218 circumstan-

258 1260 330 1330 tias,
357 1266 419 1316 tum
441 1255 573 1317 stultam
596 1254 745 1333 probabit
766 1254 977 1328 locutionem,
995 1266 1030 1318 ut
1049 1255 1101 1318 vix
1120 1256 1227 1339 tyroni
1248 1256 1372 1317 divino-

256 1375 327 1417 rom
345 1355 518 1431 Librorum
542 1357 710 1434 interpreti
726 1356 925 1416 inscribenda
948 1359 998 1419 sit.
1013 1357 1125 1436 inquit
1138 1360 1221 1420 enim
1241 1357 1372 1438 Anony-

256 1477 326 1520 mus
355 1457 517 1536 judaicam
548 1465 672 1535 gentem
703 1456 743 1516 ab
773 1457 863 1519 initio
894 1475 989 1518 unam
1020 1458 1144 1536 suisse3
1166 1457 1250 1532 sed,
1278 1457 1374 1538 traje-

254 1569 306 1618 cto
328 1556 482 1630 iordane,
506 1556 622 1635 Legem
646 1554 704 1619 Dei
726 1558 756 1617 in
778 1567 884 1635 partes
905 1558 1046 1632 scidisse,
1065 1560 1161 1620 variis
1177 1560 1370 1637 excogitatis

258 1660 456 1725 haeresibus.
483 1656 524 1721 Et
544 1659 621 1738 quid
644 1658 706 1720 boc
727 1658 851 1719 dicendi
874 1657 996 1737 genus?
1010 1657 1042 1721 Si
1058 1660 1251 1744 Anonymus
1273 1660 1374 1724 dixis·

254 1769 315 1833 set,
336 1760 473 1839 judaeos
496 1777 593 1822 unam
617 1758 657 1819 ab
679 1759 770 1837 initio
794 1759 889 1820 tuisse
912 1772 1050 1838 gentem,
1067 1770 1100 1822 et
1121 1769 1193 1839 post
1214 1759 1372 1824 Iordanis

256 1861 425 1921 transitum
449 1861 480 1920 in
504 1860 610 1920 varias
633 1869 740 1937 gentes
755 1859 887 1934 divisos,
906 1870 980 1922 tunc
996 1871 1084 1923 recte
1099 1879 1133 1923 se
1149 1862 1286 1925 baberet
1300 1881 1374 1925 ors·

257 1962 301 2022 tio
311 1981 323 2039 3
346 1961 441 2022 alitor
464 1962 541 2022 vitio
565 1961 704 2022 laborat.
728 1960 768 2022 Et
790 1962 919 2040 quidem
955 1963 1015 2024 boo
1038 1962 1116 2044 vidit
1148 1962 1370 2039 Dunciserus,

258 2063 316 2140 qui
340 2064 420 2124 banc
442 2061 635 2123 anomaiiam
657 2062 829 2124 emendare
850 2062 986 2135 studuit,
1007 2064 1167 2126 vocabolo
1189 2058 1280 2145 ἔθνος
1298 2084 1376 2146 gens

253 2173 450 2234 substituens
470 2168 540 2251 ἔθος
562 2189 628 2232 mos
652 2171 702 2232 vel
718 2170 928 2240 eonsuetudo;
951 2173 1041 2249 quasi
1063 2172 1196 2233 dixisset
1219 2172 1371 2237 Auctore

255 2279 294 2342 ab
316 2277 412 2341 initio
433 2295 500 2340 uno
520 2284 588 2338 erat
608 2276 797 2339 consuetudo
812 2275 1023 2354 judaeorum
1045 2276 1099 2336 sed
1118 2275 1229 2338 deinde
1244 2275 1375 2341 diemi-

256 2381 344 2442 mode
365 2375 572 2458 eseopitontes
594 2374 629 2437 in
650 2376 787 2438 schisma
803 2385 1033 2454 processerunt.
1053 2375 1112 2438 Sed
1128 2385 1162 2438 ot
1175 2378 1237 2440 boc
1260 2398 1373 2458 perpe-

258 2499 326 2542 ram
349 2478 580 2560 praesumitur.
592 2474 829 2538 Tantummodo
846 2487 944 2538 staret
962 2477 1076 2548 illatio,
1095 2479 1118 2540 si
1139 2485 1231 2539 autea
1249 2479 1372 2544 dictum

255 2579 386 2641 fuisset:
404 2573 595 2656 judoeorum
616 2585 698 2637 secto
718 2595 785 2637 unu
799 2576 837 2637 ab
853 2575 944 2638 initio
957 2574 1033 2657 suit,
1052 2587 1085 2637 ut
1102 2576 1174 2639 inde
1190 2596 1374 2661 couseque-

254 2687 361 2752 retur,
386 2687 493 2756 postea
517 2678 547 2736 in
570 2677 712 2738 diversas
734 2687 836 2739 sectas
860 2678 957 2739 tuisse
980 2678 1125 2739 divisam.

333 2779 493 2851 Secundo,
517 2779 637 2857 aliquid
661 2779 798 2840 insolens
820 2788 954 2857 apparet
977 2781 1007 2838 in
1030 2797 1081 2851 eo,
1104 2779 1192 2858 quod
1214 2781 1261 2842 ait
1285 2779 1374 2843 Aoo·

258 2899 386 2966 aymus,
406 2880 601 2959 judaeorum
624 2887 750 2958 gentem
775 2897 869 2941 onata
893 2898 909 2940 a
934 2882 1092 2957 principio
1114 2882 1274 2955 extitisse,
1296 2885 1373 2961 qnia

256 3000 341 3044 unus
356 2982 449 3044 datus
467 2980 527 3042 iuit
545 2981 589 3041 eis
605 2981 781 3053 institutor,
797 2999 860 3042 una
878 2979 957 3056 Lex,
976 2999 1075 3044 unum
1092 2982 1271 3057 desertum,
1289 3001 1373 3047 unus

255 3101 345 3145 mous
366 3082 456 3156 Sina,
479 3091 510 3144 et
532 3086 606 3161 quia
632 3102 714 3145 unus
736 3101 850 3146 eorum
872 3082 1041 3161 legislator
1063 3081 1162 3147 Deos.
1178 3082 1295 3160 Quasi,
1313 3086 1371 3149 uisi

256 3202 317 3248 una
342 3185 452 3248 inisset
475 3185 691 3246 hebraeorum
715 3185 823 3257 natio,
847 3202 906 3247 nec
930 3203 1013 3246 unns
1042 3185 1116 3247 ideo
1138 3186 1293 3264 magister
1321 3188 1375 3250 da·

257 3292 308 3346 tos
329 3293 411 3347 esset
433 3285 477 3346 eis
500 3282 642 3364 Moyses,
666 3303 723 3347 nec
746 3303 807 3346 una
832 3281 910 3357 Lex,
928 3303 986 3346 nec
1003 3303 1086 3346 unus
1109 3303 1211 3356 mons,
1230 3303 1289 3348 neo
1308 3304 1372 3348 uua

255 3384 381 3446 deserta
398 3386 511 3461 regio:
529 3384 615 3463 quod
634 3386 778 3461 cogitare
793 3386 930 3447 stultum
948 3395 1006 3446 eat.
1025 3384 1137 3448 Nonne
1156 3389 1233 3447 item
1253 3406 1371 3450 nanum
1438 3387 1441 3405 '

255 3495 288 3548 et
318 3484 494 3549 ridiculum
517 3489 603 3564 quod
626 3486 704 3549 dicit
726 3488 765 3549 de
787 3505 850 3549 uno
879 3494 986 3549 monte
1011 3487 1083 3550 Siue
1107 3486 1199 3549 etde
1225 3506 1291 3553 uno
1319 3489 1374 3550 de·

255 3584 370 3650 aerto'?

337 3685 447 3749 Tertio
468 3687 578 3749 scribit
602 3688 803 3770 Aoonpmos,
822 3688 971 3768 judaeos,
994 3686 1136 3751 Jordaoc
1159 3688 1315 3769 traiecto,
1344 3690 1376 3751 iu

260 3788 365 3849 varias
388 3789 482 3849 inisse
504 3797 619 3864 sentus,
637 3807 717 3868 quas
733 3789 814 3850 inira
830 3796 1008 3868 nuncupat,
1025 3788 1287 3866 pharisaeorum,
1303 3791 1377 3852 sad·

258 3888 458 3952 ducaeorum
482 3897 514 3951 et
535 3908 723 3953 essenorum
745 3894 878 3952 seorsim
902 3890 941 3950 ab
962 3890 1033 3952 aliis
1057 3891 1186 3952 minoris
1211 3892 1377 3953 momenti.

259 3985 320 4050 Sed
343 3990 434 4050 nimis
459 3988 560 4052 tracta
586 3989 772 4070 hujusmodi
793 3989 939 4053 locutio:
963 3991 1077 4052 saltem
1103 3991 1156 4052 ubi
1179 3990 1287 4063 dixit,
1313 4001 1380 4052 tra·

256 4087 344 4167 jecto
365 4088 519 4166 iordane,
543 4098 703 4171 captaque
721 4096 806 4153 terra
822 4089 986 4166 Cbanaau,
1006 4090 1186 4153 addendum
1205 4092 1234 4153 ei
1252 4091 1380 4167 iuisset,

263 4197 335 4268 post
354 4208 454 4253 annos
477 4191 545 4254 iore
570 4185 659 4256 1300.
683 4194 767 4256 circa
784 4191 1058 4259 Macchabaeorum
1074 4200 1212 4255 aetatem
1229 4194 1286 4255 bas
1302 4210 1381 4271 pro·
