2886 4784
277 321 318 488 '¹13
342 425 420 485 imec
440 420 569 485 interim
590 417 755 484 scribitis
777 435 806 483 c.
828 415 919 483 xix.
939 415 971 484 8.
991 412 1022 482 9.
1047 433 1065 476 n
1086 413 1209 495 igitur,
1230 414 1303 495 qnia
1325 436 1378 482 nm

276 544 357 589 earo
378 524 453 586 iacti
474 528 569 596 sunt,
590 528 623 584 et
655 528 790 600 propter
819 522 942 586 coitum
972 526 1007 583 et
1036 517 1222 580 naturalem
1250 536 1381 583 amorem

278 629 515 698 cohaerentes,
537 624 635 687 aienti
656 624 792 704 impiam
815 629 864 686 eat
884 638 976 685 snam
1009 634 1142 685 carnem
1164 617 1383 692 divideretis
1401 650 1403 654 ⁴

279 736 312 791 et
333 725 486 807 conjuges
507 722 670 785 disriiere
693 768 701 786 .
726 766 734 784 .
758 766 768 785 .
790 768 798 783 .
824 720 943 785 Dicunt
962 718 1017 784 iiii
1029 740 1037 782 a
1060 715 1143 798 quid
1172 736 1247 799 erpo
1274 721 1387 802 Moyses

280 822 446 890 mandauit
465 825 543 886 dare
563 820 703 884 tibetium
723 820 854 902 repudii
873 831 901 885 et
921 814 1111 887 dimittere?
1132 819 1188 884 dit
1209 819 1298 885 iiiior
1324 841 1389 903 ouo·

279 926 368 991 niam
382 925 505 1005 Mopsus
525 924 568 986 od
585 920 736 985 duritiem
755 920 859 986 cordis
879 920 976 984 nestri
992 917 1139 1000 permisit
1158 919 1246 984 coitis
1266 921 1389 987 dimitte·

281 1045 450 1094 rancores
471 1033 615 1088 cernuas
636 1025 676 1088 ai
696 1022 792 1089 initio
805 1042 871 1111 non
884 1022 949 1105 suit
969 1021 1027 1085 ric.
1047 1021 1187 1087 Getarum
1208 1023 1279 1086 dico
1299 1023 1389 1088 oniin

279 1130 360 1214 quia
379 1127 571 1209 quicumque
590 1125 747 1189 dimiserit
763 1144 891 1191 numera
910 1142 1000 1205 mam
1023 1119 1073 1214 pri
1094 1119 1149 1193 tut
1178 1123 1313 1230 neptim
1332 1124 1390 1190 uisi

280 1227 317 1290 oii
336 1227 578 1309 fornicationem
597 1236 625 1287 et
645 1225 746 1289 utiam
765 1225 915 1303 duxerit,
938 1230 1138 1293 moechatur:
1160 1240 1190 1294 et
1211 1233 1272 1311 qni
1295 1228 1390 1295 dimis-

280 1348 348 1393 sam
368 1325 508 1402 ducent,
524 1326 715 1391 moectatur.
736 1326 848 1404 anm
863 1330 1014 1416 vidissent
1034 1332 1211 1410 pharisaei,
1227 1333 1316 1414 qnod
1336 1331 1391 1396 iio

282 1433 389 1495 minus
410 1433 495 1508 ipsos
516 1429 727 1504 confutasset,
750 1432 855 1495 coacti
876 1440 952 1495 sunt
974 1441 1083 1512 postea
1107 1435 1139 1496 in
1161 1435 1307 1498 medium
1327 1453 1392 1514 pro·

282 1535 371 1598 terre
393 1530 528 1616 Moysen
548 1532 821 1594 contradicentem
843 1532 997 1614 Christ03
1028 1542 1061 1597 et
1091 1535 1228 1600 dicunt:
1251 1536 1393 1618 quomodo

280 1635 383 1716 ipitrrr
401 1631 523 1712 Moyses
543 1631 711 1695 mandauit
730 1634 806 1698 dare
826 1632 969 1699 iiiettum
997 1633 1124 1716 repudii
1150 1647 1181 1700 et
1215 1631 1394 1702 dimittere?

285 1737 390 1819 igitur
403 1734 561 1800 Dominus
576 1744 705 1800 vertens
726 1754 854 1800 omnem
876 1742 1116 1803 accusationem
1138 1741 1170 1803 in
1192 1742 1329 1807 iiiorum
1349 1759 1394 1806 ca·

283 1848 357 1922 put,
373 1857 434 1919 pro
455 1837 570 1924 Moyse
592 1839 757 1917 respondit
778 1856 816 1901 ae
837 1839 926 1902 dicit.
949 1839 1023 1906 Non
1044 1843 1210 1904 contraria
1228 1839 1298 1907 iieo
1313 1841 1393 1928 iiiop·

283 1960 335 2006 ses
355 1940 547 2014 constitnit,
568 1940 623 2002 sed
646 1938 686 2000 ad
710 1945 849 2002 vestram
871 1941 1024 2004 duritiem
1057 1943 1119 2004 hoc
1150 1946 1390 2021 pronunciante

285 2062 326 2106 ne
346 2051 482 2122 propter
503 2041 785 2120 intemperantiam
802 2041 945 2104 roientes
966 2041 1037 2104 aitis
1058 2042 1226 2123 coniungi,
1241 2043 1393 2108 occidere·

287 2149 326 2209 tis
347 2146 468 2225 primas
489 2161 621 2206 uxores.
643 2142 727 2209 Nam
749 2162 853 2224 qnam
875 2153 980 2213 essent
1000 2143 1191 2220 inhumani,
1214 2145 1393 2210 occidissent

285 2247 461 2321 exenensi
483 2245 587 2309 coacti
608 2245 744 2312 inissent
763 2263 897 2310 serrare
911 2247 994 2308 iiias.
1010 2243 1107 2310 Nunc
1120 2253 1234 2310 antem
1255 2247 1393 2312 libellum

284 2351 416 2413 diuortii
435 2348 532 2429 jussit
552 2347 631 2410 dare
652 2347 718 2418 nto,
739 2365 825 2428 qnae
846 2365 864 2409 a
888 2348 965 2409 viris
985 2347 1061 2410 odio
1076 2347 1299 2414 habebantur.
1314 2350 1326 2429 i
1339 2358 1394 2414 sta·

286 2454 342 2512 tim
378 2452 443 2520 uiti
465 2445 547 2541 >tipo
561 2439 595 2516 ds*
611 2442 702 2540 ὑμῖν,
713 2444 823 2539 φησὶν,
841 2442 893 2517 ὅτι
920 2438 981 2527 ru‘u
1007 2445 1238 2546 asportabimur
1254 2455 1393 2543 pudeam

283 2529 384 2602 sotios
407 2529 580 2629 ἔκβαλλειν
603 2535 648 2620 ὡς
670 2535 874 2631 μοιχαλίδα·
897 2533 954 2607 teo
976 2535 1011 2606 ts*
1034 2532 1094 2618 τήν
1111 2536 1163 2629 μή
1180 2543 1394 2643 reprenditur

288 2618 415 2717 tudone
438 2629 502 2714 rte,
525 2628 697 2731 rapuimus
730 2629 812 2725 ἀυτῇ
847 2629 972 2722 γίνεται
1007 2631 1192 2723 penpinas:
1215 2652 1272 2712 epo
1306 2645 1396 2699 auten

288 2729 360 2793 dico
380 2733 465 2798 coiis
486 2738 614 2818 (iuquit)
635 2736 787 2820 quoniam
807 2739 921 2800 ionum
941 2745 1000 2811 est,
1017 2755 1148 2798 unorum
1163 2754 1248 2815 quac
1269 2733 1397 2818 fornico·

290 2841 323 2896 tn
344 2843 400 2911 est,
421 2835 529 2917 ejicere
548 2849 702 2921 tauquam
722 2839 913 2903 adulteram.
933 2835 969 2901 Si
983 2846 1087 2900 autem
1102 2836 1177 2918 quis
1197 2837 1323 2918 circuit
1341 2854 1397 2901 eam

288 2951 354 2998 non
373 2936 609 3018 fornicariam,
639 2941 677 3005 iu
705 2960 804 3005 causo
830 2951 875 3005 est
894 2938 924 3002 ei
943 2936 1108 3002 adulterii.
1134 2938 1279 3020 intelligi
1301 2948 1397 3004 antem

289 3042 323 3098 et
344 3036 428 3115 hoc,
450 3041 603 3120 qnoniam
625 3043 681 3123 qui
703 3043 860 3106 adhaeret
880 3038 1041 3116 Domino,
1065 3056 1151 3102 uuus
1180 3042 1320 3120 spiritus
1339 3048 1397 3117 est,

290 3145 324 3199 et
344 3140 531 3221 conjugium
553 3152 615 3207 etc.
638 3162 656 3201 n

370 3237 413 3302 iit
433 3239 506 3320 quis
527 3260 589 3306 noa
611 3245 726 3308 sentiet
746 3242 1028 3330 Theophyiactum
1049 3245 1081 3307 iu
1103 3246 1314 3324 expositione
1332 3243 1400 3307 diri·

293 3339 324 3400 ni
347 3346 491 3421 responsi
512 3345 609 3409 aliter
629 3346 789 3410 disserere
809 3348 850 3409 ab
871 3366 924 3422 eo,
945 3347 1032 3428 qnod
1055 3348 1246 3424 praemisit,
1272 3349 1400 3412 testimo·

291 3441 347 3502 nio
360 3438 377 3504 i
391 3442 493 3507 Antea
516 3448 680 3524 praemisit
700 3465 792 3511 saera
810 3449 906 3512 rerba
919 3469 928 3511 c
943 3448 1129 3530 quicumque
1149 3447 1316 3512 dimiserit
1333 3465 1401 3512 ano·

293 3561 359 3606 rem
378 3562 472 3610 ruam
491 3546 560 3611 uisi
578 3549 614 3611 oi
633 3549 900 3632 fornicationem,
920 3560 949 3612 et
968 3548 1068 3614 ctiam
1095 3551 1252 3629 duxerit,
1275 3552 1402 3616 morcia-

293 3655 369 3710 tur:
392 3649 499 3730 etqui
519 3648 684 3716 dimissam
704 3653 849 3726 denuit,
863 3654 1053 3716 moechatur.
1077 3651 1114 3715 iu
1135 3653 1401 3720 discussionem

294 3765 333 3810 ro
356 3749 540 3817 immediate
559 3757 710 3840 sequenti
730 3776 772 3820 ex
792 3757 893 3836 ipsius
914 3756 1033 3821 Christi
1055 3773 1127 3831 ore,
1143 3759 1302 3835 quamvis
1322 3773 1401 3838 para·

296 3849 472 3929 phrastice,
494 3855 618 3935 inquit:
641 3855 697 3937 qui
717 3856 874 3920 dimiserit
894 3875 1025 3919 uxorem
1045 3875 1140 3920 suam
1159 3869 1296 3939 excepto
1314 3856 1401 3938 sorni·

161 3947 168 3965 '
296 3950 433 4016 cationis
453 3974 564 4031 causo,
586 3955 753 4037 faciteam
774 3957 941 4022 moecitori.
963 3958 1063 4020 Aiiud
1084 3959 1172 4020 euim
1195 3971 1265 4033 est,
1287 3961 1400 4040 saepius

297 4054 386 4125 disi,
411 4075 542 4120 onorem
562 4059 746 4135 dimittens,
773 4070 901 4140 excepta
928 4057 1152 4138 fornicatiouis
1183 4080 1308 4138 musa,
1335 4058 1400 4142 sarit

297 4170 365 4215 carn
384 4157 552 4234 moechari,
575 4172 608 4223 et
626 4161 715 4224 atiud
738 4169 807 4225 est:
830 4159 991 4224 dimittens
1012 4177 1143 4223 uxorem
1162 4179 1272 4242 marn,
1294 4159 1398 4228 nisioi

295 4253 548 4338 fornicationem,
569 4272 597 4324 et
617 4262 718 4326 otiam
738 4259 881 4336 duxerit,
901 4260 1097 4325 mactatur.
