2886 4784
1228 377 1267 448 89

140 484 351 564 ahllrigeuis
372 483 517 545 doctrina
541 485 774 546 discesserunt:
799 502 856 545 nec
874 475 1059 563 unquam'ei
1078 486 1268 548 restiterunt

140 588 294 657 erranti,
318 602 375 645 nec
398 585 501 646 multo
524 585 627 646 minus
649 585 973 647 anathematizarunt.
997 583 1057 646 Sed
1081 586 1184 648 eidem
1214 587 1269 647 ad·

140 691 329 757 haerentes,
353 705 427 749 cum
451 690 481 748 in
505 688 584 749 vivis
607 688 750 765 degeret,
775 685 860 747 lideli
884 688 1110 764 praeceptori,
1141 689 1198 749 sihi
1222 690 1268 764 ip·

140 791 211 851 sius
233 790 318 850 dicta
340 798 594 866 compararunt:
618 807 656 851 ao
679 795 750 868 post
772 797 907 850 mortem
932 805 988 850 nec
1011 788 1080 868 ejus
1100 790 1264 868 vitupera·

140 897 224 951 ruat
247 887 458 962 memoriam,¹
474 905 578 965 oeque
600 888 687 951 illius
710 887 897 950 retuterunt
918 889 1046 965 scripta.
1074 887 1114 950 Et
1135 891 1266 968 siquan-

140 992 182 1053 do
207 1008 292 1069 opus
315 988 377 1051 tuit
397 1006 527 1051 errores
557 988 730 1052 ooniotare
759 989 821 1066 (de
852 989 971 1066 quihus
1004 997 1080 1051 tunc
1114 989 1266 1069 culpatus

140 1089 303 1169 Origenes
325 1088 364 1150 ah
386 1087 578 1150 aduersariis
601 1087 741 1165 dicitur)
756 1089 890 1150 illorum
906 1096 1011 1150 tamen
1027 1106 1120 1151 nemo
1137 1107 1195 1152 aec
1212 1107 1268 1150 ao·
1390 1144 1392 1148 Α

140 1201 201 1264 te,
227 1208 287 1252 uec
309 1197 379 1268 post
403 1190 501 1268 ipsius
533 1189 657 1252 obitum
687 1188 880 1266 significavit
903 1205 1045 1267 unquam
1067 1207 1203 1252 errasse.
1228 1188 1270 1253 Et

140 1309 250 1373 quum
273 1292 338 1367 isti,
361 1290 492 1355 Sabellii
512 1297 546 1354 et
568 1291 660 1353 Pauli
681 1291 873 1353 samosateni
896 1290 1102 1369 blasphemiis
1123 1290 1266 1366 auditis,

140 1393 301 1455 alacriter
322 1409 397 1454 cum
420 1390 571 1453 universa
595 1387 740 1453 Ecclesia
771 1390 951 1453 haereticus
983 1389 1262 1469 condemnarunt3

140 1511 201 1557 acc
219 1494 252 1556 in
265 1492 409 1571 Origene
429 1490 671 1572 iontemhuJ'us
693 1492 815 1555 erroris
836 1485 1087 1556 adinvenerantz
1111 1509 1171 1555 nec
1186 1492 1262 1554 hae·

140 1595 237 1659 retici
262 1594 462 1677 potissimum
484 1611 629 1672 unquam
661 1591 833 1672 Origenem
870 1601 1028 1656 vocarunt
1058 1594 1107 1656 soi
1138 1595 1260 1657 erroris

139 1704 331 1778 patronum.
349 1693 444 1771 Quod
468 1694 562 1756 valde
583 1696 614 1757 in
635 1695 772 1757 istorum
798 1695 878 1758 votis
901 1695 1035 1770 luisset,
1057 1696 1082 1758 si
1106 1695 1190 1759 torte
1214 1698 1263 1759 vir

140 1798 370 1871 sermonibus,
393 1802 451 1859 ant
471 1798 598 1874 scriptis
620 1804 713 1859 antea
740 1796 993 1876 blasphemasset
1017 1797 1057 1859 de
1081 1794 1165 1859 Filio
1188 1795 1259 1861 Dei.

140 1899 221 1965 Sino
243 1897 335 1976 loqui
358 1896 397 1958 de
419 1894 575 1976 Beryllo,
600 1915 741 1975 quocum
765 1896 942 1975 disputavit
956 1894 1113 1976 Origenes
1129 1897 1168 1958 de
1186 1897 1266 1960 diri·

141 2001 248 2062 nitate
270 1997 401 2060 Christi.
424 1995 492 2059 Nec
512 1999 597 2059 enim
620 1999 695 2061 hnic
719 1998 838 2060 restitit
860 1995 1012 2080 Beryllns
1034 1998 1126 2077 quasi
1148 1998 1264 2060 similia

141 2101 318 2181 professor
340 2100 396 2163 sed
417 2101 474 2162 ille
496 2101 590 2164 cessit
612 2099 827 2173 adamantio,
851 2101 907 2178 qui
932 2098 1045 2161 ualidis
1067 2101 1266 2177 argumentis

141 2202 314 2270 Christum
337 2201 440 2265 Deum
462 2209 661 2264 contestatus
682 2209 740 2263 est.
758 2200 873 2265 Cuncti
889 2201 1025 2279 praelati
1042 2204 1111 2280 qui,
1128 2219 1266 2278 praeun-

141 2313 176 2367 te
197 2301 368 2387 Dionysio,
392 2303 423 2364 in
445 2303 626 2365 haereticos
648 2303 882 2374 decertarunt,
905 2303 1021 2382 otique
1043 2301 1199 2363 adversus
1221 2299 1264 2362 0·

141 2405 266 2484 rigenis
289 2413 514 2483 praesumptos
536 2421 667 2467 errores
689 2404 921 2477 decertassent,
938 2403 993 2481 qni
1009 2421 1085 2465 sane
1109 2404 1206 2479 magis
1229 2421 1266 2464 ac

142 2507 250 2586 magis
272 2522 385 2584 magna
417 2508 447 2567 in
478 2505 620 2568 ecclesiis
652 2513 884 2584 provocassent
913 2505 1074 2565 scandala.
1097 2501 1268 2567 Nihilomi-

142 2624 207 2669 nns
228 2624 269 2668 ae
291 2623 375 2668 nnus
396 2606 526 2684 quidem
548 2606 685 2670 istorum
711 2607 847 2668 verbum
871 2607 901 2667 in
926 2604 1100 2684 Origenem
1133 2605 1267 2666 oblocu-

146 2716 201 2770 tos
224 2714 273 2768 est
294 2707 483 2783 aliquando.

227 2806 426 2886 Ceteroqnin
446 2807 553 2887 quoad
576 2806 724 2887 Origenis
746 2809 929 2871 encomium
946 2825 963 2868 a
980 2806 1134 2890 Dionysio
1156 2817 1275 2871 conte>

144 2915 243 2971 xtum
268 2917 340 2986 post
359 2909 448 2970 illius
470 2909 650 2984 decessum,
668 2926 874 2988 nequaqnam
897 2908 966 2970 ulla
988 2909 1095 2970 auimo
1118 2909 1261 2986 lingenda

144 3010 291 3087 suspicio
313 3019 373 3083 est,
388 3011 508 3071 iteruin
532 3010 615 3084 dico,
635 3012 726 3090 quasi
749 3012 852 3071 eidem
876 3013 981 3089 ignota
1007 3009 1113 3070 iorent
1134 3029 1191 3072 seu
1216 3029 1266 3070 ar·

147 3129 250 3185 cana,
275 3112 326 3172 rel
349 3120 446 3191 captu
469 3110 607 3173 difficilia
631 3129 731 3187 prava
755 3110 888 3189 Origeni
911 3111 1069 3190 adscripta
1092 3111 1265 3189 dogmata,

146 3212 230 3272 adeo
255 3219 289 3273 nt
312 3213 378 3291 ipse
400 3213 512 3274 landes
533 3213 621 3274 illius
645 3219 767 3285 tcxens,
791 3212 941 3275 illusione
964 3222 1179 3288 praeventus,
1203 3232 1265 3273 nnn

148 3313 435 3388 comprehenderit
458 3329 543 3390 qnae
564 3312 660 3390 impie
681 3313 720 3373 de
742 3314 938 3374 sanctissima
962 3309 1118 3375 Trinitate
1140 3311 1265 3373 docuis-

146 3422 209 3484 sot,
234 3431 271 3474 ac
294 3423 399 3475 cetera
424 3414 563 3475 absurda
587 3412 818 3486 danmatione,
836 3413 874 3475 de
891 3415 1081 3475 aeternitate
1098 3414 1263 3485 materiae,

148 3515 187 3576 de
213 3516 340 3586 anima,
364 3515 402 3576 de
425 3514 529 3577 libero
555 3515 714 3587 arbitrio,
737 3515 776 3576 de
805 3533 981 3591 poenarum
1011 3517 1147 3576 termino
1179 3516 1263 3591 arrad

147 3615 294 3687 inieras,
318 3615 356 3676 de
377 3616 516 3677 secunda
541 3615 784 3693 redemptione,
808 3617 899 3676 etde
923 3618 1037 3676 ceteris
1064 3616 1261 3695 huiusmodi.

146 3715 361 3793 Quapropter
382 3735 455 3778 cnm
479 3725 550 3795 post
571 3718 695 3779 obitum
717 3717 866 3795 Origenis
881 3737 905 3778 s.
924 3715 1095 3797 Dionysius
1114 3720 1265 3778 erreonrtia

147 3816 245 3878 illum
268 3817 406 3890 ornarit,
428 3817 502 3896 jure
525 3818 586 3878 hou
608 3820 729 3896 exegit,
747 3818 848 3895 proha
869 3819 983 3891 sciens,
1003 3818 1122 3878 bonnm
1146 3818 1176 3877 in
1201 3825 1265 3876 tota

149 3919 215 3979 vita
238 3934 297 3980 sua
320 3904 462 3980 certasse
484 3926 647 3980 certamen
670 3936 729 3997 pro
752 3919 918 3983 Catholiea
942 3917 1101 3994 Ecclesia,
1117 3936 1154 3980 ac
1178 3921 1205 3977 in
1230 3939 1264 3978 aa

148 4019 318 4096 usquead
343 4018 467 4079 obitum
491 4019 704 4097 permansisse
726 4030 896 4099 perpetuo.

156 4144 159 4154 ·
231 4114 322 4192 Quos
345 4118 516 4196 hucusque
539 4121 715 4181 memoravi
739 4140 779 4185 ex
802 4118 952 4198 Origenis
974 4118 1085 4180 schola
1105 4120 1267 4198 proiectos

143 4219 249 4298 eique
270 4221 470 4298 superstites,
489 4220 550 4282 hoc
572 4223 716 4300 amplum
740 4223 934 4302 perhibuere
957 4224 1173 4286 testimonium
1194 4240 1265 4285 san·
1289 4269 1298 4283 .
