2886 4784
165 353 205 425 bt

165 461 224 529 lit,
248 473 306 535 per
330 454 425 516 unius
447 450 623 530 conjugum
646 455 808 524 mortem,
830 466 916 529 quae
937 449 969 510 iu
992 466 1089 513 manu
1119 465 1178 513 sna
1211 458 1275 525 cst,

166 558 332 621 ¹vinculum
355 554 465 618 solvit.
489 550 711 627 Quamobrem
734 549 912 629 Apostolus
935 559 1175 631 consequenter
1205 554 1278 616 bnic

165 661 274 722 divino
294 663 430 730 statuto,
454 655 579 732 inunita
603 649 875 731 mulieroilipoto
894 661 939 715 ert
959 651 1035 732 legi,
1056 663 1180 732 quanto
1208 663 1279 717 tam·

158 779 236 842 porc
257 758 309 821 va'r
329 756 397 837 ejus
416 752 505 817 uicit.
532 749 626 828 Quod
646 751 674 816 εἰ
695 750 861 816 dormierit
881 752 935 814 nir
964 755 1055 834 ojus,
1078 752 1179 817 iibere
1199 767 1279 818 csta

161 864 225 942 iope
245 859 321 922 uiri.
349 855 408 922 cot
427 857 498 920 nuit
517 855 628 928 nubat,
648 864 776 919 tontum
798 853 835 917 in
858 854 1004 921 Domino.

250 961 358 1025 Rebus
378 959 425 1023 sic
445 958 614 1032 stantibus,
631 959 656 1019 sl
676 958 719 1021 ob
740 958 870 1037 quasvis
890 978 1003 1024 causas
1022 963 1122 1024 etiam
1146 968 1277 1040 proptor

161 1063 373 1137 adulterium,
392 1061 478 1124 circa
499 1060 587 1138 qnod
610 1060 727 1122 instant
748 1059 939 1135 adversarii,
962 1063 1012 1124 air
1033 1062 1176 1125 dimittat
1198 1081 1276 1125 uxo·

163 1185 231 1229 rom
253 1183 344 1228 snam
368 1169 405 1226 ut
424 1162 521 1223 aliam
543 1162 655 1239 ducat,
671 1171 703 1223 ct
725 1178 812 1225 uxor
832 1163 887 1225 alii
909 1164 1022 1239 nubat,
1042 1172 1120 1227 tunc
1144 1183 1206 1227 oon
1228 1183 1272 1227 sc·

161 1275 254 1346 parat
276 1265 375 1339 Dens,
398 1262 453 1327 scd
477 1265 584 1327 bomo.
603 1261 642 1325 tn
665 1262 786 1326 lrustra
808 1264 942 1328 dixisset
961 1265 1073 1342 lesus,
1088 1286 1153 1328 non
1176 1267 1275 1329 bomi-

162 1385 234 1430 nem
255 1367 311 1431 scd
334 1366 436 1429 Deum
456 1363 593 1445 jungere
625 1372 658 1427 et
686 1382 841 1444 separare
872 1367 1037 1447 coniuges.
1062 1367 1114 1433 Ex
1137 1387 1204 1449 qua
1226 1386 1275 1432 ar·

163 1469 415 1548 gumentatione,
438 1475 471 1528 et
492 1464 622 1545 qnidam
646 1467 776 1528 maximi
799 1469 965 1541 momenti,
989 1468 1055 1530 duo
1075 1468 1276 1543 inferuntur,

162 1570 310 1633 exclusio
332 1569 462 1631 divortii
484 1568 625 1631 absoluti
647 1569 731 1629 inter
752 1569 905 1648 conjuges
921 1561 1076 1644 virentes,
1103 1571 1195 1633 nulla
1220 1590 1274 1632 ex·

162 1678 253 1748 cepta
284 1686 402 1747 causa3
425 1669 616 1748 etamplius
647 1670 824 1748 evangelici
858 1672 1029 1733 testimonii
1063 1671 1278 1734 confirmator

163 1772 328 1852 integritas
349 1771 527 1835 secundnm
550 1772 788 1850 antiquissimos
817 1772 944 1836 codices
976 1781 1007 1835 et
1041 1772 1177 1836 Patrnm
1201 1777 1275 1838 cita·

162 1876 274 1937 tioncs·

241 1975 316 2040 Jam
333 1975 399 2055 jnm
422 1977 520 2057 hujus
552 1975 757 2041 difficillimae
779 1978 974 2057 quaestionis
996 1995 1056 2058 pro
1079 1978 1278 2042 riribnsuo·

160 2056 235 2141 s'tris
267 2086 331 2141 tam
353 2080 383 2139 io
406 2079 442 2141 iis
464 2079 672 2155 extricaodis,
694 2098 778 2160 quaa
800 2081 970 2160 genuinam
997 2088 1146 2159 spectant
1168 2082 1277 2144 lectio·

161 2198 232 2243 nem
254 2198 284 2241 r.
306 2178 328 2245 9
347 2200 375 2244 c.
399 2179 486 2244 XlX.
510 2180 679 2260 Matthaei,
702 2200 800 2263 quom
823 2182 967 2262 ejusdem
983 2200 1135 2257 sensnm,
1159 2192 1275 2246 metam

161 2284 335 2360 attigimus.
362 2280 395 2344 lu
417 2301 495 2364 qua,
517 2284 573 2344 nisl
598 2284 628 2344 in
650 2285 773 2346 cunctis
794 2283 1030 2371 satisfacimus,
1055 2285 1150 2346 valde
1174 2294 1276 2348 tamen

163 2384 336 2463 proiecisse
358 2395 521 2463 putamus,
539 2386 654 2447 nostris
675 2386 706 2446 in
734 2387 844 2465 primis
866 2393 1062 2464 opponentes
1084 2387 1276 2450 adversariis

163 2486 259 2547 aliam
282 2486 458 2564 evangelici
481 2495 589 2550 textus
610 2487 782 2549 lectionem
795 2507 806 2564 3
828 2488 1006 2549 secundum
1029 2505 1129 2568 quam
1160 2507 1274 2551 eorum

161 2587 407 2650 contunduntur
427 2605 517 2650 arma
539 2588 696 2651 adversus
721 2588 913 2650 catholicam
936 2588 1117 2650 doctrinam
1140 2591 1181 2653 de
1203 2609 1274 2655 con·

159 2687 240 2767 jugii
262 2687 493 2750 insolubilitate
515 2698 667 2768 arrepta,
691 2689 890 2752 luculentius
912 2687 1114 2750 illustrantes
1143 2689 1273 2753 Patrnm

159 2796 367 2864 sanctorum,
390 2789 422 2849 in
443 2808 481 2851 eo
503 2790 651 2863 citando,
675 2792 769 2852 dicta.
787 2787 900 2864 Quare
934 2806 996 2849 non
1024 2789 1134 2851 solum
1163 2809 1275 2853 conve·

162 2891 279 2950 nientia
302 2892 483 2954 instituitur
504 2893 587 2954 inter
602 2892 847 2972 pharisaeorum
865 2891 1135 2968 interrogationes
1152 2893 1273 2958 otioso

163 3007 312 3068 responsa
334 2992 402 3054 sive
424 3009 440 3052 a
465 2991 630 3054 Matthaeo
655 2992 704 3053 rel
737 3012 778 3055 ex
812 2992 947 3069 Marc03
971 2995 1026 3056 sed
1051 2996 1152 3075 magis
1175 3005 1270 3076 atqua

161 3092 259 3168 magis
290 3092 462 3152 concordia
493 3092 687 3170 splendescit
711 3095 794 3155 iuter
816 3093 1057 3172 Evangelistam
1080 3104 1115 3157 et
1137 3096 1271 3175 Aposto-

158 3191 227 3253 lum
252 3189 389 3254 Panlum
411 3192 443 3252 in
466 3192 515 3266 iis,
531 3211 616 3270 quae
638 3195 758 3272 agenda
781 3204 858 3257 sunt
878 3196 919 3256 ob
941 3195 1083 3274 conjugii
1100 3199 1272 3276 separatio

142 3302 245 3367 nem,
269 3293 405 3355 instante
427 3296 616 3372 praesertim
639 3296 793 3358 adulterii
816 3313 923 3359 causa.

237 3401 452 3479 Cunctorum,
474 3405 617 3483 inquam,
637 3413 783 3468 veterum
809 3404 942 3468 Patrnm
965 3407 1202 3467 commentaria
1225 3421 1271 3464 rc·

159 3505 292 3565 censui:
316 3505 401 3568 dicta
424 3506 557 3568 illorum
580 3507 729 3584 expendi,
747 3510 883 3570 obscura
908 3526 949 3569 ex
972 3507 1149 3570 manifestis
1166 3505 1272 3583 expla-

158 3622 253 3676 nans,
276 3624 390 3668 eorum
414 3609 628 3684 pracsertim,
652 3610 706 3685 qui
731 3611 905 3686 genuinum
937 3610 1082 3670 citarunt
1107 3606 1271 3686 Evangeli-

160 3715 229 3766 stae
253 3708 481 3768 testimonium.
504 3705 546 3769 Et
568 3710 715 3786 quamvis
737 3712 882 3772 nonnulli
907 3720 977 3788 post
999 3711 1201 3772 Constantini
1224 3725 1271 3767 ae·

157 3815 255 3868 tatem
278 3808 429 3870 falsatum
453 3809 534 3871 illud
558 3810 705 3888 legerint,
729 3813 1035 3874 admodumtamen
1058 3812 1268 3880 laborarunt,

160 3919 196 3970 ut
219 3910 334 3970 intacta
360 3920 503 3972 maneret
526 3911 638 3989 regula
665 3913 879 3975 ecclesiastica
903 3915 942 3975 ab
964 3914 1141 3993 apostolica
1179 3911 1270 3972 tradi·

161 4009 245 4069 tione
267 4010 417 4070 roborata
442 4012 481 4071 de
509 4013 747 4090 incorruptibili
769 4013 910 4094 conjugii
942 4015 1111 4075 christiani
1135 4013 1269 4073 vinculo.

159 4105 309 4181 Quorum
333 4113 455 4187 primus
479 4121 671 4174 numeratur
694 4133 718 4174 s.
738 4115 952 4189 Augustinus,
969 4117 1026 4194 qni
1052 4126 1125 4194 post
1147 4115 1270 4174 diutur-

159 4227 213 4270 nas
234 4228 272 4272 ao
305 4213 457 4290 repetitas
489 4214 719 4279 obtestationes
751 4216 909 4280 adsersus
934 4216 1057 4278 vinculi
1093 4212 1269 4294 conjugalis
