2886 4784
126 418 132 437 ³
205 327 264 396 tttt

282 430 367 495 Huic
390 450 490 511 porro
512 433 756 512 interrogationi
779 432 873 495 tacile
906 431 1012 493 adstat
1042 448 1246 510 responsum.
1272 432 1437 495 abd.

204 534 303 614 ipsius
329 532 494 612 Evangelii
516 534 619 609 initio,
645 535 789 596 veritatis
810 533 926 595 doctor
947 531 1043 595 lesus
1066 533 1216 596 Christus
1232 553 1365 613 prae-
1382 558 1436 600 ε

203 636 313 697 sertim
337 634 375 695 de
398 634 643 712 pharisaeorum
665 635 775 696 schola
799 637 933 711 reperit,
950 636 1005 712 qui
1028 635 1094 696 suis
1115 635 1220 696 verbis
1243 635 1356 696 obsi-
1377 642 1437 699 ii

204 743 339 811 sterent,
362 754 504 815 suosque
526 744 618 798 actus
640 736 808 798 calumniis
830 743 1032 815 oppeterent,
1055 735 1150 815 plura
1167 736 1443 803 adversuen·

205 855 278 899 enm
303 837 382 898 ialsa
405 845 436 898 et
457 837 614 916 injuriosa
638 837 855 899 commentati.
885 834 928 896 Et
949 837 1010 899 ltoc
1033 837 1116 897 idem
1140 838 1208 915 ipse
1230 836 1434 903 lesuen

205 937 370 1016 discipulis
392 937 458 999 suis
480 946 675 1000 eventurum
700 938 881 1015 praedixit:
905 935 934 999 si
954 956 1000 998 me
1010 937 1171 1016 persecuti
1186 935 1350 1018 suerint,k
1364 947 1434 1001 tr

203 1048 231 1099 et
250 1057 304 1100 uos
322 1045 561 1118 persequentur.
587 1037 629 1099 Et
650 1038 795 1116 quidem,
817 1040 842 1099 si
868 1056 978 1099 omnes
1002 1039 1155 1099 haeretici
1178 1047 1210 1100 et
1230 1048 1441 1118 quot—st·

205 1149 286 1220 quot
306 1149 399 1202 extra
423 1140 510 1203 ovile
532 1136 650 1203 Christi
675 1139 771 1212 lacti,
794 1139 950 1201 adversus
981 1136 1154 1201 Dominum
1177 1148 1210 1202 et
1233 1140 1335 1202 Chri·
1360 1142 1440 1201 it·

206 1250 292 1303 stum
313 1240 396 1319 ejus,
419 1239 500 1301 idest
521 1239 676 1300 adversus
692 1241 783 1301 istius
799 1258 1001 1301 successores
1016 1239 1142 1302 ardenti
1155 1241 1228 1303 zelo
1245 1257 1351 1320 qua·
1373 1257 1436 1302 n·

209 1342 255 1401 vis
278 1347 383 1402 aetate
406 1339 596 1417 irruperint3
620 1339 753 1401 illorum
777 1347 882 1401 tamen
904 1359 997 1402 nemo
1021 1347 1107 1403 tauto
1122 1341 1198 1402 odio
1216 1339 1341 1404 Ponti·
1364 1341 1435 1400 it·

207 1441 336 1504 ficetum
361 1439 542 1500 Romanum
567 1449 758 1518 prosecutus
780 1450 839 1510 est,
857 1442 950 1502 sicuti
976 1441 1138 1503 Ecclesiae
1154 1439 1336 1505 Reforma·
1358 1456 1433 1504 Α·

209 1552 294 1604 tores
317 1540 482 1602 Lutherns
504 1549 536 1602 et
556 1537 722 1613 Calvinus,
745 1543 854 1618 etqui
878 1550 987 1620 postea
1009 1543 1049 1603 ab
1071 1543 1130 1604 hac
1152 1541 1324 1605 llelorma-
1340 1555 1433 1602 m·

209 1645 294 1706 tione
317 1642 480 1721 prodiere,
504 1642 734 1715 rationalistae‚
758 1642 1095 1716 deistae‚'increduli:
1119 1644 1176 1723 qui
1197 1645 1247 1706 his
1262 1645 1432 1706 die&

207 1745 266 1805 bus
289 1743 493 1822 praesertim,
508 1742 586 1802 nihil
603 1742 792 1804 intentatum
812 1744 1012 1822 relinquunt,
1030 1753 1066 1807 ut
1080 1743 1242 1807 Antistitis
1261 1744 1331 1808 llo-
1346 1757 1430 1802 ‹t-

207 1847 290 1906 mani
315 1862 497 1924 personam,
521 1844 631 1920 decus,
656 1854 687 1907 et
709 1846 879 1907 coelestem
897 1847 1012 1925 quatis
1037 1847 1163 1908 ratione
1182 1864 1310 1926 pessum
1336 1859 1431 1905 1:1-

207 1947 283 2009 dent
304 1950 544 2009 auctoritatem.

288 2044 377 2109 Nihil
400 2047 498 2124 igitur
520 2046 661 2116 mirum,
684 2047 708 2107 si
732 2047 864 2109 illosum
886 2065 1089 2110 successores
1112 2045 1430 2122 Puttosoptusc·

209 2165 319 2210 meuou
343 2148 519 2209 Auctorem
545 2150 619 2208 tanti
644 2147 800 2210 iecerint:
818 2151 843 2210 si
866 2149 1038 2209 altissimae
1054 2148 1344 2210 considerationis
1373 2142 1425 2200 ‘it

208 2247 423 2310 existimarint
452 2247 538 2308 illins
570 2255 746 2308 tractatust
777 2258 809 2308 et
835 2249 860 2307 si
893 2257 954 2308 tam
984 2252 1138 2308 accurate
1166 2245 1424 2309 donicum

208 2350 461 2412 emendationem
485 2359 516 2410 et
538 2349 778 2410 translationem
802 2352 964 2426 aggressi,
999 2348 1161 2410 communi
1195 2341 1422 2410 lectionttl

209 2453 473 2514 commendarint.
497 2451 529 2510 ln
553 2452 613 2512 hoc
629 2452 711 2511 enim
729 2449 826 2512 Libro
845 2453 1003 2531 Anonymi
1027 2453 1223 2528 praecipuos
1246 2453 1256 2527 t
1270 2469 1316 2527 pe:
1365 2461 1421 2502 ετ

210 2551 360 2615 eumdem
383 2554 458 2613 satis
480 2553 669 2631 expositus)
692 2554 980 2630 comprehenditur
1001 2569 1131 2629 scopus,
1149 2552 1205 2611 ubi
1222 2559 1419 2613 ostentu·

125 2636 128 2642 ¹
209 2652 286 2716 dere
308 2662 467 2728 conatur,
491 2671 588 2732 quam
612 2654 695 2715 male
717 2654 755 2713 de
780 2653 923 2715 Ecclesia
956 2652 1013 2714 llei
1042 2657 1147 2715 meriti
1171 2656 1237 2715 sint
1259 2654 1357 2714 du·
1398 2665 1412 2706 ο

210 2750 380 2814 Pontifices
402 2751 602 2836 Zephyrinus
625 2762 656 2814 et
678 2752 843 2825 Callistus,
869 2755 985 2814 horum
1002 2753 1171 2832 patefactis
1190 2753 1275 2815 vitiis
1290 2771 1306 2814 e
1319 2756 1409 2807 et

209 2853 397 2915 erroribus:
422 2871 495 2914 cum
518 2872 559 2914 ex
583 2854 718 2914 adverso
741 2854 955 2915 ecclesiastica
979 2854 1107 2915 traditio
1131 2855 1196 2915 huc
1220 2872 1309 2932 usqu
1354 2867 1407 2910 Ae

210 2954 294 3015 inter
314 2958 555 3028 sanctosviros,
574 2972 700 3017 morum
723 2955 889 3016 sanctitate
910 2957 1115 3032 conspicuos,
1137 2964 1170 3016 et
1193 2954 1256 3015 ilde
1277 2956 1404 3013 irm-

212 3055 399 3131 tegsrrimos
421 3063 452 3117 et
475 3058 632 3135 martyrio
657 3055 814 3132 gloriosos
837 3054 948 3115 ambos
971 3054 1165 3115 incessanter
1193 3049 1399 3132 praedffi‘·

211 3156 345 3219 caverit.
