2886 4784
1149 369 1209 439 tut

82 473 357 554 expositionibus,
379 473 466 535 huuc
484 475 662 538 articulum
684 476 723 539 de
745 477 918 540 helcanaeis
934 477 976 537 ita
998 477 1147 540 tractarit
1166 475 1208 539 A·

87 594 252 660 nonymus
273 574 382 662 quoad
404 574 553 639 dictionis
577 578 721 641 ordinem
738 588 769 641 et
782 596 923 652 sensum,
943 588 990 652 ut,
1008 573 1067 640 uisi
1083 577 1212 656 supple-

88 691 142 742 ret
162 675 418 751 Theodoretus,
444 667 561 758 cuncta
585 680 717 743 latebris
738 682 955 758 operirentur.
979 678 1210 759 Quapropter,

89 790 224 860 accepta
247 781 515 842 adversariorum
537 782 690 859 opinione
712 785 798 844 eirca
821 780 1017 844 Theodoreti
1044 782 1210 860 plagium,

64 944 68 947 .
84 881 350 945 concludendum
372 887 469 955 esset,
487 883 573 944 bunc
587 882 749 968 Anonymi
771 884 856 944 dieta
874 884 1083 955 recensuisse,
1099 883 1210 961 aliqua

87 983 307 1069 supplevisse,
323 983 386 1043 alia
402 984 587 1045 emendasse
607 986 675 1045 sire
696 985 781 1047 eirca
798 985 971 1069 syntaxim,
987 1002 1044 1045 seu
1058 984 1143 1045 eirea
1160 1000 1211 1044 re·

89 1102 166 1146 rum
184 1083 365 1144 essentiam.
384 1080 479 1157 Quod
495 1085 522 1144 si
538 1085 623 1163 quis,
640 1086 817 1164 etquidem
832 1086 920 1166 jure,
935 1086 1112 1161 negaverit,
1132 1089 1208 1146 tune

89 1202 155 1246 uon
175 1181 402 1244 Theodoretus
424 1183 590 1246 diceretur
612 1184 799 1264 plagiarius,
822 1186 876 1246 sed
902 1185 1088 1265 Anonymus
1100 1205 1112 1263 3
1135 1185 1208 1264 qui,

87 1303 152 1363 pro
167 1303 256 1346 more
271 1302 345 1357 suo,
358 1283 460 1344 aliena
478 1285 620 1359 iuratus,
636 1287 694 1347 sibi
711 1285 858 1359 credidit,
873 1294 941 1348 tum
958 1287 1155 1363 negligenter
1170 1302 1205 1346 ea

89 1394 248 1459 tractans,
263 1402 340 1447 eum
355 1384 528 1447 arbitraris
543 1387 787 1464 interpretatus:
805 1386 1078 1466 quemadmodum
1096 1386 1135 1448 de
1152 1405 1205 1466 pe-

88 1486 171 1548 ratis
191 1485 292 1564 egisse
315 1485 549 1562 praemisimus.
569 1483 657 1548 Haec
681 1495 786 1549 tamen
807 1487 938 1549 lectoris
959 1485 1082 1566 judicto
1099 1489 1209 1547 remit·

90 1597 220 1650 tuntur.

169 1686 307 1751 Densum
337 1670 422 1751 eirea
452 1688 549 1768 hujus
580 1687 749 1750 haereseos
778 1687 942 1749 historiam
975 1688 1035 1748 tria
1064 1696 1207 1748 nostram

91 1789 260 1870 postulant
281 1789 581 1851 considerationem.

177 1888 287 1950 Primo
308 1890 483 1950 notandum
507 1898 566 1960 est,
588 1905 662 1949 cum
685 1887 873 1971 Anonymus
895 1890 924 1948 in
948 1906 977 1947 n.
994 1885 1043 1952 13.
1062 1887 1159 1961 dicat,
1173 1905 1207 1949 se

87 1989 268 2055 Alcibiadis
289 1989 436 2069 dogmata
459 2007 522 2051 non
544 1991 735 2067 praeterire,
752 1989 838 2050 addit
853 2009 887 2051 se
901 2008 1034 2069 quoque
1052 1990 1083 2048 in
1098 1988 1207 2050 lucem

89 2095 184 2172 prius
206 2091 355 2170 prolerre
375 2092 519 2172 ejusdem
545 2092 640 2153 vitam
662 2108 820 2170 suamque
842 2092 873 2152 iu
894 2111 931 2153 ca
955 2091 1205 2153 simulationem.

88 2191 246 2254 Attamen
269 2193 366 2272 hujus
387 2192 547 2254 secundae
570 2193 669 2269 partis
692 2192 921 2254 oblivisciturr
945 2201 976 2253 et
997 2190 1095 2270 quale
1117 2188 1204 2252 Alci·

89 2293 196 2357 biudis
218 2294 317 2357 luerit
337 2291 525 2356 simulatum
551 2294 675 2354 vivendi
699 2311 809 2372 genus,
827 2293 989 2372 transegit.
1007 2290 1076 2354 Hoc
1093 2298 1126 2354 et
1147 2291 1206 2352 ali·

88 2395 121 2456 bi
146 2394 186 2456 de
207 2395 278 2457 aliis
300 2396 469 2457 haereticis
491 2395 650 2473 promisit,
667 2413 705 2458 ue
720 2403 842 2473 postea,
860 2399 965 2458 nescio
981 2412 1096 2474 quare,
1113 2409 1206 2478 praef

88 2497 215 2559 terivit.

58 2636 64 2641 -
172 2595 333 2671 Secundo,
350 2615 424 2658 cnm
440 2597 524 2658 dicat
541 2589 741 2680 Anony‘mus,
757 2597 928 2658 Alcibiadis
944 2616 1000 2659 seu
1017 2596 1204 2658 helcesaita·

87 2715 168 2760 rum
189 2707 308 2758 sectam
331 2695 453 2758 Romae
475 2709 697 2776 propagatam,
715 2700 862 2776 plurimis
883 2697 1037 2768 seductis,
1051 2712 1088 2756 ee
1104 2689 1205 2756 simul

86 2797 253 2862 Eusebius
277 2806 435 2872 testetur,
460 2798 542 2860 benc
566 2800 618 2859 cix
642 2809 750 2862 ortam
773 2801 927 2879 periisse,
951 2798 1118 2860 videretur
1139 2797 1203 2872 ipsa

85 2899 186 2962 alteri
209 2900 448 2979 aequiparanda
472 2900 669 2961 callistianae
692 2903 838 2962 haeresi:
862 2919 960 2979 quam
971 2917 1028 2978 per
1042 2905 1138 2958 totum
1154 2915 1204 2958 or·

85 3001 154 3062 bem
176 2998 346 3074 diffusam,
370 3009 402 3062 et
423 3018 599 3080 perennes
620 3002 832 3080 quadraginta
855 3001 893 3060 ad
919 3000 1115 3062 Alcibiadem
1148 3021 1200 3063 us·

85 3121 155 3182 que
183 3104 388 3180 superstitem
418 3109 508 3163 notat
531 3102 655 3162 Auctor
683 3111 814 3176 noster,
838 3103 984 3179 quamvis
1017 3121 1056 3163 ex
1090 3103 1202 3179 priscis

83 3203 302 3281 scriptoribus
324 3220 416 3263 nemo
440 3202 540 3263 ullam
564 3205 653 3264 istius
675 3205 808 3281 gesserit
831 3204 1034 3262 mentionem.
1065 3256 1072 3267 .

170 3298 292 3377 Tertio,
310 3302 537 3364 attendendum
560 3322 692 3382 quoqne
708 3312 767 3378 est,
786 3304 838 3364 ubi
857 3303 1044 3383 Anonymus
1060 3302 1099 3363 de
1116 3301 1203 3364 Alci·

83 3403 181 3465 biede
203 3405 314 3466 scribit
334 3423 364 3465 n.
386 3403 435 3468 13.
459 3401 522 3467 Nos
543 3414 645 3465 autem
667 3405 818 3465 aduersus
835 3403 930 3465 istum
943 3401 1130 3474 restitimus,
1149 3419 1205 3463 uec

83 3503 229 3582 amplius
249 3521 357 3566 errore
378 3502 492 3564 multos
514 3501 646 3564 sivimus
668 3514 728 3565 etc.
754 3504 802 3563 Ad
824 3523 908 3582 quae
933 3503 1110 3564 revocanda
1127 3509 1203 3564 suut

84 3606 174 3666 dicta
197 3604 340 3684 ejusdem
363 3605 448 3666 circa
471 3601 687 3686 zephyrinum
711 3614 741 3665 et
761 3604 945 3678 Callistum,
970 3624 1050 3683 quos
1068 3622 1084 3663 a
1100 3623 1133 3664 se
1149 3622 1204 3664 ex·

84 3712 248 3782 pugnatus
271 3705 314 3764 ait
328 3705 358 3763 in
374 3722 403 3765 c.
423 3702 444 3765 l.
463 3723 494 3764 n.
511 3702 540 3764 7.
555 3723 592 3764 ae
615 3707 843 3781 insuperquae
860 3706 1015 3764 narratio
1034 3701 1130 3763 Libro
1146 3698 1201 3762 Vl.

82 3826 113 3868 e.
142 3801 180 3865 V.
203 3821 232 3864 n.
254 3796 308 3868 All.
332 3806 371 3866 de
393 3802 506 3866 Marco
528 3805 703 3878 haeretico,
726 3823 824 3883 quem
848 3821 959 3882 perse
982 3803 1128 3865 dicitaut
1144 3820 1201 3881 per

82 3906 185 3976 alios,
205 3923 244 3965 eo
268 3905 336 3982 ipso
359 3915 434 3966 tunc
458 3905 604 3977 vivente,
629 3903 726 3965 inisse
749 3903 949 3978 reiutatum,
973 3904 1054 3965 adeo
1077 3909 1113 3964 ut
1134 3919 1200 3962 am-

46 3992 53 3999 *
81 4005 173 4086 plius
196 4023 258 4064 non
281 4012 386 4083 posset
406 4002 545 4065 illudere
568 4002 726 4066 fidelibus.
751 4000 844 4063 Tales
867 4020 966 4081 porro
989 4003 1198 4064 circumstan-

81 4109 150 4169 tiae
167 4107 209 4164 ita
226 4105 403 4183 descriptae
426 4103 590 4166 manifeste
607 4105 757 4180 indicant,
777 4104 991 4186 Anonymum,
1007 4100 1072 4181 jam
1090 4101 1129 4161 ab
1145 4121 1197 4162 an·

77 4227 125 4270 no
145 4200 211 4270 tud.
230 4205 430 4283 episcopum,
447 4203 603 4268 reiutasse
619 4203 790 4281 Mercum3
807 4221 844 4264 ac
859 4203 971 4268 deinde
990 4201 1079 4263 initio
1101 4203 1201 4264 seculi
