2886 4784
244 459 291 522 De
312 462 440 533 ceteris,
463 476 539 521 cum
560 457 632 520 inde
645 459 753 520 trium
775 456 1004 536 capitulorum
1025 455 1212 522 defensores
1231 459 1265 521 ab

163 563 352 625 canonicum
368 562 671 624 anathematismum
688 558 751 621 illis
765 556 935 630 inuictum,
948 558 1042 622 deliri
1058 567 1092 622 et
1109 569 1215 622 mente
1228 579 1270 624 aa·

166 665 224 744 pti,
242 667 272 726 in
290 662 443 743 Vigillum
463 664 675 741 insurgentes,
690 661 771 720 *ialsa
789 667 821 720 et
839 661 1035 723 calumniosa
1054 661 1184 740 sibique
1206 679 1271 722 con·

165 767 263 828 traria
286 766 456 828 commenti
478 767 553 839 sint,
578 763 720 842 undique
741 762 829 824 orbis
851 763 1016 824 christiani
1039 761 1125 840 lusa3
1150 770 1183 824 et
1205 780 1274 826 cum

167 869 239 929 binc
262 864 397 946 Vigilius
419 866 485 945 ipse
514 865 631 944 suique
661 881 863 926 successores
885 864 1012 940 saepius
1034 864 1190 926 obtestati
1218 864 1274 926 sint

165 979 277 1032 contra
303 967 488 1048 hujusmodi
511 966 686 1030 falsitates:
712 985 815 1030 nonne
838 967 879 1046 pii
901 976 933 1028 et
954 968 1109 1030 catholici
1126 967 1187 1030 riri
1211 984 1275 1030 mu·

166 1086 225 1131 nus
246 1077 294 1130 est
316 1069 433 1128 horum
455 1068 601 1128 assentiri
623 1067 739 1138 dictis,
762 1085 799 1128 ac
822 1085 936 1143 parea
962 1068 1163 1145 redarguere
1185 1067 1277 1129 schis-

167 1172 359 1231 maticorum
380 1165 611 1246 iquorautiam,
632 1167 912 1248 vaniloquentiam,
932 1166 1146 1247 pervicaciam
1168 1179 1197 1230 et
1213 1187 1279 1248 per·

162 1264 463 1355 fidiami21Etsane
485 1287 585 1347 super
607 1271 664 1330 ista
687 1271 845 1332 elementa
869 1289 938 1332 sese
957 1279 1138 1332 erexerunt
1160 1270 1224 1346 isti,
1239 1271 1280 1332 in·

168 1374 239 1451 quit
256 1363 404 1455 Pelagius
422 1369 444 1431 Ι.
464 1371 576 1433 ἱιιέυἱε
598 1371 753 1451 epistulis,
772 1381 807 1433 ut
822 1372 1056 1434 dirimerentur
1076 1373 1118 1433 ab
1143 1371 1279 1434 Ecclesia

167 1463 334 1536 Cast-aliea
354 1467 587 1551 'etpu'gnareut
612 1472 769 1534 adversus
800 1491 883 1534 eam.
908 1471 949 1534 Et
982 1473 1023 1533 ob
1055 1474 1117 1535 hoc
1151 1472 1191 1536 de
1220 1471 1276 1534 illis

167 1564 430 1651 conquerebatur
453 1574 600 1652 Pelagius
624 1571 664 1634 ll.
684 1575 714 1634 in
728 1575 845 1635 litteris
859 1573 898 1634 ad
918 1573 1275 1654 Eliam'aquilejensern.

166 1695 183 1733 u
206 1671 294 1747 Ouoe
314 1671 397 1735 euim
408 1717 420 1748 ,
442 1678 502 1747 ait,
522 1673 582 1736 mei
602 1673 736 1753 spiritus
758 1673 880 1753 requies
902 1694 964 1736 esse
981 1660 1104 1754 potest,
1128 1673 1160 1737 si
1179 1673 1278 1738 advoc·

167 1775 253 1836 auito
272 1775 355 1835 hoste
376 1773 532 1855 inflictum
552 1777 669 1840 uulnus
690 1774 805 1838 mederi
824 1794 889 1838 uon
907 1770 1038 1855 pareat?
1060 1773 1142 1838 Ecce
1161 1775 1197 1838 in
1210 1792 1275 1837 cun·

169 1874 228 1938 etis
242 1872 355 1938 mundi
365 1875 512 1955 partibus
524 1887 635 1939 sancta
649 1887 678 1938 et
691 1874 886 1940 uniuersalis
903 1875 1046 1939 Ecclesia
1058 1874 1197 1940 unitatis
1210 1894 1276 1940 auor

168 1975 275 2039 radiis
288 1977 400 2058 fulqet.
424 1974 483 2042 Sed
504 1988 608 2040 tamen
629 1978 733 2039 odius
754 1977 895 2039 umbram
914 1987 1035 2040 uestrae
1049 1976 1218 2040 divisionis
1231 1993 1273 2038 su·

169 2079 274 2141 stiuet.
300 2075 418 2158 Ubique
437 2078 473 2141 iu
492 2077 566 2160 fidei
586 2088 671 2141 statu
683 2080 841 2158 perdurat
844 2098 860 2151 ;
875 2079 928 2139 sed
940 2079 1074 2158 paudere
1090 2099 1158 2142 eam
1173 2080 1209 2142 de
1220 2097 1269 2142 suo

169 2185 273 2246 salute
291 2180 433 2262 probibet
453 2182 593 2255 vulnus,
613 2183 697 2262 quod
718 2182 753 2242 de
781 2188 884 2242 uestra
905 2177 1095 2242 abscissione
1118 2182 1268 2245 tolerat.»

251 2284 342 2347 Hanc
364 2302 463 2362 porro
485 2283 686 2357 divisionem,
709 2292 741 2345 et
763 2283 824 2344 boc
841 2282 960 2345 vulnus
978 2281 1127 2362 Pelagius
1146 2283 1171 2347 l.
1191 2283 1265 2345 Pela·

171 2386 241 2464 gius
265 2384 305 2446 ll.
330 2403 355 2446 s.
380 2381 558 2463 Gregorius
581 2381 718 2461 Magnus
746 2402 808 2445 non
840 2383 1026 2463 repetebant
1047 2400 1065 2445 a
1090 2382 1207 2463 Vigilia
1234 2380 1269 2442 iu·

171 2493 274 2559 truso,
297 2487 474 2558 haeretico,
498 2494 530 2547 et
554 2502 635 2564 vagu
658 2487 690 2545 in
711 2486 776 2547 suis
798 2484 950 2557 decretis,
974 2503 1037 2546 non
1060 2501 1077 2546 a
1099 2483 1269 2547 lastiniam

173 2563 332 2665 saciilego
355 2594 386 2649 et
408 2586 622 2649 ecclesiastica
647 2587 817 2648 invadente
836 2586 936 2666 jura,
960 2604 1021 2648 nnn
1044 2604 1061 2647 a
1086 2586 1229 2666 patribus
1245 2586 1269 2644 in

170 2688 299 2771 Synodn
323 2685 359 2749 V.
382 2689 552 2761 adunatis,
579 2689 629 2749 vel
650 2688 765 2762 donis,
785 2707 841 2750 sen
867 2688 1017 2749 violentia
1039 2690 1220 2767 superatis,
1240 2694 1271 2750 ut

170 2790 365 2849 anathemati
387 2789 626 2851 subscriberent
653 2791 751 2850 trium
784 2788 1022 2864 Capitulorurn.
1045 2786 1271 2868 Nequaquam,

172 2888 259 2962 dicu,
282 2889 323 2949 ab
345 2889 412 2963 bis,
438 2908 579 2967 quorum
602 2892 791 2951 memoriam
816 2891 866 2968 pie
888 2889 1020 2951 reveriti
1042 2899 1141 2962 sunt,
1166 2896 1275 2967 repete·

172 2992 246 3049 bant
272 2988 439 3052 Pontifices
461 2989 624 3052 Ecclesiae
648 2990 785 3052 vulnus:
810 2992 863 3051 sed
880 2992 976 3052 aliter
992 2990 1125 3063 abillis,
1142 2992 1197 3069 qui
1212 2987 1275 3052 sub·

170 3092 312 3154 scribere
335 3093 538 3153 detrabentes
560 3093 693 3152 illorum
711 3090 937 3168 Capitulorum
953 3091 1168 3162 damnationi,
1184 3094 1273 3152 inces-

171 3201 281 3253 santer
304 3209 383 3253 voce
406 3200 437 3251 et
459 3191 585 3270 scriptis
601 3191 741 3267 maligno
761 3191 877 3266 spiritu
894 3192 968 3263 acti,
988 3209 1063 3253 suas
1085 3198 1118 3252 et
1141 3190 1274 3274 fidelium

173 3291 293 3353 mente's
315 3299 557 3370 perverterunt.
584 3290 747 3368 ideoque,
771 3292 922 3367 quoties,
945 3294 1065 3353 iterum
1088 3292 1183 3365 dico,
1208 3288 1278 3351 noli·

173 3410 266 3464 mus,
289 3393 383 3452 sicuti
406 3394 515 3470 pietati
539 3391 711 3464 convenit,
736 3387 889 3469 vigilium
922 3392 952 3450 in
979 3390 1141 3469 judicium
1172 3405 1278 3452 secare

169 3492 382 3555 simulationis
405 3509 497 3553 reum
528 3495 559 3553 in
590 3493 651 3554 boc
676 3492 789 3553 ultimo
812 3490 1018 3565 Constituto,
1042 3488 1277 3554 necessariori

169 3611 221 3667 eo,
238 3594 323 3671 quud
349 3594 519 3671 hucusque
542 3594 639 3670 vulgo
662 3600 810 3670 putatur,
829 3593 1043 3656 recedendum
1067 3602 1128 3665 est,
1152 3604 1184 3655 et
1204 3594 1277 3653 inter

171 3695 386 3756 commentitia
408 3697 527 3774 scripta
552 3695 721 3773 releganda
745 3696 842 3756 citata
866 3703 1086 3757 monumenta.

249 3794 380 3859 Cunctis
401 3796 510 3873 itaque
533 3797 707 3875 perpensis,
731 3815 815 3875 quae
837 3815 864 3857 c.
882 3796 1004 3860 Censor
1023 3798 1155 3875 scripsit
1173 3796 1276 3857 adrer-

170 3914 237 3968 sus,
261 3914 357 3974 quam
380 3896 522 3959 studiose
546 3899 634 3959 texui
659 3895 778 3975 Vigilii,
801 3897 948 3977 Origenis
964 3905 994 3958 et
1010 3895 1196 3970 Iustiniani,
1212 3913 1277 3974 apa·

171 3997 304 4075 logiam,
328 4015 402 4060 cum
424 4000 527 4059 sentio
550 3999 643 4060 illum
666 4000 866 4061 inveteratae
899 4010 930 4060 et
960 3998 1068 4060 adhuc
1090 3993 1277 4078 praevalenti

173 4097 365 4159 obsecutum
389 4117 457 4160 esse
479 4099 633 4178 opinioni,
651 4100 695 4160 ita
718 4107 755 4161 nt
776 4118 860 4179 quae
881 4118 898 4161 a
923 4117 973 4161 me
990 4101 1086 4161 citata
1104 4111 1137 4162 et
1150 4099 1276 4161 discussa

174 4216 232 4276 pro
255 4200 385 4259 iissent
410 4201 604 4278 testimonia,
631 4200 680 4264 vel
703 4219 776 4264 curn
799 4200 897 4265 dnbio
919 4204 1111 4281 susceperit,
1126 4219 1184 4265 seu
1198 4198 1275 4262 abso·
