<?xml version="1.0" encoding="UTF-8"?>
<!DOCTYPE html PUBLIC "-//W3C//DTD XHTML 1.0 Transitional//EN"
    "http://www.w3.org/TR/xhtml1/DTD/xhtml1-transitional.dtd">
<html xmlns="http://www.w3.org/1999/xhtml" xml:lang="en" lang="en">
 <head>
  <title>
</title>
<meta http-equiv="Content-Type" content="text/html;charset=utf-8" />
  <meta name='ocr-system' content='tesseract 3.04.00' />
  <meta name='ocr-capabilities' content='ocr_page ocr_carea ocr_par ocr_line ocrx_word'/>
</head>
<body>
  <div class='ocr_page' id='page_1' title='image "./insgregoriinyss00vincgoog_0268.png"; bbox 0 0 2886 4784; ppageno 0'>
   <div class='ocr_carea' id='block_1_1' title="bbox 1232 355 1271 422">
    <p class='ocr_par' dir='ltr' id='par_1_1' title="bbox 1232 355 1271 422">
     <span class='ocr_line' id='line_1_1' title="bbox 1232 355 1271 422; baseline 0 0"><span class='ocrx_word' id='word_1_1' title='bbox 1232 355 1271 422; x_wconf 79' lang='lat'>73</span> 
     </span>
    </p>
   </div>
   <div class='ocr_carea' id='block_1_2' title="bbox 140 457 1273 1345">
    <p class='ocr_par' dir='ltr' id='par_1_2' title="bbox 140 457 1272 1125">
     <span class='ocr_line' id='line_1_2' title="bbox 141 457 1272 540; baseline 0.003 -23"><span class='ocrx_word' id='word_1_2' title='bbox 141 457 227 520; x_wconf 86' lang='lat' dir='ltr'>dem</span> <span class='ocrx_word' id='word_1_3' title='bbox 250 457 406 520; x_wconf 82' lang='lat' dir='ltr'>exhibere</span> <span class='ocrx_word' id='word_1_4' title='bbox 430 457 525 529; x_wconf 88' lang='lat' dir='ltr'>velle,</span> <span class='ocrx_word' id='word_1_5' title='bbox 544 474 642 536; x_wconf 87' lang='lat' dir='ltr'>quam</span> <span class='ocrx_word' id='word_1_6' title='bbox 662 457 811 521; x_wconf 84' lang='lat' dir='ltr'>Patribus</span> <span class='ocrx_word' id='word_1_7' title='bbox 827 459 857 519; x_wconf 95' lang='lat' dir='ltr'>in</span> <span class='ocrx_word' id='word_1_8' title='bbox 871 457 999 540; x_wconf 80' lang='lat' dir='ltr'>Synodo</span> <span class='ocrx_word' id='word_1_9' title='bbox 1022 458 1183 520; x_wconf 76' lang='lat' dir='ltr'>collectis:</span> <span class='ocrx_word' id='word_1_10' title='bbox 1201 460 1272 537; x_wconf 87' lang='lat' dir='ltr'>qui·</span> 
     </span>
     <span class='ocr_line' id='line_1_3' title="bbox 140 556 1272 639; baseline 0.001 -22"><span class='ocrx_word' id='word_1_11' title='bbox 140 560 276 619; x_wconf 90' lang='lat' dir='ltr'>nimmo</span> <span class='ocrx_word' id='word_1_12' title='bbox 292 569 383 636; x_wconf 90' lang='lat' dir='ltr'>puto,</span> <span class='ocrx_word' id='word_1_13' title='bbox 402 557 492 619; x_wconf 90' lang='lat' dir='ltr'>dietis</span> <span class='ocrx_word' id='word_1_14' title='bbox 509 557 622 639; x_wconf 77' lang='lat' dir='ltr'>Cprilli</span> <span class='ocrx_word' id='word_1_15' title='bbox 646 561 844 635; x_wconf 71' lang='lat' dir='ltr'><strong>posthabitis,</strong></span> <span class='ocrx_word' id='word_1_16' title='bbox 862 556 982 638; x_wconf 91' lang='lat' dir='ltr'>Vigilii,</span> <span class='ocrx_word' id='word_1_17' title='bbox 1001 557 1121 637; x_wconf 80' lang='lat' dir='ltr'><strong>Pelagii</strong></span> <span class='ocrx_word' id='word_1_18' title='bbox 1141 559 1162 618; x_wconf 92' lang='grc' dir='ltr'>Ι.</span> <span class='ocrx_word' id='word_1_19' title='bbox 1183 559 1272 620; x_wconf 86' lang='lat' dir='ltr'>Pela·</span> 
     </span>
     <span class='ocr_line' id='line_1_4' title="bbox 140 656 1272 738; baseline 0 -20"><span class='ocrx_word' id='word_1_20' title='bbox 140 660 191 734; x_wconf 84' lang='lat' dir='ltr'>gii</span> <span class='ocrx_word' id='word_1_21' title='bbox 221 659 262 720; x_wconf 90' lang='lat' dir='ltr'>ll.</span> <span class='ocrx_word' id='word_1_22' title='bbox 285 678 310 720; x_wconf 92' lang='lat' dir='ltr'>s.</span> <span class='ocrx_word' id='word_1_23' title='bbox 336 656 484 737; x_wconf 76' lang='lat' dir='ltr'><strong>Gregorii</strong></span> <span class='ocrx_word' id='word_1_24' title='bbox 508 659 614 737; x_wconf 83' lang='lat' dir='ltr'>Magni</span> <span class='ocrx_word' id='word_1_25' title='bbox 637 661 775 738; x_wconf 78' lang='lat' dir='ltr'>limpidis</span> <span class='ocrx_word' id='word_1_26' title='bbox 801 679 1007 722; x_wconf 86' lang='lat' dir='ltr'>accessurum</span> <span class='ocrx_word' id='word_1_27' title='bbox 1046 659 1272 721; x_wconf 88' lang='lat' dir='ltr'>declarationi·</span> 
     </span>
     <span class='ocr_line' id='line_1_5' title="bbox 144 756 1271 841; baseline -0.001 -20"><span class='ocrx_word' id='word_1_28' title='bbox 144 760 227 822; x_wconf 87' lang='lat' dir='ltr'>bus.</span> <span class='ocrx_word' id='word_1_29' title='bbox 253 759 408 837; x_wconf 90' lang='lat' dir='ltr'>Vigilium</span> <span class='ocrx_word' id='word_1_30' title='bbox 429 761 512 832; x_wconf 89' lang='lat' dir='ltr'>dico,</span> <span class='ocrx_word' id='word_1_31' title='bbox 537 762 591 839; x_wconf 88' lang='lat' dir='ltr'>qui</span> <span class='ocrx_word' id='word_1_32' title='bbox 614 762 644 821; x_wconf 94' lang='lat' dir='ltr'>in</span> <span class='ocrx_word' id='word_1_33' title='bbox 666 762 800 838; x_wconf 91' lang='lat' dir='ltr'>epistola</span> <span class='ocrx_word' id='word_1_34' title='bbox 825 763 864 821; x_wconf 91' lang='lat' dir='ltr'>de</span> <span class='ocrx_word' id='word_1_35' title='bbox 887 758 1004 841; x_wconf 75' lang='lat' dir='ltr'>Synodi</span> <span class='ocrx_word' id='word_1_36' title='bbox 1027 759 1220 822; x_wconf 73' lang='lat' dir='ltr'>adunatione</span> <span class='ocrx_word' id='word_1_37' title='bbox 1239 756 1271 822; x_wconf 81' lang='lat' dir='ltr'>et</span> 
     </span>
     <span class='ocr_line' id='line_1_6' title="bbox 143 861 1268 942; baseline 0 -20"><span class='ocrx_word' id='word_1_38' title='bbox 143 863 180 922; x_wconf 90' lang='lat' dir='ltr'>in</span> <span class='ocrx_word' id='word_1_39' title='bbox 198 861 385 924; x_wconf 68' lang='lat' dir='ltr'>Constituto</span> <span class='ocrx_word' id='word_1_40' title='bbox 410 880 469 942; x_wconf 94' lang='lat' dir='ltr'>pro</span> <span class='ocrx_word' id='word_1_41' title='bbox 488 861 632 941; x_wconf 86' lang='lat' dir='ltr'>ejusdem</span> <span class='ocrx_word' id='word_1_42' title='bbox 648 861 891 924; x_wconf 86' lang='lat' dir='ltr'>confirmatione</span> <span class='ocrx_word' id='word_1_43' title='bbox 908 878 1007 922; x_wconf 93' lang='lat' dir='ltr'>unum</span> <span class='ocrx_word' id='word_1_44' title='bbox 1023 861 1268 923; x_wconf 89' lang='lat' dir='ltr'>oecumenicum</span> 
     </span>
     <span class='ocr_line' id='line_1_7' title="bbox 142 958 1269 1040; baseline -0.002 -16"><span class='ocrx_word' id='word_1_45' title='bbox 142 960 364 1036; x_wconf 82' lang='lat' dir='ltr'>Concilium,</span> <span class='ocrx_word' id='word_1_46' title='bbox 388 972 422 1023; x_wconf 92' lang='lat' dir='ltr'>et</span> <span class='ocrx_word' id='word_1_47' title='bbox 443 980 539 1024; x_wconf 87' lang='lat' dir='ltr'>unam</span> <span class='ocrx_word' id='word_1_48' title='bbox 561 963 601 1024; x_wconf 89' lang='lat' dir='ltr'>de</span> <span class='ocrx_word' id='word_1_49' title='bbox 624 958 726 1025; x_wconf 86' lang='lat' dir='ltr'>tribus</span> <span class='ocrx_word' id='word_1_50' title='bbox 754 961 913 1040; x_wconf 79' lang='lat' dir='ltr'>Capitulis</span> <span class='ocrx_word' id='word_1_51' title='bbox 948 963 1168 1039; x_wconf 87' lang='lat' dir='ltr'>quaestionem</span> <span class='ocrx_word' id='word_1_52' title='bbox 1205 979 1269 1022; x_wconf 90' lang='lat' dir='ltr'>me·</span> 
     </span>
     <span class='ocr_line' id='line_1_8' title="bbox 145 1073 278 1125; baseline -0.023 -1"><span class='ocrx_word' id='word_1_53' title='bbox 145 1073 278 1125; x_wconf 89' lang='lat' dir='ltr'>morat.</span> 
     </span>
    </p>

    <p class='ocr_par' dir='ltr' id='par_1_3' title="bbox 146 1163 1273 1345">
     <span class='ocr_line' id='line_1_9' title="bbox 239 1163 1273 1245; baseline 0 -20"><span class='ocrx_word' id='word_1_54' title='bbox 239 1163 320 1226; x_wconf 91' lang='lat' dir='ltr'>ltem</span> <span class='ocrx_word' id='word_1_55' title='bbox 344 1164 428 1225; x_wconf 90' lang='lat' dir='ltr'>des.</span> <span class='ocrx_word' id='word_1_56' title='bbox 453 1163 625 1244; x_wconf 79' lang='lat' dir='ltr'>Gregorio,</span> <span class='ocrx_word' id='word_1_57' title='bbox 649 1167 702 1242; x_wconf 81' lang='lat' dir='ltr'>(in</span> <span class='ocrx_word' id='word_1_58' title='bbox 725 1165 819 1245; x_wconf 75' lang='lat' dir='ltr'>cuius</span> <span class='ocrx_word' id='word_1_59' title='bbox 844 1165 907 1225; x_wconf 87' lang='lat' dir='ltr'>vita</span> <span class='ocrx_word' id='word_1_60' title='bbox 943 1165 1022 1227; x_wconf 86' lang='lat' dir='ltr'>baec</span> <span class='ocrx_word' id='word_1_61' title='bbox 1055 1163 1137 1225; x_wconf 88' lang='lat' dir='ltr'>tacta</span> <span class='ocrx_word' id='word_1_62' title='bbox 1169 1163 1273 1239; x_wconf 82' lang='lat' dir='ltr'>suut)</span> 
     </span>
     <span class='ocr_line' id='line_1_10' title="bbox 146 1261 1270 1345; baseline -0.003 -19"><span class='ocrx_word' id='word_1_63' title='bbox 146 1267 243 1338; x_wconf 88' lang='lat' dir='ltr'>dieo,</span> <span class='ocrx_word' id='word_1_64' title='bbox 267 1266 323 1343; x_wconf 82' lang='lat' dir='ltr'>qui</span> <span class='ocrx_word' id='word_1_65' title='bbox 346 1282 442 1327; x_wconf 90' lang='lat' dir='ltr'>unam</span> <span class='ocrx_word' id='word_1_66' title='bbox 467 1274 592 1329; x_wconf 87' lang='lat' dir='ltr'>tantum</span> <span class='ocrx_word' id='word_1_67' title='bbox 610 1268 829 1345; x_wconf 87' lang='lat' dir='ltr'>quaestionem</span> <span class='ocrx_word' id='word_1_68' title='bbox 847 1267 885 1326; x_wconf 91' lang='lat' dir='ltr'>de</span> <span class='ocrx_word' id='word_1_69' title='bbox 900 1266 948 1327; x_wconf 89' lang='lat' dir='ltr'>bis</span> <span class='ocrx_word' id='word_1_70' title='bbox 963 1261 1122 1344; x_wconf 81' lang='lat' dir='ltr'>Capitulis</span> <span class='ocrx_word' id='word_1_71' title='bbox 1138 1274 1270 1336; x_wconf 90' lang='lat' dir='ltr'>motam,</span> 
     </span>
    </p>
   </div>
   <div class='ocr_carea' id='block_1_3' title="bbox 147 1363 1393 1450">
    <p class='ocr_par' dir='ltr' id='par_1_4' title="bbox 147 1363 1393 1450">
     <span class='ocr_line' id='line_1_11' title="bbox 147 1363 1393 1450; baseline -0.004 -21"><span class='ocrx_word' id='word_1_72' title='bbox 147 1376 184 1430; x_wconf 83' lang='lat' dir='ltr'>et</span> <span class='ocrx_word' id='word_1_73' title='bbox 211 1384 309 1428; x_wconf 90' lang='lat' dir='ltr'>uuam</span> <span class='ocrx_word' id='word_1_74' title='bbox 331 1366 494 1447; x_wconf 84' lang='lat' dir='ltr'>Synodum</span> <span class='ocrx_word' id='word_1_75' title='bbox 518 1369 758 1431; x_wconf 86' lang='lat' dir='ltr'>oecumenicam</span> <span class='ocrx_word' id='word_1_76' title='bbox 780 1367 951 1450; x_wconf 85' lang='lat' dir='ltr'>collectam</span> <span class='ocrx_word' id='word_1_77' title='bbox 974 1367 1098 1428; x_wconf 82' lang='lat' dir='ltr'>statuit.</span> <span class='ocrx_word' id='word_1_78' title='bbox 1116 1365 1149 1425; x_wconf 95' lang='lat' dir='ltr'>ln</span> <span class='ocrx_word' id='word_1_79' title='bbox 1171 1363 1271 1427; x_wconf 87' lang='lat' dir='ltr'>Libro</span> <span class='ocrx_word' id='word_1_80' title='bbox 1383 1371 1393 1384; x_wconf 84' lang='lat'>’</span> 
     </span>
    </p>
   </div>
   <div class='ocr_carea' id='block_1_4' title="bbox 151 1465 1269 1546">
    <p class='ocr_par' dir='ltr' id='par_1_5' title="bbox 151 1465 1269 1546">
     <span class='ocr_line' id='line_1_12' title="bbox 151 1465 1269 1546; baseline -0.001 -18"><span class='ocrx_word' id='word_1_81' title='bbox 151 1465 176 1528; x_wconf 90' lang='lat' dir='ltr'>l.</span> <span class='ocrx_word' id='word_1_82' title='bbox 200 1466 416 1545; x_wconf 86' lang='lat' dir='ltr'>epistolarum</span> <span class='ocrx_word' id='word_1_83' title='bbox 439 1486 468 1527; x_wconf 95' lang='lat' dir='ltr'>n.</span> <span class='ocrx_word' id='word_1_84' title='bbox 490 1465 543 1531; x_wconf 74' lang='lat'>25.</span> <span class='ocrx_word' id='word_1_85' title='bbox 563 1469 696 1530; x_wconf 79' lang='lat' dir='ltr'>scribit:</span> <span class='ocrx_word' id='word_1_86' title='bbox 722 1491 738 1528; x_wconf 82' lang='lat' dir='ltr'>n</span> <span class='ocrx_word' id='word_1_87' title='bbox 761 1467 919 1544; x_wconf 91' lang='lat' dir='ltr'>Quintum</span> <span class='ocrx_word' id='word_1_88' title='bbox 942 1485 1075 1546; x_wconf 84' lang='lat' dir='ltr'>quoque</span> <span class='ocrx_word' id='word_1_89' title='bbox 1088 1465 1269 1530; x_wconf 83' lang='lat' dir='ltr'>Concilium</span> 
     </span>
    </p>
   </div>
   <div class='ocr_carea' id='block_1_5' title="bbox 149 1568 1272 2056">
    <p class='ocr_par' dir='ltr' id='par_1_6' title="bbox 149 1568 1272 2056">
     <span class='ocr_line' id='line_1_13' title="bbox 150 1568 1269 1648; baseline -0.001 -18"><span class='ocrx_word' id='word_1_90' title='bbox 150 1568 282 1648; x_wconf 88' lang='lat' dir='ltr'>pariter</span> <span class='ocrx_word' id='word_1_91' title='bbox 305 1586 443 1630; x_wconf 86' lang='lat' dir='ltr'>veneror</span> <span class='ocrx_word' id='word_1_92' title='bbox 452 1589 464 1647; x_wconf 99' lang='lat'>3</span> <span class='ocrx_word' id='word_1_93' title='bbox 489 1571 518 1630; x_wconf 91' lang='lat' dir='ltr'>in</span> <span class='ocrx_word' id='word_1_94' title='bbox 540 1588 606 1647; x_wconf 87' lang='lat' dir='ltr'>quo</span> <span class='ocrx_word' id='word_1_95' title='bbox 622 1577 655 1631; x_wconf 93' lang='lat' dir='ltr'>ct</span> <span class='ocrx_word' id='word_1_96' title='bbox 669 1571 818 1646; x_wconf 90' lang='lat' dir='ltr'>epistola,</span> <span class='ocrx_word' id='word_1_97' title='bbox 835 1588 918 1648; x_wconf 87' lang='lat' dir='ltr'>quae</span> <span class='ocrx_word' id='word_1_98' title='bbox 935 1568 1009 1630; x_wconf 89' lang='lat' dir='ltr'>lbae</span> <span class='ocrx_word' id='word_1_99' title='bbox 1032 1568 1163 1640; x_wconf 88' lang='lat' dir='ltr'>dicitur,</span> <span class='ocrx_word' id='word_1_100' title='bbox 1178 1586 1269 1629; x_wconf 88' lang='lat' dir='ltr'>erro·</span> 
     </span>
     <span class='ocr_line' id='line_1_14' title="bbox 149 1665 1270 1751; baseline 0 -21"><span class='ocrx_word' id='word_1_101' title='bbox 149 1671 198 1731; x_wconf 88' lang='lat' dir='ltr'>ris</span> <span class='ocrx_word' id='word_1_102' title='bbox 222 1671 314 1745; x_wconf 91' lang='lat' dir='ltr'>plena</span> <span class='ocrx_word' id='word_1_103' title='bbox 338 1670 544 1745; x_wconf 92' lang='lat' dir='ltr'>reprobatur.</span> <span class='ocrx_word' id='word_1_104' title='bbox 567 1668 759 1733; x_wconf 83' lang='lat' dir='ltr'>Theodorus</span> <span class='ocrx_word' id='word_1_105' title='bbox 788 1689 956 1751; x_wconf 88' lang='lat' dir='ltr'>personam</span> <span class='ocrx_word' id='word_1_106' title='bbox 989 1668 1179 1732; x_wconf 86' lang='lat' dir='ltr'>Mediatoris</span> <span class='ocrx_word' id='word_1_107' title='bbox 1212 1665 1270 1730; x_wconf 87' lang='lat' dir='ltr'>Dei</span> 
     </span>
     <span class='ocr_line' id='line_1_15' title="bbox 152 1771 1271 1850; baseline 0.001 -18"><span class='ocrx_word' id='word_1_108' title='bbox 152 1779 188 1833; x_wconf 88' lang='lat' dir='ltr'>et</span> <span class='ocrx_word' id='word_1_109' title='bbox 212 1771 381 1833; x_wconf 90' lang='lat' dir='ltr'>bominum</span> <span class='ocrx_word' id='word_1_110' title='bbox 404 1771 434 1831; x_wconf 91' lang='lat' dir='ltr'>iu</span> <span class='ocrx_word' id='word_1_111' title='bbox 456 1771 583 1832; x_wconf 91' lang='lat' dir='ltr'>duabus</span> <span class='ocrx_word' id='word_1_112' title='bbox 604 1772 815 1834; x_wconf 85' lang='lat' dir='ltr'>subsistentiis</span> <span class='ocrx_word' id='word_1_113' title='bbox 845 1789 996 1850; x_wconf 80' lang='lat' dir='ltr'>separans</span> <span class='ocrx_word' id='word_1_114' title='bbox 1028 1771 1066 1831; x_wconf 86' lang='lat' dir='ltr'>ad</span> <span class='ocrx_word' id='word_1_115' title='bbox 1097 1772 1271 1848; x_wconf 89' lang='lat' dir='ltr'>impictatis</span> 
     </span>
     <span class='ocr_line' id='line_1_16' title="bbox 155 1871 1272 1953; baseline 0 -20"><span class='ocrx_word' id='word_1_116' title='bbox 155 1871 326 1948; x_wconf 84' lang='lat' dir='ltr'>perfidiam</span> <span class='ocrx_word' id='word_1_117' title='bbox 349 1874 563 1935; x_wconf 85' lang='lat' dir='ltr'>convincitur.</span> <span class='ocrx_word' id='word_1_118' title='bbox 590 1871 715 1949; x_wconf 82' lang='lat' dir='ltr'>Scripta</span> <span class='ocrx_word' id='word_1_119' title='bbox 738 1892 869 1953; x_wconf 87' lang='lat' dir='ltr'>quoque</span> <span class='ocrx_word' id='word_1_120' title='bbox 892 1871 1101 1946; x_wconf 86' lang='lat' dir='ltr'>Tbeodoreti,</span> <span class='ocrx_word' id='word_1_121' title='bbox 1117 1890 1272 1951; x_wconf 90' lang='lat' dir='ltr'>perquae</span> 
     </span>
     <span class='ocr_line' id='line_1_17' title="bbox 153 1971 1270 2056; baseline 0 -22"><span class='ocrx_word' id='word_1_122' title='bbox 153 1973 241 2035; x_wconf 91' lang='lat' dir='ltr'>beati</span> <span class='ocrx_word' id='word_1_123' title='bbox 274 1971 388 2056; x_wconf 72' lang='lat' dir='ltr'>cyrilti</span> <span class='ocrx_word' id='word_1_124' title='bbox 417 1973 493 2035; x_wconf 87' lang='lat' dir='ltr'>tides</span> <span class='ocrx_word' id='word_1_125' title='bbox 525 1975 795 2052; x_wconf 83' lang='lat' dir='ltr'>reprehenditur,</span> <span class='ocrx_word' id='word_1_126' title='bbox 819 1993 900 2036; x_wconf 88' lang='lat' dir='ltr'>ausu</span> <span class='ocrx_word' id='word_1_127' title='bbox 933 1973 1112 2034; x_wconf 89' lang='lat' dir='ltr'>dementiae</span> <span class='ocrx_word' id='word_1_128' title='bbox 1143 1974 1270 2050; x_wconf 85' lang='lat' dir='ltr'>prolnta</span> 
     </span>
    </p>
   </div>
   <div class='ocr_carea' id='block_1_6' title="bbox 149 2070 1343 4276">
    <p class='ocr_par' dir='ltr' id='par_1_7' title="bbox 153 2070 1272 3163">
     <span class='ocr_line' id='line_1_18' title="bbox 154 2070 1268 2154; baseline -0.005 -17"><span class='ocrx_word' id='word_1_129' title='bbox 154 2074 355 2137; x_wconf 82' lang='lat' dir='ltr'>refutantur.</span> <span class='ocrx_word' id='word_1_130' title='bbox 378 2093 395 2132; x_wconf 80' lang='lat' dir='ltr'>o</span> <span class='ocrx_word' id='word_1_131' title='bbox 420 2073 555 2152; x_wconf 85' lang='lat' dir='ltr'>iusuper</span> <span class='ocrx_word' id='word_1_132' title='bbox 585 2077 616 2137; x_wconf 95' lang='lat' dir='ltr'>in</span> <span class='ocrx_word' id='word_1_133' title='bbox 648 2075 782 2154; x_wconf 88' lang='lat' dir='ltr'>epistola</span> <span class='ocrx_word' id='word_1_134' title='bbox 804 2071 855 2136; x_wconf 82' lang='lat'>51.</span> <span class='ocrx_word' id='word_1_135' title='bbox 880 2071 965 2135; x_wconf 85' lang='lat' dir='ltr'>Libri</span> <span class='ocrx_word' id='word_1_136' title='bbox 990 2070 1031 2133; x_wconf 93' lang='lat' dir='ltr'>ll.</span> <span class='ocrx_word' id='word_1_137' title='bbox 1054 2073 1120 2134; x_wconf 90' lang='lat' dir='ltr'>ait:</span> <span class='ocrx_word' id='word_1_138' title='bbox 1146 2093 1161 2131; x_wconf 88' lang='lat' dir='ltr'>u</span> <span class='ocrx_word' id='word_1_139' title='bbox 1188 2071 1268 2134; x_wconf 90' lang='lat' dir='ltr'>Nam</span> 
     </span>
     <span class='ocr_line' id='line_1_19' title="bbox 153 2172 1272 2257; baseline -0.002 -22"><span class='ocrx_word' id='word_1_140' title='bbox 153 2175 188 2236; x_wconf 88' lang='lat' dir='ltr'>in</span> <span class='ocrx_word' id='word_1_141' title='bbox 208 2174 351 2257; x_wconf 74' lang='lat' dir='ltr'>synodo,</span> <span class='ocrx_word' id='word_1_142' title='bbox 374 2176 491 2252; x_wconf 87' lang='lat' dir='ltr'>inqua</span> <span class='ocrx_word' id='word_1_143' title='bbox 514 2175 553 2237; x_wconf 89' lang='lat' dir='ltr'>de</span> <span class='ocrx_word' id='word_1_144' title='bbox 576 2176 678 2238; x_wconf 89' lang='lat' dir='ltr'>tribus</span> <span class='ocrx_word' id='word_1_145' title='bbox 700 2172 857 2254; x_wconf 90' lang='lat' dir='ltr'>Capitulis</span> <span class='ocrx_word' id='word_1_146' title='bbox 879 2181 989 2235; x_wconf 91' lang='lat' dir='ltr'>actum</span> <span class='ocrx_word' id='word_1_147' title='bbox 1010 2182 1078 2247; x_wconf 91' lang='lat' dir='ltr'>est,</span> <span class='ocrx_word' id='word_1_148' title='bbox 1101 2182 1212 2251; x_wconf 87' lang='lat' dir='ltr'>aperte</span> <span class='ocrx_word' id='word_1_149' title='bbox 1233 2173 1272 2233; x_wconf 91' lang='lat' dir='ltr'>li·</span> 
     </span>
     <span class='ocr_line' id='line_1_20' title="bbox 154 2273 1271 2354; baseline -0.002 -17"><span class='ocrx_word' id='word_1_150' title='bbox 154 2285 248 2354; x_wconf 88' lang='lat' dir='ltr'>quet,</span> <span class='ocrx_word' id='word_1_151' title='bbox 273 2275 351 2336; x_wconf 91' lang='lat' dir='ltr'>nibil</span> <span class='ocrx_word' id='word_1_152' title='bbox 374 2276 413 2336; x_wconf 92' lang='lat' dir='ltr'>de</span> <span class='ocrx_word' id='word_1_153' title='bbox 436 2275 496 2336; x_wconf 85' lang='lat' dir='ltr'>tide</span> <span class='ocrx_word' id='word_1_154' title='bbox 518 2276 710 2338; x_wconf 81' lang='lat' dir='ltr'>convulsum</span> <span class='ocrx_word' id='word_1_155' title='bbox 733 2295 813 2346; x_wconf 91' lang='lat' dir='ltr'>esse,</span> <span class='ocrx_word' id='word_1_156' title='bbox 832 2274 881 2335; x_wconf 89' lang='lat' dir='ltr'>vel</span> <span class='ocrx_word' id='word_1_157' title='bbox 897 2273 1100 2353; x_wconf 86' lang='lat' dir='ltr'>aliquatenus</span> <span class='ocrx_word' id='word_1_158' title='bbox 1124 2276 1271 2335; x_wconf 90' lang='lat' dir='ltr'>immula-</span> 
     </span>
     <span class='ocr_line' id='line_1_21' title="bbox 156 2376 1271 2456; baseline -0.002 -18"><span class='ocrx_word' id='word_1_159' title='bbox 156 2386 238 2439; x_wconf 91' lang='lat' dir='ltr'>tum.</span> <span class='ocrx_word' id='word_1_160' title='bbox 262 2376 321 2440; x_wconf 87' lang='lat' dir='ltr'>Sed</span> <span class='ocrx_word' id='word_1_161' title='bbox 343 2379 427 2439; x_wconf 90' lang='lat' dir='ltr'>sicut</span> <span class='ocrx_word' id='word_1_162' title='bbox 449 2378 547 2450; x_wconf 87' lang='lat' dir='ltr'>scitis,</span> <span class='ocrx_word' id='word_1_163' title='bbox 570 2377 609 2437; x_wconf 91' lang='lat' dir='ltr'>de</span> <span class='ocrx_word' id='word_1_164' title='bbox 631 2377 823 2456; x_wconf 83' lang='lat' dir='ltr'>quibusdem</span> <span class='ocrx_word' id='word_1_165' title='bbox 847 2376 914 2437; x_wconf 94' lang='lat' dir='ltr'>illic</span> <span class='ocrx_word' id='word_1_166' title='bbox 930 2378 1072 2454; x_wconf 88' lang='lat' dir='ltr'>personis</span> <span class='ocrx_word' id='word_1_167' title='bbox 1093 2377 1271 2437; x_wconf 90' lang='lat' dir='ltr'>solummo-</span> 
     </span>
     <span class='ocr_line' id='line_1_22' title="bbox 153 2475 1270 2558; baseline -0.001 -20"><span class='ocrx_word' id='word_1_168' title='bbox 153 2477 198 2540; x_wconf 88' lang='lat' dir='ltr'>do</span> <span class='ocrx_word' id='word_1_169' title='bbox 220 2487 269 2539; x_wconf 90' lang='lat' dir='ltr'>est</span> <span class='ocrx_word' id='word_1_170' title='bbox 289 2479 470 2540; x_wconf 90' lang='lat' dir='ltr'>actitatum.</span> <span class='ocrx_word' id='word_1_171' title='bbox 494 2475 644 2552; x_wconf 85' lang='lat' dir='ltr'>Quarum</span> <span class='ocrx_word' id='word_1_172' title='bbox 666 2496 743 2552; x_wconf 89' lang='lat' dir='ltr'>nna,</span> <span class='ocrx_word' id='word_1_173' title='bbox 757 2478 851 2558; x_wconf 86' lang='lat' dir='ltr'>cujus</span> <span class='ocrx_word' id='word_1_174' title='bbox 872 2479 990 2555; x_wconf 89' lang='lat' dir='ltr'>scripta</span> <span class='ocrx_word' id='word_1_175' title='bbox 1006 2477 1171 2538; x_wconf 86' lang='lat' dir='ltr'>evidenter</span> <span class='ocrx_word' id='word_1_176' title='bbox 1188 2497 1204 2536; x_wconf 90' lang='lat' dir='ltr'>a</span> <span class='ocrx_word' id='word_1_177' title='bbox 1222 2495 1270 2537; x_wconf 92' lang='lat' dir='ltr'>re-</span> 
     </span>
     <span class='ocr_line' id='line_1_23' title="bbox 153 2577 1268 2658; baseline -0.004 -18"><span class='ocrx_word' id='word_1_178' title='bbox 153 2578 314 2640; x_wconf 86' lang='lat' dir='ltr'>ctttudtne</span> <span class='ocrx_word' id='word_1_179' title='bbox 336 2579 514 2640; x_wconf 87' lang='lat' dir='ltr'>catholicae</span> <span class='ocrx_word' id='word_1_180' title='bbox 547 2577 618 2640; x_wconf 83' lang='lat' dir='ltr'>fidei</span> <span class='ocrx_word' id='word_1_181' title='bbox 652 2579 845 2651; x_wconf 87' lang='lat' dir='ltr'>deviabant,</span> <span class='ocrx_word' id='word_1_182' title='bbox 879 2596 940 2638; x_wconf 93' lang='lat' dir='ltr'>non</span> <span class='ocrx_word' id='word_1_183' title='bbox 974 2577 1091 2658; x_wconf 75' lang='lat' dir='ltr'>iniuste</span> <span class='ocrx_word' id='word_1_184' title='bbox 1121 2578 1268 2637; x_wconf 85' lang='lat' dir='ltr'>damnata</span> 
     </span>
     <span class='ocr_line' id='line_1_24' title="bbox 153 2675 1270 2757; baseline -0.004 -18"><span class='ocrx_word' id='word_1_185' title='bbox 153 2687 214 2739; x_wconf 89' lang='lat' dir='ltr'>est.</span> <span class='ocrx_word' id='word_1_186' title='bbox 238 2696 255 2733; x_wconf 82' lang='lat' dir='ltr'>n</span> <span class='ocrx_word' id='word_1_187' title='bbox 280 2676 510 2757; x_wconf 70' lang='lat' dir='ltr'>aspicimus,</span> <span class='ocrx_word' id='word_1_188' title='bbox 534 2695 608 2739; x_wconf 93' lang='lat' dir='ltr'>cum</span> <span class='ocrx_word' id='word_1_189' title='bbox 630 2695 655 2737; x_wconf 91' lang='lat' dir='ltr'>s.</span> <span class='ocrx_word' id='word_1_190' title='bbox 680 2675 828 2739; x_wconf 78' lang='lat' dir='ltr'>Pontifex</span> <span class='ocrx_word' id='word_1_191' title='bbox 854 2696 953 2739; x_wconf 90' lang='lat' dir='ltr'>unum</span> <span class='ocrx_word' id='word_1_192' title='bbox 984 2677 1126 2757; x_wconf 88' lang='lat' dir='ltr'>appellet</span> <span class='ocrx_word' id='word_1_193' title='bbox 1158 2675 1270 2738; x_wconf 83' lang='lat' dir='ltr'>Conci·</span> 
     </span>
     <span class='ocr_line' id='line_1_25' title="bbox 153 2775 1270 2855; baseline 0 -17"><span class='ocrx_word' id='word_1_194' title='bbox 153 2778 237 2839; x_wconf 93' lang='lat' dir='ltr'>lium</span> <span class='ocrx_word' id='word_1_195' title='bbox 262 2775 300 2839; x_wconf 85' lang='lat' dir='ltr'>V.</span> <span class='ocrx_word' id='word_1_196' title='bbox 323 2787 355 2839; x_wconf 91' lang='lat' dir='ltr'>et</span> <span class='ocrx_word' id='word_1_197' title='bbox 375 2779 420 2838; x_wconf 89' lang='lat' dir='ltr'>ait</span> <span class='ocrx_word' id='word_1_198' title='bbox 441 2795 537 2839; x_wconf 91' lang='lat' dir='ltr'>uuam</span> <span class='ocrx_word' id='word_1_199' title='bbox 561 2793 730 2855; x_wconf 83' lang='lat' dir='ltr'>personam</span> <span class='ocrx_word' id='word_1_200' title='bbox 753 2796 826 2839; x_wconf 92' lang='lat' dir='ltr'>cum</span> <span class='ocrx_word' id='word_1_201' title='bbox 851 2778 953 2841; x_wconf 89' lang='lat' dir='ltr'>tribus</span> <span class='ocrx_word' id='word_1_202' title='bbox 974 2775 1131 2855; x_wconf 79' lang='lat' dir='ltr'>Capitulis</span> <span class='ocrx_word' id='word_1_203' title='bbox 1159 2777 1200 2838; x_wconf 92' lang='lat' dir='ltr'>ab</span> <span class='ocrx_word' id='word_1_204' title='bbox 1231 2795 1270 2838; x_wconf 93' lang='lat' dir='ltr'>eo</span> 
     </span>
     <span class='ocr_line' id='line_1_26' title="bbox 155 2877 1271 2956; baseline -0.002 -17"><span class='ocrx_word' id='word_1_205' title='bbox 155 2880 340 2940; x_wconf 86' lang='lat' dir='ltr'>damnatam</span> <span class='ocrx_word' id='word_1_206' title='bbox 364 2878 444 2940; x_wconf 88' lang='lat' dir='ltr'>idest</span> <span class='ocrx_word' id='word_1_207' title='bbox 465 2877 674 2941; x_wconf 86' lang='lat' dir='ltr'>Tbeodorum</span> <span class='ocrx_word' id='word_1_208' title='bbox 698 2886 981 2956; x_wconf 83' lang='lat' dir='ltr'>mopsuestenum,</span> <span class='ocrx_word' id='word_1_209' title='bbox 1004 2879 1150 2940; x_wconf 79' lang='lat' dir='ltr'>excludit</span> <span class='ocrx_word' id='word_1_210' title='bbox 1180 2897 1271 2954; x_wconf 90' lang='lat' dir='ltr'>aper·</span> 
     </span>
     <span class='ocr_line' id='line_1_27' title="bbox 155 2978 1266 3058; baseline 0.005 -21"><span class='ocrx_word' id='word_1_211' title='bbox 155 2981 276 3039; x_wconf 83' lang='lat' dir='ltr'>tissime</span> <span class='ocrx_word' id='word_1_212' title='bbox 298 2979 478 3042; x_wconf 87' lang='lat' dir='ltr'>Concilium</span> <span class='ocrx_word' id='word_1_213' title='bbox 500 2981 664 3052; x_wconf 90' lang='lat' dir='ltr'>alterum,</span> <span class='ocrx_word' id='word_1_214' title='bbox 689 2989 720 3041; x_wconf 92' lang='lat' dir='ltr'>et</span> <span class='ocrx_word' id='word_1_215' title='bbox 742 2981 876 3042; x_wconf 85' lang='lat' dir='ltr'>alteram</span> <span class='ocrx_word' id='word_1_216' title='bbox 899 2978 1047 3058; x_wconf 91' lang='lat' dir='ltr'>Origeuls</span> <span class='ocrx_word' id='word_1_217' title='bbox 1075 2998 1243 3058; x_wconf 87' lang='lat' dir='ltr'>personam</span> <span class='ocrx_word' id='word_1_218' title='bbox 1256 3001 1266 3058; x_wconf 90' lang='lat'>3</span> 
     </span>
     <span class='ocr_line' id='line_1_28' title="bbox 154 3080 1023 3163; baseline -0.001 -22"><span class='ocrx_word' id='word_1_219' title='bbox 154 3098 243 3159; x_wconf 85' lang='lat' dir='ltr'>quae</span> <span class='ocrx_word' id='word_1_220' title='bbox 266 3099 433 3156; x_wconf 88' lang='lat' dir='ltr'>perperam</span> <span class='ocrx_word' id='word_1_221' title='bbox 458 3090 592 3159; x_wconf 85' lang='lat' dir='ltr'>putatur</span> <span class='ocrx_word' id='word_1_222' title='bbox 613 3100 629 3140; x_wconf 91' lang='lat' dir='ltr'>a</span> <span class='ocrx_word' id='word_1_223' title='bbox 653 3080 781 3163; x_wconf 75' lang='lat' dir='ltr'>Synodo</span> <span class='ocrx_word' id='word_1_224' title='bbox 804 3082 1023 3162; x_wconf 64' lang='lat' dir='ltr'>condemnata.</span> 
     </span>
    </p>

    <p class='ocr_par' dir='ltr' id='par_1_8' title="bbox 149 3177 1343 4276">
     <span class='ocr_line' id='line_1_29' title="bbox 239 3177 1271 3262; baseline 0.006 -23"><span class='ocrx_word' id='word_1_225' title='bbox 239 3177 420 3242; x_wconf 87' lang='lat' dir='ltr'>Cotelerius</span> <span class='ocrx_word' id='word_1_226' title='bbox 443 3183 472 3240; x_wconf 93' lang='lat' dir='ltr'>in</span> <span class='ocrx_word' id='word_1_227' title='bbox 495 3181 576 3243; x_wconf 91' lang='lat' dir='ltr'>notis</span> <span class='ocrx_word' id='word_1_228' title='bbox 599 3181 696 3261; x_wconf 85' lang='lat' dir='ltr'>hujus</span> <span class='ocrx_word' id='word_1_229' title='bbox 717 3202 742 3243; x_wconf 91' lang='lat' dir='ltr'>s.</span> <span class='ocrx_word' id='word_1_230' title='bbox 759 3181 881 3245; x_wconf 85' lang='lat' dir='ltr'>Sabboc</span> <span class='ocrx_word' id='word_1_231' title='bbox 906 3184 988 3244; x_wconf 84' lang='lat' dir='ltr'>ritae</span> <span class='ocrx_word' id='word_1_232' title='bbox 1010 3202 1026 3245; x_wconf 94' lang='lat' dir='ltr'>a</span> <span class='ocrx_word' id='word_1_233' title='bbox 1049 3182 1174 3262; x_wconf 84' lang='lat' dir='ltr'>Cyrillo</span> <span class='ocrx_word' id='word_1_234' title='bbox 1196 3202 1271 3245; x_wconf 94' lang='lat' dir='ltr'>con·</span> 
     </span>
     <span class='ocr_line' id='line_1_30' title="bbox 156 3277 1343 3360; baseline 0.006 -22"><span class='ocrx_word' id='word_1_235' title='bbox 156 3277 252 3340; x_wconf 91' lang='lat' dir='ltr'>llatae</span> <span class='ocrx_word' id='word_1_236' title='bbox 280 3281 411 3340; x_wconf 84' lang='lat' dir='ltr'>scribit:</span> <span class='ocrx_word' id='word_1_237' title='bbox 437 3301 453 3339; x_wconf 85' lang='lat' dir='ltr'>u</span> <span class='ocrx_word' id='word_1_238' title='bbox 477 3279 588 3355; x_wconf 82' lang='lat' dir='ltr'>Quare</span> <span class='ocrx_word' id='word_1_239' title='bbox 610 3284 797 3344; x_wconf 88' lang='lat' dir='ltr'>merebatur</span> <span class='ocrx_word' id='word_1_240' title='bbox 819 3286 879 3344; x_wconf 89' lang='lat' dir='ltr'>iste</span> <span class='ocrx_word' id='word_1_241' title='bbox 902 3300 961 3360; x_wconf 94' lang='lat' dir='ltr'>pro</span> <span class='ocrx_word' id='word_1_242' title='bbox 985 3283 1158 3344; x_wconf 89' lang='lat' dir='ltr'>virtutibus</span> <span class='ocrx_word' id='word_1_243' title='bbox 1179 3285 1268 3354; x_wconf 87' lang='lat' dir='ltr'>suis,</span> <span class='ocrx_word' id='word_1_244' title='bbox 1337 3286 1343 3293; x_wconf 82' lang='grc'>’</span> 
     </span>
     <span class='ocr_line' id='line_1_31' title="bbox 155 3379 1271 3462; baseline 0.004 -21"><span class='ocrx_word' id='word_1_245' title='bbox 155 3387 194 3441; x_wconf 86' lang='lat' dir='ltr'>ut</span> <span class='ocrx_word' id='word_1_246' title='bbox 206 3383 312 3441; x_wconf 89' lang='lat' dir='ltr'>minus</span> <span class='ocrx_word' id='word_1_247' title='bbox 328 3398 343 3440; x_wconf 90' lang='lat' dir='ltr'>a</span> <span class='ocrx_word' id='word_1_248' title='bbox 361 3379 506 3443; x_wconf 88' lang='lat' dir='ltr'>Simeone</span> <span class='ocrx_word' id='word_1_249' title='bbox 523 3379 742 3459; x_wconf 90' lang='lat' dir='ltr'>Metapbraste</span> <span class='ocrx_word' id='word_1_250' title='bbox 759 3385 1043 3446; x_wconf 87' lang='lat' dir='ltr'>contaminaretur.</span> <span class='ocrx_word' id='word_1_251' title='bbox 1058 3381 1186 3444; x_wconf 88' lang='lat' dir='ltr'>Poterat</span> <span class='ocrx_word' id='word_1_252' title='bbox 1200 3385 1271 3462; x_wconf 87' lang='lat' dir='ltr'>qui-</span> 
     </span>
     <span class='ocr_line' id='line_1_32' title="bbox 156 3481 1272 3563; baseline 0.002 -21"><span class='ocrx_word' id='word_1_253' title='bbox 156 3481 254 3553; x_wconf 92' lang='lat' dir='ltr'>dem,</span> <span class='ocrx_word' id='word_1_254' title='bbox 277 3483 301 3542; x_wconf 91' lang='lat' dir='ltr'>si</span> <span class='ocrx_word' id='word_1_255' title='bbox 326 3484 367 3541; x_wconf 88' lang='lat' dir='ltr'>ito</span> <span class='ocrx_word' id='word_1_256' title='bbox 393 3483 712 3558; x_wconf 43' lang='lat' dir='ltr'>videbatur„minus</span> <span class='ocrx_word' id='word_1_257' title='bbox 735 3503 849 3563; x_wconf 83' lang='lat' dir='ltr'>graeca</span> <span class='ocrx_word' id='word_1_258' title='bbox 881 3493 1008 3546; x_wconf 87' lang='lat' dir='ltr'>mutare</span> <span class='ocrx_word' id='word_1_259' title='bbox 1031 3530 1037 3546; x_wconf 92' lang='lat'>.</span> <span class='ocrx_word' id='word_1_260' title='bbox 1064 3528 1071 3543; x_wconf 91' lang='lat'>.</span> <span class='ocrx_word' id='word_1_261' title='bbox 1096 3529 1102 3544; x_wconf 93' lang='lat'>.</span> <span class='ocrx_word' id='word_1_262' title='bbox 1126 3482 1185 3546; x_wconf 90' lang='lat' dir='ltr'>Sed</span> <span class='ocrx_word' id='word_1_263' title='bbox 1210 3504 1272 3546; x_wconf 90' lang='lat' dir='ltr'>cnr</span> 
     </span>
     <span class='ocr_line' id='line_1_33' title="bbox 154 3583 1267 3665; baseline 0.003 -24"><span class='ocrx_word' id='word_1_264' title='bbox 154 3583 261 3654; x_wconf 86' lang='lat' dir='ltr'>(nibil</span> <span class='ocrx_word' id='word_1_265' title='bbox 283 3583 354 3644; x_wconf 92' lang='lat' dir='ltr'>dico</span> <span class='ocrx_word' id='word_1_266' title='bbox 377 3583 415 3643; x_wconf 90' lang='lat' dir='ltr'>de</span> <span class='ocrx_word' id='word_1_267' title='bbox 438 3584 652 3646; x_wconf 89' lang='lat' dir='ltr'>additionibus</span> <span class='ocrx_word' id='word_1_268' title='bbox 674 3596 704 3647; x_wconf 90' lang='lat' dir='ltr'>et</span> <span class='ocrx_word' id='word_1_269' title='bbox 727 3588 979 3657; x_wconf 78' lang='lat' dir='ltr'>mutationibus)</span> <span class='ocrx_word' id='word_1_270' title='bbox 1002 3605 1099 3665; x_wconf 86' lang='lat' dir='ltr'>quam</span> <span class='ocrx_word' id='word_1_271' title='bbox 1128 3589 1267 3664; x_wconf 86' lang='lat' dir='ltr'>plurium</span> 
     </span>
     <span class='ocr_line' id='line_1_34' title="bbox 156 3685 1265 3766; baseline 0.001 -20"><span class='ocrx_word' id='word_1_272' title='bbox 156 3685 311 3746; x_wconf 82' lang='lat' dir='ltr'>bistorioe</span> <span class='ocrx_word' id='word_1_273' title='bbox 335 3686 505 3763; x_wconf 81' lang='lat' dir='ltr'>magnique</span> <span class='ocrx_word' id='word_1_274' title='bbox 529 3688 678 3747; x_wconf 89' lang='lat' dir='ltr'>momenti</span> <span class='ocrx_word' id='word_1_275' title='bbox 702 3697 733 3748; x_wconf 92' lang='lat' dir='ltr'>et</span> <span class='ocrx_word' id='word_1_276' title='bbox 755 3689 837 3749; x_wconf 90' lang='lat' dir='ltr'>scitu</span> <span class='ocrx_word' id='word_1_277' title='bbox 859 3688 1040 3766; x_wconf 91' lang='lat' dir='ltr'>dignissima</span> <span class='ocrx_word' id='word_1_278' title='bbox 1065 3688 1265 3759; x_wconf 82' lang='lat' dir='ltr'>detraxerit,</span> 
     </span>
     <span class='ocr_line' id='line_1_35' title="bbox 154 3784 1272 3874; baseline 0.003 -29"><span class='ocrx_word' id='word_1_279' title='bbox 154 3784 315 3845; x_wconf 86' lang='lat' dir='ltr'>rationem</span> <span class='ocrx_word' id='word_1_280' title='bbox 338 3792 369 3845; x_wconf 87' lang='lat' dir='ltr'>et</span> <span class='ocrx_word' id='word_1_281' title='bbox 391 3787 632 3848; x_wconf 84' lang='lat' dir='ltr'>excusationem</span> <span class='ocrx_word' id='word_1_282' title='bbox 654 3805 858 3874; x_wconf 85' lang='lat' dir='ltr'>nequaquam</span> <span class='ocrx_word' id='word_1_283' title='bbox 878 3789 982 3851; x_wconf 84' lang='lat' dir='ltr'>tideo.</span> <span class='ocrx_word' id='word_1_284' title='bbox 1000 3807 1016 3844; x_wconf 83' lang='lat' dir='ltr'>n</span> <span class='ocrx_word' id='word_1_285' title='bbox 1035 3786 1076 3850; x_wconf 86' lang='lat' dir='ltr'>Et</span> <span class='ocrx_word' id='word_1_286' title='bbox 1092 3789 1221 3872; x_wconf 84' lang='lat' dir='ltr'>quidem</span> <span class='ocrx_word' id='word_1_287' title='bbox 1242 3790 1272 3848; x_wconf 96' lang='lat' dir='ltr'>in</span> 
     </span>
     <span class='ocr_line' id='line_1_36' title="bbox 149 3885 1269 3969; baseline 0.002 -22"><span class='ocrx_word' id='word_1_288' title='bbox 149 3886 219 3947; x_wconf 88' lang='lat' dir='ltr'>suis</span> <span class='ocrx_word' id='word_1_289' title='bbox 243 3885 447 3947; x_wconf 89' lang='lat' dir='ltr'>illusionibus</span> <span class='ocrx_word' id='word_1_290' title='bbox 469 3906 603 3966; x_wconf 81' lang='lat' dir='ltr'>pergens</span> <span class='ocrx_word' id='word_1_291' title='bbox 620 3887 745 3950; x_wconf 76' lang='lat' dir='ltr'>ductor</span> <span class='ocrx_word' id='word_1_292' title='bbox 761 3890 906 3952; x_wconf 88' lang='lat' dir='ltr'>conludii</span> <span class='ocrx_word' id='word_1_293' title='bbox 923 3909 1089 3969; x_wconf 91' lang='lat' dir='ltr'>personam</span> <span class='ocrx_word' id='word_1_294' title='bbox 1107 3888 1269 3950; x_wconf 80' lang='lat' dir='ltr'>Theodori</span> 
     </span>
     <span class='ocr_line' id='line_1_37' title="bbox 152 3987 1267 4071; baseline 0.007 -25"><span class='ocrx_word' id='word_1_295' title='bbox 152 3989 370 4063; x_wconf 88' lang='lat' dir='ltr'>mopsuesteni</span> <span class='ocrx_word' id='word_1_296' title='bbox 393 4007 467 4050; x_wconf 88' lang='lat' dir='ltr'>cum</span> <span class='ocrx_word' id='word_1_297' title='bbox 490 3987 662 4052; x_wconf 81' lang='lat' dir='ltr'>Tbeodoro</span> <span class='ocrx_word' id='word_1_298' title='bbox 679 3990 811 4053; x_wconf 74' lang='lat' dir='ltr'>decido:</span> <span class='ocrx_word' id='word_1_299' title='bbox 836 4003 867 4054; x_wconf 90' lang='lat' dir='ltr'>et</span> <span class='ocrx_word' id='word_1_300' title='bbox 889 3993 1027 4070; x_wconf 91' lang='lat' dir='ltr'>amplius</span> <span class='ocrx_word' id='word_1_301' title='bbox 1045 3994 1169 4071; x_wconf 87' lang='lat' dir='ltr'>ignorat</span> <span class='ocrx_word' id='word_1_302' title='bbox 1192 3995 1267 4071; x_wconf 90' lang='lat' dir='ltr'>quid</span> 
     </span>
     <span class='ocr_line' id='line_1_38' title="bbox 150 4087 1271 4174; baseline 0.006 -24"><span class='ocrx_word' id='word_1_303' title='bbox 150 4087 213 4150; x_wconf 85' lang='lat' dir='ltr'>sibi</span> <span class='ocrx_word' id='word_1_304' title='bbox 239 4087 316 4150; x_wconf 84' lang='lat' dir='ltr'>velit</span> <span class='ocrx_word' id='word_1_305' title='bbox 340 4090 536 4154; x_wconf 80' lang='lat' dir='ltr'>vocabulum</span> <span class='ocrx_word' id='word_1_306' title='bbox 557 4089 736 4169; x_wconf 81' lang='lat' dir='ltr'>restitutio,</span> <span class='ocrx_word' id='word_1_307' title='bbox 760 4095 799 4156; x_wconf 91' lang='lat' dir='ltr'>de</span> <span class='ocrx_word' id='word_1_308' title='bbox 822 4112 886 4173; x_wconf 91' lang='lat' dir='ltr'>qua</span> <span class='ocrx_word' id='word_1_309' title='bbox 914 4093 1064 4174; x_wconf 86' lang='lat' dir='ltr'>loquitur</span> <span class='ocrx_word' id='word_1_310' title='bbox 1092 4093 1248 4172; x_wconf 84' lang='lat' dir='ltr'>Origenes</span> <span class='ocrx_word' id='word_1_311' title='bbox 1260 4116 1271 4171; x_wconf 88' lang='lat'>3</span> 
     </span>
     <span class='ocr_line' id='line_1_39' title="bbox 151 4189 1270 4276; baseline 0.008 -26"><span class='ocrx_word' id='word_1_312' title='bbox 151 4206 233 4250; x_wconf 89' lang='lat' dir='ltr'>eum</span> <span class='ocrx_word' id='word_1_313' title='bbox 254 4205 311 4251; x_wconf 90' lang='lat' dir='ltr'>nec</span> <span class='ocrx_word' id='word_1_314' title='bbox 338 4189 420 4264; x_wconf 86' lang='lat' dir='ltr'>iste,</span> <span class='ocrx_word' id='word_1_315' title='bbox 444 4209 502 4254; x_wconf 91' lang='lat' dir='ltr'>uec</span> <span class='ocrx_word' id='word_1_316' title='bbox 528 4189 709 4272; x_wconf 78' lang='lat' dir='ltr'>Euagrius,</span> <span class='ocrx_word' id='word_1_317' title='bbox 733 4214 790 4257; x_wconf 93' lang='lat' dir='ltr'>nec</span> <span class='ocrx_word' id='word_1_318' title='bbox 814 4193 969 4276; x_wconf 85' lang='lat' dir='ltr'>Didymus</span> <span class='ocrx_word' id='word_1_319' title='bbox 990 4193 1270 4272; x_wconf 78' lang='lat' dir='ltr'>praeexistentiam</span> 
     </span>
    </p>
   </div>
   <div class='ocr_carea' id='block_1_7' title="bbox 0 0 1454 4784">
    <p class='ocr_par' dir='ltr' id='par_1_9' title="bbox 0 0 1454 4784">
     <span class='ocr_line' id='line_1_40' title="bbox 0 0 1454 4784; baseline 0 0"><span class='ocrx_word' id='word_1_320' title='bbox 0 0 1454 4784; x_wconf 95' lang='lat' dir='ltr'> </span> 
     </span>
    </p>
   </div>
  </div>
 </body>
</html>
