2886 4784
164 349 225 420 l‘ld

160 457 217 536 qni
238 473 272 518 se
294 453 489 532 apostolicos
508 459 542 515 ct
563 456 735 517 encratitas
755 455 933 526 nominant,
955 471 1013 517 nec
1034 470 1098 515 non
1119 461 1153 516 ct
1180 452 1280 527 illus,

157 559 213 637 qui
227 559 266 619 io
289 555 432 619 Ecclesia
456 555 623 617 molliores
644 555 885 634 quodammodo
905 567 1002 634 snut3
1025 554 1287 635 desquamatis·

162 656 252 721 ribus
274 655 482 735 persuadent,
500 664 535 717 nt
551 656 590 716 de
609 656 743 733 perfecti
760 675 877 719 cursus
892 655 1098 719 contentione
1114 641 1282 719 remitten-

166 759 224 833 tes',
247 776 317 818 eam
341 759 440 835 ipsam
464 756 610 819 fonditus
631 755 796 836 abjiciant.
820 775 837 811 n

241 856 445 935 Comparatio
470 876 549 938 crgo
577 876 662 936 quse
684 861 727 918 ait
750 857 928 936 Apostolus
954 859 994 920 dc
1021 856 1203 937 virginibus
1228 875 1280 922 su·

162 959 351 1039 peradnltis,
373 968 406 1021 ct
427 977 511 1038 quac
532 953 661 1022 discutit
685 979 710 1021 s.
735 959 933 1037 Epiphanius
955 958 1121 1021 advorsos*
1135 958 1279 1024 sartam·

161 1078 236 1146 ram
256 1071 287 1123 ct
308 1061 555 1140 apostolicorum
576 1072 679 1125 sectas
693 1062 707 1136 ,'
726 1079 868 1141 quarum
891 1069 1083 1140 argumenta
1108 1061 1277 1137 cunintat,

163 1172 249 1225 recta
272 1182 305 1224 se
328 1164 466 1237 hahent,
489 1170 590 1243 qnasi
605 1183 645 1226 ex
668 1162 792 1226 Callisti
819 1164 1046 1224 nominc-dicit
1068 1161 1275 1244 anonymusa

162 1265 243 1328 idest
267 1264 453 1327 Pontificem
477 1267 671 1328 concessisse
700 1265 892 1328 mulieribus
919 1266 1060 1344 innuptis
1087 1274 1196 1328 aetate
1224 1263 1278 1328 do·¹

165 1367 309 1429 rentibus
330 1367 494 1447 cujusque
516 1364 707 1430 conditionis
733 1366 961 1438 viro'nuberc,
979 1367 1032 1428 cui
1056 1366 1194 1429 sellent.'
1211 1364 1277 1430 llos

162 1476 272 1532 autem
296 1468 513 1548 iactnm'est,
538 1477 579 1531 nt·
595 1477 807 1531 amoveretur
828 1469 868 1528 nh
891 1466 1034 1530 Ecclesia
1058 1486 1095 1530 aa
1124 1486 1277 1550 persona·

164 1586 237 1631 rum
260 1570 405 1649 acceptio
429 1569 511 1631 inter
529 1577 638 1648 gentes
655 1581 731 1634 tunc
747 1569 951 1648 praepollens
967 1570 1055 1632 circa
1069 1569 1219 1632 diversos
1231 1585 1278 1633 so·

163 1671 287 1733 cietatis
311 1671 470 1734 humanae
492 1671 613 1750 gradus
635 1673 666 1732 in
688 1671 801 1732 ordino
815 1671 970 1751 conjugii:
990 1690 1028 1735 ac
1045 1689 1107 1734 nna
1126 1671 1277 1735 tolleren-

164 1778 220 1833 tur
241 1769 434 1834 niiendlcula
456 1773 547 1834 in'ro
571 1779 633 1834 tam
657 1773 759 1851 gravi.
785 1769 819 1832 in
839 1774 958 1836 ceteris
981 1790 1071 1847 vero,
1097 1790 1185 1852 quac
1205 1772 1278 1836 dicit

161 1872 200 1935 de
223 1875 403 1952 pharmacis
422 1874 819 1954 =tostum-impedientibus
841 1876 954 1938 aliisve
967 1876 1154 1940 mulierum
1172 1894 1278 1939 exces-

161 1976 250 2038 slhus
273 1978 303 2036 in
326 1976 502 2049 connuhio,
524 1977 648 2038 etiarnsi
672 1976 751 2038 hacc
768 1976 836 2038 lieri
854 1977 1213 2055 potuissent3‘attameu
1228 1994 1278 2039 nc·

163 2076 230 2154 gari
254 2095 315 2138 non
339 2082 456 2156 potest,
479 2079 552 2151 ists,
575 2085 613 2139 nt
634 2094 702 2138 mos
724 2086 771 2137 est
794 2075 968 2160 Anonymi,
984 2078 1025 2138 ab
1040 2096 1080 2139 eo
1098 2077 1195 2139 raldo
1211 2076 1277 2138 ral-

164 2177 203 2240 dc
224 2177 323 2240 inisse
344 2176 482 2240 adaucta
490 2197 503 2256 3
525 2178 621 2241 sicuti
645 2177 842 2238 tantumdem
867 2186 953 2256 patet
974 2196 1011 2239 ca
1033 2177 1114 2240 nihil
1147 2176 1278 2240 oillccrc

162 2280 347 2343 rectitudini
373 2280 473 2359 hujus
496 2278 707 2356 disciplinacs
737 2287 859 2356 qnam,
888 2299 913 2341 s.
940 2278 1139 2357 Epiphanius
1162 2281 1277 2341 citatus

162 2381 339 2456 concludit,
357 2381 546 2462 praedicare
567 2381 735 2442 consucvit
754 2378 896 2450 Ecclesia
912 2423 921 2454 ,
937 2399 976 2442 se
990 2396 1212 2461 nequaqnam,
1227 2396 1280 2441 rc·

160 2481 221 2546 luti
245 2483 423 2562 praesumit
446 2480 647 2564 Anonymns,
671 2481 712 2541 ab
733 2484 825 2543 initio
844 2481 1052 2546 Pontificatus
1066 2481 1208 2555 Callisti,
1223 2478 1275 2543 aad

162 2593 253 2647 antea
275 2584 315 2644 ab
338 2585 438 2661 ipsius
464 2581 625 2644 Ecclesiae
648 2582 850 2645 lundatione.

243 2683 380 2747 Densum
403 2701 427 2745 s.
454 2681 624 2764 Epiphanii
648 2684 781 2747 historia
814 2685 853 2747 de
885 2684 1068 2749 Novatiauo
1089 2691 1277 2763 comparata

162 2783 323 2867 Anonymi
346 2783 439 2847 dictis
451 2804 462 2862 3
487 2785 636 2861 inspectis
656 2785 777 2847 scilicet
801 2786 980 2859 hincinde,
1003 2802 1090 2864 qnae
1112 2785 1152 2846 ds
1170 2798 1281 2846 sccun-

162 2885 210 2948 dis
231 2887 373 2963 nuptiis,
397 2903 434 2947 ac
457 2888 597 2947 maxime
619 2904 693 2947 cum
717 2889 833 2961 docet,
856 2887 980 2948 nnllam
1010 2887 1079 2947 dari
1109 2885 1280 2965 indulgen·

165 2986 240 3048 tiam
263 2985 424 3059 lldelihns,
447 2988 504 3063 qui
527 2996 599 3065 post
621 2987 814 3065 baptismum
838 2986 1041 3057 laberentur,
1064 2989 1184 3065 quovis
1215 3000 1280 3046 rea·

164 3093 258 3151 tunm
280 3105 396 3165 genere
419 3090 517 3167 capti;
540 3106 578 3149 sc
600 3090 731 3167 insuper
749 3089 971 3161 consideratis,
988 3106 1073 3168 quae
1089 3087 1278 3170 Anonymns
1301 3132 1307 3139 -

163 3189 209 3251 alt
229 3189 269 3251 dc
293 3189 456 3252 Ecclesiae
477 3189 666 3253 Catholicae
689 3191 815 3252 titulos
832 3188 958 3254 Callisti
980 3191 1090 3252 schola
1113 3200 1280 3271 assumpto

162 3291 326 3369 usquead
349 3309 441 3354 suam
463 3300 601 3352 aetatem
624 3301 852 3369 perseverante
864 3312 875 3370 3
899 3308 963 3353 uon
985 3292 1198 3370 estamplius
1226 3291 1281 3354 tlu-

161 3389 340 3464 hitandum,
362 3395 440 3469 quin
463 3392 492 3452 iu
515 3392 576 3453 hac
597 3395 786 3470 quaestione
808 3394 994 3455 luculenter
1015 3401 1282 3471 repraesentetur

161 3489 280 3555 Novati
298 3493 449 3554 haeresis.
469 3494 552 3554 hnic
573 3494 657 3554 enim
681 3492 780 3574 hujus
802 3501 963 3574 tempora,
986 3494 1040 3556 uhi
1063 3511 1138 3556 cum
1156 3493 1281 3556 haeresi

161 3590 298 3655 schisma
322 3589 495 3654 condatum
512 3601 572 3667 est,
589 3600 619 3654 at
636 3612 652 3656 a
670 3593 838 3656 donatistis
859 3593 974 3673 deindo
994 3593 1177 3668 firmatum,
1193 3591 1281 3656 nulla

162 3691 402 3785 haeretieorum
424 3702 523 3767 secta,
549 3693 713 3758 Ecclesiae
734 3694 902 3784 annalibus
924 3696 1190 3773 circumspectis,
1216 3693 1282 3759 sire

164 3803 240 3858 ante
261 3794 312 3856 rel
333 3803 405 3872 post
426 3794 550 3860 Callisti
573 3804 710 3860 aetatem
733 3796 771 3857 ad
796 3794 960 3860 Nouatum
979 3814 1095 3874 usqne,
1114 3802 1282 3874 comperta

165 3903 227 3975 ast,
249 3912 335 3977 quaa
356 3897 430 3959 talia
454 3897 602 3962 absolute
623 3898 767 3972 doceret,
791 3898 915 3960 nnllam
933 3915 1009 3977 erga
1032 3916 1122 3970 enm,
1139 3899 1198 3976 qui
1213 3902 1284 3973 post

167 3994 362 4077 haptisnauna
377 3997 578 4079 deliquisset,
596 3998 852 4064 misericordiam
867 3997 1081 4062 adhibendam
1097 4016 1180 4059 csse.
1195 3998 1284 4060 iden·

166 4113 231 4175 que
252 4115 335 4177 quos
357 4099 546 4182 anonymus
565 4100 726 4179 expressit
739 4117 852 4164 sensus
866 4099 1026 4162 adsersus
1041 4097 1210 4161 Ecclesiae
1223 4095 1284 4161 Ga·

166 4195 307 4261 thelicae
329 4199 520 4275 doctrinam,
544 4217 639 4265 nemo
658 4199 801 4266 scrihere
822 4200 945 4279 potuit,
961 4199 1020 4260 uisi
1034 4197 1091 4278 qui
1109 4195 1285 4261 Noratiani
