2886 4784
157 347 200 418 80

159 457 193 512 et
213 449 444 527 imaginariam,
468 465 507 511 ac
529 466 695 529 nunquam
717 449 748 509 in
771 443 915 512 Ecclesia
939 449 1240 530 emittentium

157 549 463 612 demonstrationem
483 548 634 610 iubenior
655 548 786 611 accedo.

240 649 310 712 Hoc
332 660 441 711 autem
463 669 503 711 en
524 651 689 712 lubentius
711 669 829 730 agam,
852 669 926 713 cnm
953 650 1084 730 qnidam
1107 649 1145 729 (Ἴ
1170 654 1193 712 in
1209 670 1242 712 rc·

159 751 307 814 censione
329 752 426 831 nujus
447 751 576 828 Operis,
602 752 736 812 iortaeso
760 754 894 813 vetustis
916 753 1123 831 praejudiciis
1144 760 1240 829 captos,

159 855 340 929 opinionem
362 871 453 914 snam
476 850 828 929 adversnoOrigennm
861 863 893 914 et
927 856 1000 916 hinc
1032 864 1144 917 contra
1173 871 1242 934 quon

157 955 283 1039 suscepi
308 955 523 1032 Apologiam,
548 965 632 1028 tanta
657 958 782 1032 pertavit
812 955 937 1033 poliere
970 962 1184 1024 anctoritate,
1201 962 1242 1029 ui,

159 1060 301 1135 propitio
334 1057 514 1116 multorum
546 1055 801 1118 clarissimorum
827 1060 972 1118 virorum
996 1059 1054 1131 (in
1085 1060 1194 1136 quibus
1217 1055 1243 1117 dc

159 1159 269 1217 eadem
293 1157 454 1218 Socictnte
482 1167 696 1216 numerantur
724 1158 878 1232 plurimi)
908 1168 1094 1232 contempto
1126 1159 1241 1237 jndicio,

159 1277 200 1320 ex
222 1278 268 1328 se,
291 1260 388 1318 notin
410 1258 555 1317 adductis
577 1261 797 1334 argumentis,
821 1259 950 1318 ioontns
974 1259 1189 1335 pronunciarit
1210 1274 1243 1320 tc·

160 1360 358 1436 probationis
379 1359 580 1428 sententium,
598 1359 744 1434 inquiens
767 1360 847 1420 hauc
863 1358 1058 1437 Apologiom
1081 1359 1242 1421 condemno·

161 1463 187 1522 ri
210 1479 227 1520 a
253 1461 404 1521 tribunali
428 1449 523 1521 sanae
545 1463 688 1521 criticae.

240 1560 391 1621 Attamen
412 1579 440 1620 c.
465 1563 526 1632 eir,
549 1579 623 1620 cum
646 1560 687 1620 ita
711 1566 813 1638 putei,
836 1559 921 1621 haud
946 1559 1072 1639 ignoret
1094 1580 1128 1622 se
1149 1559 1244 1621 nuliam

160 1665 237 1726 mihi
263 1664 407 1723 intulisse
430 1662 594 1740 injuriam,
617 1664 669 1722 sed
693 1663 809 1724 sanctis
833 1659 1005 1723 Ecclesiae.
1022 1661 1180 1733 Patribus,
1194 1661 1243 1741 qni,

160 1784 224 1828 uno
246 1775 382 1840 excepto
405 1761 616 1849 Hieronymo,
640 1763 681 1823 ob
703 1765 942 1840 antiquitatem,
969 1782 1079 1825 rerum
1103 1776 1243 1824 sacrarum

160 1868 396 1937 eruditionem,
419 1866 566 1942 tingente
596 1864 748 1923 historiae
779 1862 958 1939 peritissimi
990 1877 1022 1924 ci
1051 1865 1164 1925 ceteris
1188 1860 1244 1921 init·

159 1970 254 2031 rionis
276 1972 389 2030 aetatis
409 1969 595 2028 doctoribus
617 1976 826 2042 praestantes,
849 1968 931 2027 inter
947 1976 1074 2027 sanctos
1096 1985 1134 2027 ac
1154 1966 1196 2043 pie
1208 1964 1244 2022 dc

160 2072 288 2133 iunctos
312 2070 514 2130 honorarunt
535 2067 718 2143 Origenem.
743 2071 790 2128 Ac
812 2070 942 2144 insuper
962 2072 1055 2142 scint,
1082 2087 1117 2128 se
1139 2070 1176 2127 itu
1194 2079 1243 2125 sen·

160 2174 302 2248 iieniem,
319 2171 494 2241 maledicis,
511 2171 667 2247 imperitis
690 2188 727 2230 nc
750 2169 852 2232 illusis
868 2172 1052 2232 convenisse
1069 2173 1100 2230 in
1117 2168 1186 2231 tami
1201 2160 1241 2225 tiri

160 2275 433 2338 condemnatione.
459 2271 562 2334 Porro
585 2281 643 2343 nt,
667 2271 753 2348 qnod
777 2272 874 2345 dico,
897 2272 956 2334 sibi
979 2272 1114 2333 suadent
1135 2287 1180 2330 me
1197 2278 1240 2325 not

160 2378 302 2451 ntentiri,
323 2382 493 2455 sequentes
509 2389 594 2432 tuens
608 2371 820 2435 discussiones
834 2374 1092 2436 animadvertero
1109 2371 1239 2448 dignetur.

234 4095 266 4167 (*)
286 4094 392 4151 Etudea
410 4095 573 4169 religienses
593 4099 759 4173 historiques
778 4110 806 4158 et
822 4098 968 4158 litieraires
995 4117 1043 4172 par
1069 4100 1101 4156 de
1127 4098 1196 4152 Perea
1209 4085 1234 4142 di

163 4184 190 4237 la
206 4185 381 4259 Compagnin
399 4188 432 4244 de
450 4189 542 4244 Jenne.
