2886 4784
1216 341 1279 412 ttta

160 419 353 502 Pamphilus
376 421 407 485 iu
427 422 564 488 exordio
588 425 809 509 apologetici,
831 449 920 495 omne
940 434 1081 501 alienum
1103 439 1165 503 sibi
1192 461 1278 523 esse,

158 522 325 604 quidquid
343 535 472 606 prester
494 526 586 605 fidem
615 527 801 594 catholicum
824 535 1040 613 praedicatur.
1072 538 1179 616 Quam
1207 563 1282 626 pro·

160 623 268 688 lessus
290 626 503 701 instantibus,
526 646 599 691 cnm
622 630 729 695 adbuc
750 635 781 694 in
805 635 884 698 vivis
906 638 1060 719 degeret,
1084 643 1279 720 quibusdam
1360 664 1363 669 ·

158 727 334 789 malevolis
355 736 387 790 et
409 729 706 806 obtrectatoribus,
733 738 861 816 scripsit
889 740 927 801 ad
955 739 1132 806 Fabianum
1156 744 1276 827 Papam

156 838 191 892 et
213 830 254 891 ad
278 831 359 893 alios
381 834 560 910 episcopos,
584 835 711 897 cosdem
733 855 845 901 sensus
867 841 1068 919 depromens.

243 929 302 995 llis
319 933 472 1011 expositis
495 941 531 996 nt
554 933 603 997 sol
623 937 864 1015 splendentibus
885 943 1033 1023 Origenis
1055 946 1277 1012 obtestationi-

156 1030 222 1095 bus
244 1031 387 1114 nudiquc
410 1035 440 1093 iu
461 1034 527 1096 suis
548 1036 675 1114 scriptis
696 1037 812 1112 obviis,
836 1041 908 1127 quis
929 1043 1060 1104 audebit
1083 1045 1113 1106 in
1136 1046 1273 1110 dubium

157 1151 319 1198 revocare
340 1136 496 1199 sinceram
520 1134 607 1199 illius
630 1137 748 1203 ntem?
770 1138 907 1205 Necesse
929 1162 1022 1207 secus
1040 1145 1136 1221 loret,
1155 1158 1191 1211 ut
1207 1148 1276 1212 Aa·

157 1243 234 1299 cler
254 1235 294 1297 ad
318 1254 416 1299 annes
437 1238 668 1317 qninquaginta
697 1241 752 1302 tali
774 1242 909 1305 subdola
934 1265 1011 1308 usus
1035 1247 1118 1310 locet
1140 1249 1274 1313 docendi

158 1338 345 1418 agendique
367 1343 584 1420 rationeque
608 1343 731 1407 cunctis
748 1342 901 1407 illuderet
921 1346 1086 1412 fidelibus:
1106 1351 1193 1429 quod
1217 1370 1277 1432 pu·
1380 1408 1383 1414 .

161 1449 233 1503 lare
263 1458 327 1503 non
354 1441 442 1502 licet.
473 1438 557 1503 Hinc
589 1449 676 1521 patet
705 1451 826 1523 quanto
855 1445 928 1528 jure
961 1457 1085 1513 veteres
1115 1448 1280 1515 Ecclesiae

159 1541 319 1607 Doctores
343 1543 428 1605 ultra
451 1542 574 1604 oralem
598 1561 658 1623 pro
680 1563 718 1606 eo
743 1546 961 1624 traditionem,
989 1551 1073 1613 inter
1098 1553 1276 1618 catholicos

159 1645 261 1725 ipsius
281 1645 501 1722 inscripserint
521 1662 649 1720 nomen,
672 1647 980 1717 auresobturantes
1003 1653 1203 1730 periidorum
1229 1657 1274 1717 io·

159 1745 437 1810 simulationibus.

240 1845 375 1920 Deinde,
398 1847 475 1910 licet
496 1846 677 1911 locutiones
699 1849 857 1929 quaedam
883 1850 923 1913 de
947 1852 1123 1933 Religionis
1148 1863 1278 1921 nostrae

158 1949 331 2034 mysteriis,
354 1950 545 2028 praesertim
567 1947 607 2009 de
628 1945 796 2024 Trinitate,
820 1951 859 2013 de
881 1948 988 2014 Verbo
1012 1952 1082 2029 liei,
1099 1956 1138 2017 de
1163 1954 1270 2018 lnear·

158 2055 302 2126 natione,
325 2051 365 2114 tle
386 2050 508 2132 Spiritu
530 2049 659 2123 Snoeto,
684 2069 799 2130 parum
822 2061 915 2132 aptae
940 2055 1123 2131 rideantur,
1147 2058 1184 2119 iis
1209 2058 1278 2121 col·

156 2153 245 2217 latae
267 2154 447 2233 posteriore
468 2160 573 2214 aetate
594 2152 635 2214 ab
657 2150 800 2215 Ecclesia
831 2153 967 2217 delinitis
989 2164 1020 2218 ct
1041 2159 1203 2236 acceptis:
1227 2161 1273 2220 ni·

158 2256 334 2320 bilominus
355 2271 418 2316 nun
440 2253 583 2316 efficiunt
606 2255 748 2333 integrae
772 2254 924 2317 Auctoris
946 2256 1041 2331 fidei,
1064 2258 1159 2322 sicuti
1189 2278 1271 2337 uec,

157 2364 240 2422 teste
256 2355 400 2432 Petreio,
417 2354 488 2417 fidei
509 2353 641 2418 Petrum
664 2356 958 2420 antinicaenorum:
977 2358 1134 2440 siquando
1150 2378 1212 2422 non
1225 2378 1275 2423 sn·

157 2459 198 2522 tis
220 2458 308 2522 canti
330 2475 388 2520 uec
413 2457 588 2540 concordes
611 2457 732 2520 luerint
753 2459 784 2518 iu
806 2457 1050 2539 terminologic,
1073 2480 1131 2524 sen
1164 2463 1196 2523 in
1217 2481 1275 2526 ex·
1369 2470 1375 2479 '

154 2560 321 2642 primenda
345 2559 443 2640 bajus
465 2557 621 2636 dogmatis
645 2556 769 2630 iorma,
792 2557 882 2619 salva
904 2566 1009 2621 tamen
1030 2560 1101 2642 ejus
1122 2563 1271 2624 essentia.

154 2661 216 2730 Cui
238 2662 379 2724 addatur
399 2662 501 2723 altera
524 2659 720 2732 difficultas,
743 2678 819 2722 cnm
844 2661 940 2723 verba
966 2663 1080 2727 mentis
1107 2663 1270 2728 humanae

152 2768 192 2827 a'c
213 2763 323 2827 linitae
343 2770 534 2840 conceptum
556 2761 782 2842 exprimentia,
806 2761 875 2841 (ait
897 2761 1077 2843 Origenes)
1099 2767 1204 2847 minus
1229 2767 1271 2828 si·

153 2865 306 2948 gnideent
327 2881 425 2946 quam
450 2864 548 2927 vellet
570 2863 689 2927 infinita
714 2860 771 2924 liei
786 2862 952 2941 sapientia.
969 2863 1125 2928 Similiter
1139 2866 1271 2940 dicatur

152 2966 195 3031 dc
217 2968 342 3029 animae
364 2966 524 3027 humanae
545 2966 681 3046 origine,
705 2971 736 3025 et
759 2965 797 3025 de
819 2965 889 3027 aliis
912 2967 1104 3046 quibusdam
1127 2969 1269 3030 nondum

156 3074 235 3130 tunc
255 3066 297 3128 ab
319 3063 462 3129 Ecclesia
486 3066 622 3128 definitis
635 3086 646 3144 ;
669 3067 699 3126 in
722 3082 863 3145 quorum
887 3065 1084 3128 discussione
1105 3065 1272 3129 dissentie-

151 3171 232 3235 bant
254 3168 388 3242 Patres,
411 3187 469 3231 uec
491 3169 563 3230 ideo
587 3166 800 3247 reprobandi:
825 3173 921 3246 prout
949 3167 1015 3247 ipse
1045 3170 1090 3230 ait
1115 3169 1147 3230 in
1177 3166 1270 3232 Gunt-

152 3272 315 3335 meutario
336 3268 501 3351 Epistulae
522 3269 561 3331 ad
584 3265 703 3330 Titum.

232 3371 352 3451 Siquae
375 3389 453 3433 vero
474 3371 504 3433 io
526 3370 674 3449 Origenis
697 3369 885 3431 tractatibus
908 3373 1083 3431 occurrant
1098 3368 1182 3432 dicta
1204 3367 1263 3432 cb·

149 3489 264 3549 scura,
280 3473 406 3534 intentis
428 3472 595 3550 speciatim
616 3469 791 3534 subtilibus
814 3470 958 3552 ejusdem
976 3470 1264 3549 disquisitionibus,
1397 3552 1401 3556 Ι

150 3574 272 3655 quibus
295 3574 488 3653 plerumque
510 3577 606 3635 ornat
628 3589 791 3635 sermones
807 3591 902 3634 suos:
925 3580 958 3635 cl
979 3573 1097 3651 quibos
1113 3572 1266 3635 baeretici

148 3675 342 3756 praesertim
364 3681 396 3736 et
416 3673 677 3748 obtrectatores,
703 3672 752 3734 vel
775 3673 935 3754 imperiti,
960 3675 1183 3755 unusquisque
1205 3691 1265 3752 pro

148 3781 248 3857 scopo
270 3794 343 3849 suo,
365 3775 457 3838 abusi
480 3784 580 3837 sunt:
604 3783 634 3836 et
656 3774 733 3852 quid
757 3772 845 3838 boc?
867 3773 1033 3855 Numquid
1057 3773 1130 3836 ideo
1152 3776 1265 3838 baere-

153 3880 237 3942 ticus
251 3873 431 3955 Origenes?
447 3874 602 3956 numquid
620 3873 692 3936 ideo
708 3871 1049 3938 anathematizandos?
1063 3872 1168 3954 Siquis
1183 3875 1266 3937 enim

156 4101 236 4168 ditio,
256 4098 368 4172 quando
386 4099 500 4171 perfidia
520 4099 611 4157 socios
630 4099 731 4174 reperit
751 4099 796 4155 vel
816 4098 847 4154 in
865 4095 1033 4172 ignorantia,
1047 4102 1097 4153 aut
1115 4097 1144 4152 in
1163 4097 1270 4171 simpli-

153 4195 242 4252 citata
262 4191 418 4249 bonorum!
