2886 4784
622 442 760 511 CAPUT
784 443 824 508 il.

644 645 805 725 Oripenes.
898 626 906 639 ¹

163 790 291 910 Nerato
311 850 411 912 nescit
431 855 589 928 qnantum
610 845 810 912 laboraverit
832 847 988 928 Origenes
1023 856 1093 912 inm
1129 848 1160 911 in
1188 849 1258 913 eolli-

160 949 269 1031 gendis
289 967 457 1020 sacrarum
478 947 722 1029 seripturarum
738 949 915 1025 codicibus,
932 959 1001 1013 tum
1024 950 1055 1012 in
1078 950 1257 1015 conierendis

159 1053 271 1133 eisque
290 1050 499 1131 exponendis,
516 1050 597 1114 adeo
620 1058 655 1114 nt
676 1052 855 1130 gravissimi
877 1052 1029 1116 momenti
1052 1069 1069 1113 a
1093 1052 1182 1117 nobis
1201 1071 1258 1116 eon·

157 1154 327 1219 sideranda
346 1155 388 1218 sit
410 1153 506 1234 nujus
528 1154 705 1218 auotoritas
727 1155 757 1215 in
787 1153 1022 1218 commentario
1054 1152 1209 1219 Matthaei
1230 1156 1259 1218 oi

158 1255 253 1329 iilud,
267 1254 354 1333 qnod
370 1261 495 1334 spectat
514 1253 553 1315 ad
576 1257 797 1334 quaestionem
819 1265 976 1322 nostram.
996 1251 1057 1318 iilo
1071 1255 1156 1317 enim
1171 1258 1202 1318 in
1213 1252 1259 1318 'io

161 1375 214 1420 mo
238 1353 325 1419 xiv.
349 1374 380 1418 n.
396 1352 446 1420 lii.
461 1354 559 1436 juxta
581 1353 731 1419 Veterem
756 1355 1072 1436 interpretationem,
1098 1356 1260 1436 pharisaeo·

161 1473 234 1520 rom
256 1455 382 1520 diluens
412 1455 720 1534 interrogationem,
752 1476 816 1536 qna
849 1474 960 1519 eoram
992 1454 1074 1520 lesu
1097 1457 1260 1521 institerunt

159 1555 323 1618 dieentes:
346 1552 377 1617 ei
389 1551 460 1619 lieet
480 1554 602 1618 domini
623 1553 778 1619 dimittere
800 1575 932 1619 umorem
955 1575 1049 1619 suom
1082 1575 1259 1638 quorumque

160 1673 199 1717 ee
219 1675 331 1731 eausa,
343 1657 438 1720 sicuti
460 1655 581 1736 legitur
601 1658 631 1720 in
652 1676 680 1721 e.
696 1655 783 1721 xix.
800 1658 945 1739 eiusdem
964 1655 1200 1737 Evangelistae.
1215 1678 1259 1738 pro

160 1772 333 1819 moresne
353 1765 386 1818 et
406 1764 603 1820 commatum
624 1758 708 1820 serie
728 1758 878 1821 ordinate
903 1757 1011 1836 pergit
1030 1756 1159 1838 singula
1181 1777 1258 1820 enen·

164 1856 265 1934 getica
290 1856 387 1919 rerba
411 1863 647 1936 perscrutatos,
670 1867 702 1920 et
724 1876 787 1922 nna
810 1877 885 1922 cum
907 1857 1018 1921 littera
1039 1859 1138 1924 etiam
1158 1860 1258 1938 allego·

163 1955 244 2018 riam
267 1973 437 2035 quaerens.
456 1953 491 2018 ln
506 1956 624 2037 quibos
638 1959 835 2039 exponendis
855 1958 895 2021 sd
917 1957 999 2021 illnd
1022 1976 1213 2040 magnopere
1226 1960 1257 2020 in·

160 2058 297 2129 eonon,
322 2064 358 2119 nt
379 2056 564 2120 maiadatum
586 2058 784 2123 dominicum
806 2058 846 2121 de
868 2057 1104 2122 insolubilitate
1134 2058 1256 2141 eorrjopii

162 2157 342 2231 christiani,
365 2158 487 2222 illibate
508 2169 698 2223 servaretur
717 2179 736 2222 a
758 2159 921 2235 ildelilins,
937 2176 996 2222 nee
1017 2176 1035 2221 n
1056 2176 1213 2240 synagoga
1232 2159 1256 2220 il·

160 2256 367 2333 luderentur,
383 2275 441 2320 nee
461 2276 479 2319 a
496 2275 596 2336 prava
612 2260 779 2338 gentilium
801 2256 1054 2334 eonsuetudine3
1072 2275 1177 2337 neque
1191 2257 1255 2320 mni·

161 2367 196 2422 to
217 2359 322 2421 minos
342 2377 361 2421 a
382 2359 485 2422 seenli
511 2360 596 2423 vitiis
625 2370 655 2422 et
686 2360 927 2425 infirmitatibus
960 2359 1045 2422 vitae
1080 2360 1255 2440 praesentis.

160 2465 367 2540 praetextum
390 2459 571 2539 reperirent
593 2459 691 2541 hujus
711 2460 858 2525 solvendi
877 2458 1010 2534 vinculi,
1028 2461 1095 2524 hue
1116 2460 1187 2526 ideo
1205 2442 1255 2525 eoi·

161 2558 253 2623 lectis
274 2570 304 2623 et
326 2561 519 2639 explanatis,
536 2579 621 2641 qnae
642 2563 718 2625 olibi
739 2570 894 2627 notanter
915 2564 947 2624 in
968 2562 1084 2641 priscis
1099 2561 1256 2642 Seriptnris

162 2669 194 2725 et
216 2662 405 2739 praesertim
428 2662 459 2724 in
480 2663 677 2741 apostolicis.

244 2759 289 2824 ita
314 2780 451 2825 exorsus
466 2761 622 2842 Origenes
643 2782 660 2825 a
684 2782 714 2825 v.
730 2760 761 2827 3.
778 2771 807 2823 et
826 2773 1027 2825 accesserunt
1046 2765 1092 2827 od
1112 2783 1180 2827 eunt
1196 2763 1256 2844 plu·

162 2859 259 2923 risaei
278 2870 431 2924 tentantes
451 2880 520 2923 eum
540 2871 568 2923 et
590 2860 747 2937 dieentes,
769 2860 800 2924 si
821 2860 894 2924 lieet
913 2862 1038 2927 demini
1064 2864 1217 2928 dimittere
1232 2883 1257 2922 n·

162 2980 269 3023 norem
289 2981 381 3025 setam
402 2980 598 3044 quocumque
619 2982 659 3024 ee
679 2981 792 3036 oense,
816 2966 928 3027 transit
950 2964 989 3026 nd
1015 2985 1045 3026 v.
1068 2963 1099 3035 d.
1122 2964 1151 3029 5.
1167 2963 1195 3030 6.
1210 2961 1258 3038 Oui

163 3065 353 3144 respondens
374 3063 420 3125 nit
442 3062 507 3125 eis:
531 3082 594 3126 uon
616 3062 757 3143 lepistis,
779 3065 854 3145 quio
875 3062 934 3143 qui
958 3063 1035 3144 serit
1055 3064 1208 3129 dormirem
1232 3062 1259 3125 el

162 3163 268 3240 initio,
285 3165 460 3227 rnoseuium
482 3174 509 3224 et
528 3165 699 3244 foeminam
719 3167 795 3245 feeit
815 3185 863 3228 eos
877 3162 898 3228 P
911 3177 938 3228 et
953 3164 1037 3228 dixit
1052 3188 1061 3229 e
1074 3179 1202 3247 propter
1219 3167 1259 3226 iot

162 3267 318 3344 relinquet
339 3265 428 3325 ionio
445 3273 569 3345 putrem
591 3275 619 3326 et
639 3276 782 3336 uentrem,
803 3276 831 3328 et
846 3265 1003 3347 jierrpetur
1022 3264 1122 3329 uxori
1140 3285 1224 3341 sune,
1240 3273 1260 3324 et

164 3376 259 3428 erunt
279 3368 341 3427 dito
362 3365 396 3427 in
417 3384 511 3427 corne
531 3385 609 3429 uuo.
635 3365 829 3446 Itaqueiam
851 3386 915 3428 nou
936 3376 1011 3428 eunt
1032 3367 1108 3438 duo,
1130 3370 1259 3431 sedeam

163 3487 239 3530 uren.
266 3464 357 3545 Quod
377 3485 449 3545 erpo
472 3465 556 3528 Deus
579 3467 773 3546 coniunxit,
797 3468 885 3529 horno
909 3485 974 3528 non
1002 3478 1138 3546 reparet.
1161 3467 1261 3531 Deinde

164 3568 276 3630 eodeni
299 3567 413 3628 ordine
435 3567 582 3629 incedens
604 3566 643 3628 ad
668 3586 696 3629 v.
719 3567 749 3630 7.
771 3566 801 3632 8.
826 3568 1005 3629 instantiam
1029 3567 1258 3645 pharisaeorum

161 3677 250 3731 arotat
271 3669 468 3730 dicentium:
490 3665 569 3747 quid
588 3685 662 3746 erpo
685 3663 804 3744 Moyses
833 3664 996 3743 proecepit
1027 3666 1105 3728 dore
1140 3667 1259 3729 iideiium

161 3765 285 3848 repudii
305 3775 333 3828 et
352 3761 536 3829 dimittere?
558 3765 614 3828 Ait
635 3763 723 3825 iliis:
745 3763 896 3846 paconium
914 3762 1037 3841 Moyses
1059 3766 1104 3828 od
1123 3765 1260 3830 detritione

159 3865 380 3930 cordisvestri
399 3865 538 3944 permisit
559 3862 642 3927 uobis
664 3863 818 3926 dimittere
845 3860 971 3926 uxores*
992 3875 1135 3938 oestros;
1158 3865 1194 3928 oi
1213 3860 1258 3926 ini·

163 3970 207 4030 tio
228 3977 331 4029 nutem
352 3983 416 4027 mou
436 3965 500 4043 suit
521 3964 578 4026 sie.

246 4063 418 4142 Postquam
442 4067 549 4143 itaque
564 4062 720 4141 Origenes
738 4063 931 4126 verbotenus
947 4071 978 4126 et
993 4061 1175 4126 seeundum
1191 4077 1259 4124 oon·

164 4171 285 4228 nantem
306 4162 422 4225 seriem
447 4159 669 4242 lisangolistae
693 4161 788 4226 verba
823 4181 926 4243 nsque
955 4160 996 4224 ad
1022 4155 1254 4227 versiouioned
