<?xml version="1.0" encoding="UTF-8"?>
<!DOCTYPE html PUBLIC "-//W3C//DTD XHTML 1.0 Transitional//EN"
    "http://www.w3.org/TR/xhtml1/DTD/xhtml1-transitional.dtd">
<html xmlns="http://www.w3.org/1999/xhtml" xml:lang="en" lang="en">
 <head>
  <title>
</title>
<meta http-equiv="Content-Type" content="text/html;charset=utf-8" />
  <meta name='ocr-system' content='tesseract 3.04.00' />
  <meta name='ocr-capabilities' content='ocr_page ocr_carea ocr_par ocr_line ocrx_word'/>
</head>
<body>
  <div class='ocr_page' id='page_1' title='image "./insgregoriinyss00vincgoog/insgregoriinyss00vincgoog_0231.png"; bbox 0 0 2886 4784; ppageno 0'>
   <div class='ocr_carea' id='block_1_1' title="bbox 228 330 285 405">
    <p class='ocr_par' dir='ltr' id='par_1_1' title="bbox 228 330 285 405">
     <span class='ocr_line' id='line_1_1' title="bbox 228 330 285 405; baseline 0 -6"><span class='ocrx_word' id='word_1_1' title='bbox 228 330 285 405; x_wconf 63' lang='lat'>,36</span> 
     </span>
    </p>
   </div>
   <div class='ocr_carea' id='block_1_2' title="bbox 93 428 1359 511">
    <p class='ocr_par' dir='ltr' id='par_1_2' title="bbox 93 428 1359 511">
     <span class='ocr_line' id='line_1_2' title="bbox 93 428 1359 511; baseline 0.001 -15"><span class='ocrx_word' id='word_1_2' title='bbox 93 428 97 435; x_wconf 77' lang='grc'><strong>’</strong></span> <span class='ocrx_word' id='word_1_3' title='bbox 155 500 158 507; x_wconf 18' lang='grc' dir='ltr'><strong>Δ</strong></span> <span class='ocrx_word' id='word_1_4' title='bbox 241 433 368 497; x_wconf 74' lang='lat' dir='ltr'>fusioni.</span> <span class='ocrx_word' id='word_1_5' title='bbox 395 433 451 494; x_wconf 75' lang='lat' dir='ltr'>dst</span> <span class='ocrx_word' id='word_1_6' title='bbox 473 447 547 494; x_wconf 90' lang='lat' dir='ltr'>curn</span> <span class='ocrx_word' id='word_1_7' title='bbox 569 432 601 494; x_wconf 90' lang='lat' dir='ltr'>in</span> <span class='ocrx_word' id='word_1_8' title='bbox 620 428 756 509; x_wconf 77' lang='lat' dir='ltr'>singuiis</span> <span class='ocrx_word' id='word_1_9' title='bbox 779 429 940 511; x_wconf 74' lang='lat' dir='ltr'><strong>capitibus</strong></span> <span class='ocrx_word' id='word_1_10' title='bbox 974 429 1147 510; x_wconf 82' lang='lat' dir='ltr'>praemissa</span> <span class='ocrx_word' id='word_1_11' title='bbox 1179 429 1359 497; x_wconf 87' lang='lat' dir='ltr'>novissimis</span> 
     </span>
    </p>
   </div>
   <div class='ocr_carea' id='block_1_3' title="bbox 238 522 1368 3852">
    <p class='ocr_par' dir='ltr' id='par_1_3' title="bbox 239 522 1362 1022">
     <span class='ocr_line' id='line_1_3' title="bbox 241 522 1362 617; baseline 0 -19"><span class='ocrx_word' id='word_1_12' title='bbox 241 533 479 616; x_wconf 76' lang='lat' dir='ltr'>respondeant3</span> <span class='ocrx_word' id='word_1_13' title='bbox 503 532 582 595; x_wconf 89' lang='lat' dir='ltr'>nihii</span> <span class='ocrx_word' id='word_1_14' title='bbox 608 532 727 608; x_wconf 87' lang='lat' dir='ltr'>officit,</span> <span class='ocrx_word' id='word_1_15' title='bbox 751 534 776 595; x_wconf 90' lang='lat' dir='ltr'>si</span> <span class='ocrx_word' id='word_1_16' title='bbox 800 533 993 612; x_wconf 87' lang='lat' dir='ltr'>praecedens</span> <span class='ocrx_word' id='word_1_17' title='bbox 1019 541 1118 611; x_wconf 85' lang='lat' dir='ltr'>ceput</span> <span class='ocrx_word' id='word_1_18' title='bbox 1148 522 1362 617; x_wconf 84' lang='lat' dir='ltr'>subsequenti</span> 
     </span>
     <span class='ocr_line' id='line_1_4' title="bbox 241 633 1359 716; baseline -0.001 -15"><span class='ocrx_word' id='word_1_19' title='bbox 241 657 304 700; x_wconf 90' lang='lat' dir='ltr'>non</span> <span class='ocrx_word' id='word_1_20' title='bbox 336 639 520 701; x_wconf 88' lang='lat' dir='ltr'>cohaereat.</span> <span class='ocrx_word' id='word_1_21' title='bbox 551 633 611 698; x_wconf 79' lang='lat' dir='ltr'>Ex.</span> <span class='ocrx_word' id='word_1_22' title='bbox 635 654 664 714; x_wconf 78' lang='lat' dir='ltr'>g.</span> <span class='ocrx_word' id='word_1_23' title='bbox 688 635 870 699; x_wconf 89' lang='lat' dir='ltr'>calumniae</span> <span class='ocrx_word' id='word_1_24' title='bbox 900 635 1007 714; x_wconf 87' lang='lat' dir='ltr'>jactae</span> <span class='ocrx_word' id='word_1_25' title='bbox 1039 638 1070 697; x_wconf 92' lang='lat' dir='ltr'>in</span> <span class='ocrx_word' id='word_1_26' title='bbox 1094 633 1252 716; x_wconf 78' lang='lat' dir='ltr'>Vigiiinm</span> <span class='ocrx_word' id='word_1_27' title='bbox 1282 639 1359 716; x_wconf 84' lang='lat' dir='ltr'>quid</span> 
     </span>
     <span class='ocr_line' id='line_1_5' title="bbox 239 738 1361 824; baseline 0.001 -22"><span class='ocrx_word' id='word_1_28' title='bbox 239 758 412 802; x_wconf 88' lang='lat' dir='ltr'>commune</span> <span class='ocrx_word' id='word_1_29' title='bbox 435 740 551 801; x_wconf 82' lang='lat' dir='ltr'>nabent</span> <span class='ocrx_word' id='word_1_30' title='bbox 573 757 648 802; x_wconf 89' lang='lat' dir='ltr'>curn</span> <span class='ocrx_word' id='word_1_31' title='bbox 671 739 730 808; x_wconf 90' lang='lat' dir='ltr'>iis,</span> <span class='ocrx_word' id='word_1_32' title='bbox 754 738 811 816; x_wconf 85' lang='lat' dir='ltr'>qui</span> <span class='ocrx_word' id='word_1_33' title='bbox 835 738 948 800; x_wconf 90' lang='lat' dir='ltr'>roiuut</span> <span class='ocrx_word' id='word_1_34' title='bbox 970 741 1000 799; x_wconf 95' lang='lat' dir='ltr'>in</span> <span class='ocrx_word' id='word_1_35' title='bbox 1024 741 1089 818; x_wconf 86' lang='lat' dir='ltr'>ipsa</span> <span class='ocrx_word' id='word_1_36' title='bbox 1113 741 1247 824; x_wconf 77' lang='lat' dir='ltr'>Synodo</span> <span class='ocrx_word' id='word_1_37' title='bbox 1272 743 1361 804; x_wconf 81' lang='lat' dir='ltr'>dant-</span> 
     </span>
     <span class='ocr_line' id='line_1_6' title="bbox 241 835 1359 923; baseline 0.003 -20"><span class='ocrx_word' id='word_1_38' title='bbox 241 850 352 904; x_wconf 83' lang='lat' dir='ltr'>natum</span> <span class='ocrx_word' id='word_1_39' title='bbox 373 835 576 918; x_wconf 75' lang='lat' dir='ltr'>origenem?</span> <span class='ocrx_word' id='word_1_40' title='bbox 599 837 639 902; x_wconf 79' lang='lat' dir='ltr'>Et</span> <span class='ocrx_word' id='word_1_41' title='bbox 660 841 703 901; x_wconf 92' lang='lat' dir='ltr'>ita</span> <span class='ocrx_word' id='word_1_42' title='bbox 727 839 766 901; x_wconf 88' lang='lat' dir='ltr'>de</span> <span class='ocrx_word' id='word_1_43' title='bbox 787 839 903 902; x_wconf 86' lang='lat' dir='ltr'>ceteris</span> <span class='ocrx_word' id='word_1_44' title='bbox 925 840 1170 918; x_wconf 86' lang='lat' dir='ltr'>quaestionibus</span> <span class='ocrx_word' id='word_1_45' title='bbox 1185 859 1248 920; x_wconf 85' lang='lat' dir='ltr'>pro</span> <span class='ocrx_word' id='word_1_46' title='bbox 1263 860 1359 923; x_wconf 72' lang='lat' dir='ltr'>argu·</span> 
     </span>
     <span class='ocr_line' id='line_1_7' title="bbox 242 939 972 1022; baseline -0.005 -17"><span class='ocrx_word' id='word_1_47' title='bbox 242 945 338 1005; x_wconf 90' lang='lat' dir='ltr'>menti</span> <span class='ocrx_word' id='word_1_48' title='bbox 361 941 548 1005; x_wconf 81' lang='lat' dir='ltr'>diversitate</span> <span class='ocrx_word' id='word_1_49' title='bbox 569 942 610 1002; x_wconf 87' lang='lat' dir='ltr'>ab</span> <span class='ocrx_word' id='word_1_50' title='bbox 632 941 769 1003; x_wconf 89' lang='lat' dir='ltr'>invicem</span> <span class='ocrx_word' id='word_1_51' title='bbox 792 939 972 1022; x_wconf 74' lang='lat' dir='ltr'>disiunctis.</span> 
     </span>
    </p>

    <p class='ocr_par' dir='ltr' id='par_1_4' title="bbox 238 1041 1366 2235">
     <span class='ocr_line' id='line_1_8' title="bbox 324 1041 1361 1122; baseline 0.002 -18"><span class='ocrx_word' id='word_1_52' title='bbox 324 1041 443 1106; x_wconf 82' lang='lat' dir='ltr'>Deinde</span> <span class='ocrx_word' id='word_1_53' title='bbox 458 1062 486 1105; x_wconf 89' lang='lat' dir='ltr'>c.</span> <span class='ocrx_word' id='word_1_54' title='bbox 503 1041 624 1106; x_wconf 81' lang='lat' dir='ltr'>Censor</span> <span class='ocrx_word' id='word_1_55' title='bbox 639 1042 751 1105; x_wconf 86' lang='lat' dir='ltr'>abnuit</span> <span class='ocrx_word' id='word_1_56' title='bbox 767 1061 800 1104; x_wconf 91' lang='lat' dir='ltr'>se</span> <span class='ocrx_word' id='word_1_57' title='bbox 815 1060 941 1106; x_wconf 91' lang='lat' dir='ltr'>mecum</span> <span class='ocrx_word' id='word_1_58' title='bbox 956 1043 1141 1115; x_wconf 87' lang='lat' dir='ltr'>convenire,</span> <span class='ocrx_word' id='word_1_59' title='bbox 1157 1043 1246 1122; x_wconf 87' lang='lat' dir='ltr'>quod</span> <span class='ocrx_word' id='word_1_60' title='bbox 1264 1043 1361 1122; x_wconf 86' lang='lat' dir='ltr'>plura</span> 
     </span>
     <span class='ocr_line' id='line_1_9' title="bbox 241 1136 1361 1224; baseline 0.002 -18"><span class='ocrx_word' id='word_1_61' title='bbox 241 1145 437 1207; x_wconf 89' lang='lat' dir='ltr'>documenta</span> <span class='ocrx_word' id='word_1_62' title='bbox 459 1144 498 1205; x_wconf 95' lang='lat' dir='ltr'>de</span> <span class='ocrx_word' id='word_1_63' title='bbox 521 1136 640 1222; x_wconf 70' lang='lat' dir='ltr'>vigilio</span> <span class='ocrx_word' id='word_1_64' title='bbox 664 1142 748 1221; x_wconf 79' lang='lat' dir='ltr'>Papa</span> <span class='ocrx_word' id='word_1_65' title='bbox 771 1152 802 1204; x_wconf 96' lang='lat' dir='ltr'>et</span> <span class='ocrx_word' id='word_1_66' title='bbox 824 1142 862 1204; x_wconf 92' lang='lat' dir='ltr'>de</span> <span class='ocrx_word' id='word_1_67' title='bbox 883 1141 1066 1206; x_wconf 81' lang='lat' dir='ltr'>iustiniano</span> <span class='ocrx_word' id='word_1_68' title='bbox 1100 1145 1282 1223; x_wconf 80' lang='lat' dir='ltr'>repulerim</span> <span class='ocrx_word' id='word_1_69' title='bbox 1295 1155 1361 1224; x_wconf 57' lang='lat' dir='ltr'>;,ct</span> 
     </span>
     <span class='ocr_line' id='line_1_10' title="bbox 243 1245 1360 1328; baseline 0 -18"><span class='ocrx_word' id='word_1_70' title='bbox 243 1248 330 1328; x_wconf 69' lang='lat' dir='ltr'>quod</span> <span class='ocrx_word' id='word_1_71' title='bbox 355 1266 416 1308; x_wconf 90' lang='lat' dir='ltr'>una</span> <span class='ocrx_word' id='word_1_72' title='bbox 441 1247 608 1308; x_wconf 86' lang='lat' dir='ltr'>historiam</span> <span class='ocrx_word' id='word_1_73' title='bbox 632 1264 799 1308; x_wconf 79' lang='lat' dir='ltr'>recensens</span> <span class='ocrx_word' id='word_1_74' title='bbox 821 1246 853 1306; x_wconf 95' lang='lat' dir='ltr'>in</span> <span class='ocrx_word' id='word_1_75' title='bbox 875 1247 1063 1309; x_wconf 79' lang='lat' dir='ltr'>enarrandis</span> <span class='ocrx_word' id='word_1_76' title='bbox 1085 1246 1223 1310; x_wconf 91' lang='lat' dir='ltr'>Concilii</span> <span class='ocrx_word' id='word_1_77' title='bbox 1249 1245 1286 1308; x_wconf 83' lang='lat' dir='ltr'>V.</span> <span class='ocrx_word' id='word_1_78' title='bbox 1309 1265 1360 1328; x_wconf 77' lang='lat' dir='ltr'>ge·</span> 
     </span>
     <span class='ocr_line' id='line_1_11' title="bbox 242 1337 1360 1423; baseline 0.001 -13"><span class='ocrx_word' id='word_1_79' title='bbox 242 1351 323 1421; x_wconf 86' lang='lat' dir='ltr'>atis,</span> <span class='ocrx_word' id='word_1_80' title='bbox 347 1347 522 1410; x_wconf 71' lang='lat' dir='ltr'>restiterim</span> <span class='ocrx_word' id='word_1_81' title='bbox 544 1346 733 1409; x_wconf 74' lang='lat' dir='ltr'>auctoritati</span> <span class='ocrx_word' id='word_1_82' title='bbox 757 1345 916 1408; x_wconf 78' lang='lat' dir='ltr'>Anastasii</span> <span class='ocrx_word' id='word_1_83' title='bbox 937 1337 1193 1423; x_wconf 73' lang='lat' dir='ltr'>Bibliothecarii‚</span> <span class='ocrx_word' id='word_1_84' title='bbox 1218 1347 1360 1412; x_wconf 84' lang='lat' dir='ltr'>Liberati</span> 
     </span>
     <span class='ocr_line' id='line_1_12' title="bbox 241 1447 1362 1528; baseline 0.004 -17"><span class='ocrx_word' id='word_1_85' title='bbox 241 1450 513 1528; x_wconf 79' lang='lat' dir='ltr'>chartaginensis,</span> <span class='ocrx_word' id='word_1_86' title='bbox 538 1447 681 1510; x_wconf 82' lang='lat' dir='ltr'>Facundi</span> <span class='ocrx_word' id='word_1_87' title='bbox 715 1448 966 1521; x_wconf 81' lang='lat' dir='ltr'>hermianensis,</span> <span class='ocrx_word' id='word_1_88' title='bbox 990 1447 1196 1522; x_wconf 81' lang='lat' dir='ltr'>Marcellini,</span> <span class='ocrx_word' id='word_1_89' title='bbox 1222 1449 1362 1516; x_wconf 86' lang='lat' dir='ltr'>Victoris</span> 
     </span>
     <span class='ocr_line' id='line_1_13' title="bbox 244 1546 1362 1631; baseline 0.004 -20"><span class='ocrx_word' id='word_1_90' title='bbox 244 1550 445 1623; x_wconf 88' lang='lat' dir='ltr'>tununensis,</span> <span class='ocrx_word' id='word_1_91' title='bbox 464 1546 608 1628; x_wconf 82' lang='lat' dir='ltr'>Evagrii,</span> <span class='ocrx_word' id='word_1_92' title='bbox 628 1548 789 1626; x_wconf 83' lang='lat' dir='ltr'>Procopii,</span> <span class='ocrx_word' id='word_1_93' title='bbox 806 1547 920 1630; x_wconf 79' lang='lat' dir='ltr'>Cyrilli</span> <span class='ocrx_word' id='word_1_94' title='bbox 936 1555 967 1610; x_wconf 91' lang='lat' dir='ltr'>et</span> <span class='ocrx_word' id='word_1_95' title='bbox 982 1550 1133 1612; x_wconf 86' lang='lat' dir='ltr'>aliorum.</span> <span class='ocrx_word' id='word_1_96' title='bbox 1151 1547 1274 1631; x_wconf 84' lang='lat' dir='ltr'>Utique</span> <span class='ocrx_word' id='word_1_97' title='bbox 1290 1553 1362 1630; x_wconf 88' lang='lat' dir='ltr'>piu·</span> 
     </span>
     <span class='ocr_line' id='line_1_14' title="bbox 245 1649 1362 1733; baseline 0.003 -23"><span class='ocrx_word' id='word_1_98' title='bbox 245 1667 279 1711; x_wconf 89' lang='lat' dir='ltr'>ra</span> <span class='ocrx_word' id='word_1_99' title='bbox 302 1650 341 1711; x_wconf 94' lang='lat' dir='ltr'>ad</span> <span class='ocrx_word' id='word_1_100' title='bbox 365 1651 446 1710; x_wconf 88' lang='lat' dir='ltr'>hanc</span> <span class='ocrx_word' id='word_1_101' title='bbox 468 1649 689 1728; x_wconf 86' lang='lat' dir='ltr'>quaestionem</span> <span class='ocrx_word' id='word_1_102' title='bbox 710 1651 887 1726; x_wconf 79' lang='lat' dir='ltr'>spectantia</span> <span class='ocrx_word' id='word_1_103' title='bbox 909 1649 1115 1723; x_wconf 90' lang='lat' dir='ltr'>documenta,</span> <span class='ocrx_word' id='word_1_104' title='bbox 1137 1650 1201 1713; x_wconf 86' lang='lat' dir='ltr'>alie</span> <span class='ocrx_word' id='word_1_105' title='bbox 1224 1669 1362 1733; x_wconf 72' lang='lat' dir='ltr'>apocry-</span> 
     </span>
     <span class='ocr_line' id='line_1_15' title="bbox 245 1744 1362 1830; baseline 0.004 -18"><span class='ocrx_word' id='word_1_106' title='bbox 245 1751 321 1830; x_wconf 84' lang='lat' dir='ltr'>pha,</span> <span class='ocrx_word' id='word_1_107' title='bbox 343 1751 405 1812; x_wconf 88' lang='lat' dir='ltr'>aiia</span> <span class='ocrx_word' id='word_1_108' title='bbox 428 1750 634 1829; x_wconf 84' lang='lat' dir='ltr'>interpolata,</span> <span class='ocrx_word' id='word_1_109' title='bbox 657 1758 690 1812; x_wconf 93' lang='lat' dir='ltr'>et</span> <span class='ocrx_word' id='word_1_110' title='bbox 711 1750 773 1813; x_wconf 85' lang='lat' dir='ltr'>elia</span> <span class='ocrx_word' id='word_1_111' title='bbox 795 1767 871 1813; x_wconf 84' lang='lat' dir='ltr'>sane</span> <span class='ocrx_word' id='word_1_112' title='bbox 894 1753 1044 1829; x_wconf 78' lang='lat' dir='ltr'>genuina,</span> <span class='ocrx_word' id='word_1_113' title='bbox 1060 1744 1274 1816; x_wconf 72' lang='lat' dir='ltr'>sed&#39;iilorum</span> <span class='ocrx_word' id='word_1_114' title='bbox 1298 1771 1362 1816; x_wconf 91' lang='lat' dir='ltr'>ma·</span> 
     </span>
     <span class='ocr_line' id='line_1_16' title="bbox 246 1851 1363 1934; baseline 0.005 -21"><span class='ocrx_word' id='word_1_115' title='bbox 246 1871 291 1915; x_wconf 81' lang='lat' dir='ltr'>en</span> <span class='ocrx_word' id='word_1_116' title='bbox 314 1859 463 1927; x_wconf 73' lang='lat' dir='ltr'>exarata,</span> <span class='ocrx_word' id='word_1_117' title='bbox 485 1853 540 1929; x_wconf 87' lang='lat' dir='ltr'>qui</span> <span class='ocrx_word' id='word_1_118' title='bbox 561 1851 687 1914; x_wconf 85' lang='lat' dir='ltr'>ardenti</span> <span class='ocrx_word' id='word_1_119' title='bbox 709 1851 781 1914; x_wconf 87' lang='lat' dir='ltr'>zelo</span> <span class='ocrx_word' id='word_1_120' title='bbox 802 1860 895 1913; x_wconf 80' lang='lat' dir='ltr'>extra</span> <span class='ocrx_word' id='word_1_121' title='bbox 917 1853 1081 1914; x_wconf 91' lang='lat' dir='ltr'>seientiam</span> <span class='ocrx_word' id='word_1_122' title='bbox 1105 1852 1203 1916; x_wconf 89' lang='lat' dir='ltr'>trium</span> <span class='ocrx_word' id='word_1_123' title='bbox 1231 1852 1363 1934; x_wconf 78' lang='lat' dir='ltr'>Capita·</span> 
     </span>
     <span class='ocr_line' id='line_1_17' title="bbox 238 1951 1366 2033; baseline 0.004 -20"><span class='ocrx_word' id='word_1_124' title='bbox 238 1953 355 2016; x_wconf 82' lang='lat' dir='ltr'>iorum</span> <span class='ocrx_word' id='word_1_125' title='bbox 378 1953 593 2016; x_wconf 88' lang='lat' dir='ltr'>deiensionem</span> <span class='ocrx_word' id='word_1_126' title='bbox 615 1962 842 2033; x_wconf 87' lang='lat' dir='ltr'>susceperunt,</span> <span class='ocrx_word' id='word_1_127' title='bbox 864 1951 1018 2025; x_wconf 76' lang='lat' dir='ltr'>refutari,</span> <span class='ocrx_word' id='word_1_128' title='bbox 1036 1953 1084 2014; x_wconf 87' lang='lat' dir='ltr'>iris</span> <span class='ocrx_word' id='word_1_129' title='bbox 1107 1961 1213 2016; x_wconf 89' lang='lat' dir='ltr'>tamen</span> <span class='ocrx_word' id='word_1_130' title='bbox 1228 1955 1293 2017; x_wconf 87' lang='lat' dir='ltr'>aiia</span> <span class='ocrx_word' id='word_1_131' title='bbox 1309 1974 1366 2033; x_wconf 83' lang='lat' dir='ltr'>op·</span> 
     </span>
     <span class='ocr_line' id='line_1_18' title="bbox 246 2054 1363 2134; baseline 0.003 -18"><span class='ocrx_word' id='word_1_132' title='bbox 246 2073 365 2134; x_wconf 86' lang='lat' dir='ltr'>ponens</span> <span class='ocrx_word' id='word_1_133' title='bbox 387 2065 619 2130; x_wconf 86' lang='lat' dir='ltr'>monumenta,</span> <span class='ocrx_word' id='word_1_134' title='bbox 639 2055 680 2118; x_wconf 92' lang='lat' dir='ltr'>de</span> <span class='ocrx_word' id='word_1_135' title='bbox 700 2055 819 2134; x_wconf 83' lang='lat' dir='ltr'>quibus</span> <span class='ocrx_word' id='word_1_136' title='bbox 845 2070 939 2117; x_wconf 92' lang='lat' dir='ltr'>nemo</span> <span class='ocrx_word' id='word_1_137' title='bbox 972 2054 1144 2134; x_wconf 87' lang='lat' dir='ltr'>hucusque</span> <span class='ocrx_word' id='word_1_138' title='bbox 1175 2054 1363 2133; x_wconf 84' lang='lat' dir='ltr'>dubitarit,</span> 
     </span>
     <span class='ocr_line' id='line_1_19' title="bbox 246 2155 672 2235; baseline 0 -18"><span class='ocrx_word' id='word_1_139' title='bbox 246 2155 309 2219; x_wconf 84' lang='lat' dir='ltr'>tide</span> <span class='ocrx_word' id='word_1_140' title='bbox 331 2158 470 2234; x_wconf 86' lang='lat' dir='ltr'>inspecta</span> <span class='ocrx_word' id='word_1_141' title='bbox 492 2157 672 2235; x_wconf 87' lang='lat' dir='ltr'>scriptoris.</span> 
     </span>
    </p>

    <p class='ocr_par' dir='ltr' id='par_1_5' title="bbox 245 2255 1365 3128">
     <span class='ocr_line' id='line_1_20' title="bbox 327 2255 1365 2337; baseline 0 -18"><span class='ocrx_word' id='word_1_142' title='bbox 327 2255 368 2320; x_wconf 85' lang='lat' dir='ltr'>Et</span> <span class='ocrx_word' id='word_1_143' title='bbox 389 2257 531 2337; x_wconf 87' lang='lat' dir='ltr'>primum</span> <span class='ocrx_word' id='word_1_144' title='bbox 552 2256 659 2337; x_wconf 84' lang='lat' dir='ltr'>quoad</span> <span class='ocrx_word' id='word_1_145' title='bbox 683 2255 901 2332; x_wconf 79' lang='lat' dir='ltr'>Anastasinm,</span> <span class='ocrx_word' id='word_1_146' title='bbox 923 2256 976 2320; x_wconf 88' lang='lat' dir='ltr'>eui</span> <span class='ocrx_word' id='word_1_147' title='bbox 999 2255 1121 2319; x_wconf 84' lang='lat' dir='ltr'>Censor</span> <span class='ocrx_word' id='word_1_148' title='bbox 1142 2256 1290 2320; x_wconf 83' lang='lat' dir='ltr'>muitum</span> <span class='ocrx_word' id='word_1_149' title='bbox 1310 2256 1365 2319; x_wconf 85' lang='lat' dir='ltr'>de·</span> 
     </span>
     <span class='ocr_line' id='line_1_21' title="bbox 248 2355 1364 2437; baseline 0.001 -18"><span class='ocrx_word' id='word_1_150' title='bbox 248 2355 311 2420; x_wconf 86' lang='lat' dir='ltr'>iert</span> <span class='ocrx_word' id='word_1_151' title='bbox 333 2360 557 2434; x_wconf 87' lang='lat' dir='ltr'>auctoritatis,</span> <span class='ocrx_word' id='word_1_152' title='bbox 581 2359 660 2420; x_wconf 88' lang='lat' dir='ltr'>hacc</span> <span class='ocrx_word' id='word_1_153' title='bbox 682 2358 820 2421; x_wconf 91' lang='lat' dir='ltr'>notanda</span> <span class='ocrx_word' id='word_1_154' title='bbox 842 2369 928 2422; x_wconf 91' lang='lat' dir='ltr'>sunt.</span> <span class='ocrx_word' id='word_1_155' title='bbox 955 2357 987 2421; x_wconf 87' lang='lat' dir='ltr'>Si</span> <span class='ocrx_word' id='word_1_156' title='bbox 1013 2356 1217 2432; x_wconf 83' lang='lat' dir='ltr'>Historicus,</span> <span class='ocrx_word' id='word_1_157' title='bbox 1243 2357 1364 2437; x_wconf 84' lang='lat' dir='ltr'>quibus</span> 
     </span>
     <span class='ocr_line' id='line_1_22' title="bbox 246 2453 1365 2537; baseline -0.001 -16"><span class='ocrx_word' id='word_1_158' title='bbox 246 2453 407 2534; x_wconf 77' lang='lat' dir='ltr'>nemesi,</span> <span class='ocrx_word' id='word_1_159' title='bbox 429 2460 699 2522; x_wconf 88' lang='lat' dir='ltr'>documentorum</span> <span class='ocrx_word' id='word_1_160' title='bbox 722 2459 891 2530; x_wconf 86' lang='lat' dir='ltr'>indicasset</span> <span class='ocrx_word' id='word_1_161' title='bbox 913 2470 1075 2533; x_wconf 88' lang='lat' dir='ltr'>auctores,</span> <span class='ocrx_word' id='word_1_162' title='bbox 1098 2458 1286 2537; x_wconf 87' lang='lat' dir='ltr'>etquidem</span> <span class='ocrx_word' id='word_1_163' title='bbox 1313 2477 1365 2521; x_wconf 86' lang='lat' dir='ltr'>ae·</span> 
     </span>
     <span class='ocr_line' id='line_1_23' title="bbox 249 2558 1365 2640; baseline 0 -18"><span class='ocrx_word' id='word_1_164' title='bbox 249 2558 314 2624; x_wconf 81' lang='lat' dir='ltr'>tete</span> <span class='ocrx_word' id='word_1_165' title='bbox 334 2570 448 2635; x_wconf 90' lang='lat' dir='ltr'>notos,</span> <span class='ocrx_word' id='word_1_166' title='bbox 471 2569 503 2623; x_wconf 89' lang='lat' dir='ltr'>et</span> <span class='ocrx_word' id='word_1_167' title='bbox 526 2561 654 2624; x_wconf 88' lang='lat' dir='ltr'>nomine</span> <span class='ocrx_word' id='word_1_168' title='bbox 673 2568 705 2623; x_wconf 94' lang='lat' dir='ltr'>et</span> <span class='ocrx_word' id='word_1_169' title='bbox 727 2560 788 2623; x_wconf 87' lang='lat' dir='ltr'>fide</span> <span class='ocrx_word' id='word_1_170' title='bbox 810 2562 943 2640; x_wconf 84' lang='lat' dir='ltr'>dignos,</span> <span class='ocrx_word' id='word_1_171' title='bbox 968 2569 1044 2623; x_wconf 91' lang='lat' dir='ltr'>tunc</span> <span class='ocrx_word' id='word_1_172' title='bbox 1065 2578 1128 2622; x_wconf 91' lang='lat' dir='ltr'>non</span> <span class='ocrx_word' id='word_1_173' title='bbox 1149 2569 1234 2623; x_wconf 89' lang='lat' dir='ltr'>esset</span> <span class='ocrx_word' id='word_1_174' title='bbox 1255 2561 1297 2623; x_wconf 93' lang='lat' dir='ltr'>de</span> <span class='ocrx_word' id='word_1_175' title='bbox 1319 2562 1365 2622; x_wconf 87' lang='lat' dir='ltr'>eis</span> 
     </span>
     <span class='ocr_line' id='line_1_24' title="bbox 245 2661 1365 2743; baseline -0.002 -19"><span class='ocrx_word' id='word_1_176' title='bbox 245 2662 425 2741; x_wconf 80' lang='lat' dir='ltr'>ambigendi</span> <span class='ocrx_word' id='word_1_177' title='bbox 446 2664 550 2725; x_wconf 87' lang='lat' dir='ltr'>locus.</span> <span class='ocrx_word' id='word_1_178' title='bbox 573 2661 635 2726; x_wconf 86' lang='lat' dir='ltr'>Sed</span> <span class='ocrx_word' id='word_1_179' title='bbox 657 2680 731 2725; x_wconf 87' lang='lat' dir='ltr'>curn</span> <span class='ocrx_word' id='word_1_180' title='bbox 755 2663 829 2725; x_wconf 86' lang='lat' dir='ltr'>tatia</span> <span class='ocrx_word' id='word_1_181' title='bbox 852 2665 937 2736; x_wconf 90' lang='lat' dir='ltr'>sint,</span> <span class='ocrx_word' id='word_1_182' title='bbox 961 2681 1045 2743; x_wconf 86' lang='lat' dir='ltr'>quae</span> <span class='ocrx_word' id='word_1_183' title='bbox 1067 2662 1106 2723; x_wconf 90' lang='lat' dir='ltr'>ab</span> <span class='ocrx_word' id='word_1_184' title='bbox 1128 2679 1168 2725; x_wconf 87' lang='lat' dir='ltr'>eo</span> <span class='ocrx_word' id='word_1_185' title='bbox 1189 2672 1365 2727; x_wconf 90' lang='lat' dir='ltr'>censentur</span> 
     </span>
     <span class='ocr_line' id='line_1_25' title="bbox 248 2759 1363 2841; baseline 0.001 -18"><span class='ocrx_word' id='word_1_186' title='bbox 248 2762 280 2824; x_wconf 91' lang='lat' dir='ltr'>in</span> <span class='ocrx_word' id='word_1_187' title='bbox 303 2763 366 2823; x_wconf 85' lang='lat' dir='ltr'>vitu</span> <span class='ocrx_word' id='word_1_188' title='bbox 388 2762 539 2841; x_wconf 75' lang='lat' dir='ltr'>agapeti,</span> <span class='ocrx_word' id='word_1_189' title='bbox 560 2762 689 2826; x_wconf 82' lang='lat' dir='ltr'>Silrerii</span> <span class='ocrx_word' id='word_1_190' title='bbox 711 2770 744 2824; x_wconf 92' lang='lat' dir='ltr'>et</span> <span class='ocrx_word' id='word_1_191' title='bbox 765 2759 887 2840; x_wconf 72' lang='lat' dir='ltr'>vigilii,</span> <span class='ocrx_word' id='word_1_192' title='bbox 911 2773 947 2824; x_wconf 93' lang='lat' dir='ltr'>ut</span> <span class='ocrx_word' id='word_1_193' title='bbox 962 2761 1153 2824; x_wconf 88' lang='lat' dir='ltr'>authenticis</span> <span class='ocrx_word' id='word_1_194' title='bbox 1170 2761 1363 2824; x_wconf 89' lang='lat' dir='ltr'>eorumdem</span> 
     </span>
     <span class='ocr_line' id='line_1_26' title="bbox 248 2861 1363 2948; baseline 0.003 -25"><span class='ocrx_word' id='word_1_195' title='bbox 248 2861 441 2926; x_wconf 87' lang='lat' dir='ltr'>Pontificum</span> <span class='ocrx_word' id='word_1_196' title='bbox 462 2871 494 2926; x_wconf 92' lang='lat' dir='ltr'>et</span> <span class='ocrx_word' id='word_1_197' title='bbox 515 2861 688 2926; x_wconf 77' lang='lat' dir='ltr'>iustiniani</span> <span class='ocrx_word' id='word_1_198' title='bbox 718 2873 751 2926; x_wconf 90' lang='lat' dir='ltr'>et</span> <span class='ocrx_word' id='word_1_199' title='bbox 777 2864 978 2948; x_wconf 81' lang='lat' dir='ltr'>synodorum</span> <span class='ocrx_word' id='word_1_200' title='bbox 1004 2865 1133 2926; x_wconf 86' lang='lat' dir='ltr'>statutis</span> <span class='ocrx_word' id='word_1_201' title='bbox 1161 2872 1193 2925; x_wconf 95' lang='lat' dir='ltr'>et</span> <span class='ocrx_word' id='word_1_202' title='bbox 1219 2862 1363 2926; x_wconf 89' lang='lat' dir='ltr'>aliorum</span> 
     </span>
     <span class='ocr_line' id='line_1_27' title="bbox 247 2962 1359 3044; baseline -0.004 -16"><span class='ocrx_word' id='word_1_203' title='bbox 247 2962 347 3042; x_wconf 72' lang='lat' dir='ltr'>huius</span> <span class='ocrx_word' id='word_1_204' title='bbox 368 2966 481 3026; x_wconf 89' lang='lat' dir='ltr'>aetatis</span> <span class='ocrx_word' id='word_1_205' title='bbox 504 2963 717 3028; x_wconf 87' lang='lat' dir='ltr'>monumentis</span> <span class='ocrx_word' id='word_1_206' title='bbox 738 2963 979 3038; x_wconf 65' lang='lat' dir='ltr'>absterrebant</span> <span class='ocrx_word' id='word_1_207' title='bbox 1003 2964 1164 3026; x_wconf 88' lang='lat' dir='ltr'>immerito</span> <span class='ocrx_word' id='word_1_208' title='bbox 1185 2962 1359 3044; x_wconf 85' lang='lat' dir='ltr'>rejicienda</span> 
     </span>
     <span class='ocr_line' id='line_1_28' title="bbox 249 3065 537 3128; baseline 0.003 -1"><span class='ocrx_word' id='word_1_209' title='bbox 249 3083 319 3127; x_wconf 88' lang='lat' dir='ltr'>csse</span> <span class='ocrx_word' id='word_1_210' title='bbox 341 3065 537 3128; x_wconf 83' lang='lat' dir='ltr'>existimari.</span> 
     </span>
    </p>

    <p class='ocr_par' dir='ltr' id='par_1_6' title="bbox 248 3163 1368 3852">
     <span class='ocr_line' id='line_1_29' title="bbox 328 3163 1360 3247; baseline 0 -20"><span class='ocrx_word' id='word_1_211' title='bbox 328 3163 369 3228; x_wconf 86' lang='lat' dir='ltr'>Et</span> <span class='ocrx_word' id='word_1_212' title='bbox 390 3184 502 3247; x_wconf 88' lang='lat' dir='ltr'>reapse</span> <span class='ocrx_word' id='word_1_213' title='bbox 522 3167 562 3228; x_wconf 93' lang='lat' dir='ltr'>de</span> <span class='ocrx_word' id='word_1_214' title='bbox 586 3165 721 3246; x_wconf 78' lang='lat' dir='ltr'>Agapeti</span> <span class='ocrx_word' id='word_1_215' title='bbox 742 3164 1049 3242; x_wconf 73' lang='lat' dir='ltr'>Constantinopolim</span> <span class='ocrx_word' id='word_1_216' title='bbox 1079 3164 1222 3228; x_wconf 81' lang='lat' dir='ltr'>adventu</span> <span class='ocrx_word' id='word_1_217' title='bbox 1245 3165 1360 3227; x_wconf 82' lang='lat' dir='ltr'>scribit</span> 
     </span>
     <span class='ocr_line' id='line_1_30' title="bbox 248 3265 1365 3346; baseline -0.001 -18"><span class='ocrx_word' id='word_1_218' title='bbox 248 3265 458 3336; x_wconf 72' lang='lat' dir='ltr'>Anastasius:</span> <span class='ocrx_word' id='word_1_219' title='bbox 482 3288 498 3328; x_wconf 83' lang='lat' dir='ltr'>u</span> <span class='ocrx_word' id='word_1_220' title='bbox 521 3266 556 3330; x_wconf 85' lang='lat' dir='ltr'>in</span> <span class='ocrx_word' id='word_1_221' title='bbox 580 3269 690 3346; x_wconf 89' lang='lat' dir='ltr'>primis</span> <span class='ocrx_word' id='word_1_222' title='bbox 713 3267 796 3346; x_wconf 84' lang='lat' dir='ltr'>Pape</span> <span class='ocrx_word' id='word_1_223' title='bbox 827 3268 934 3344; x_wconf 90' lang='lat' dir='ltr'>coepit</span> <span class='ocrx_word' id='word_1_224' title='bbox 966 3266 1085 3328; x_wconf 83' lang='lat' dir='ltr'>habere</span> <span class='ocrx_word' id='word_1_225' title='bbox 1115 3267 1365 3329; x_wconf 83' lang='lat' dir='ltr'>altercationem</span> 
     </span>
     <span class='ocr_line' id='line_1_31' title="bbox 249 3364 1367 3449; baseline 0.002 -21"><span class='ocrx_word' id='word_1_226' title='bbox 249 3385 324 3430; x_wconf 84' lang='lat' dir='ltr'>cnm</span> <span class='ocrx_word' id='word_1_227' title='bbox 347 3369 488 3446; x_wconf 90' lang='lat' dir='ltr'>piissimo</span> <span class='ocrx_word' id='word_1_228' title='bbox 509 3369 654 3449; x_wconf 88' lang='lat' dir='ltr'>principe</span> <span class='ocrx_word' id='word_1_229' title='bbox 675 3369 873 3447; x_wconf 89' lang='lat' dir='ltr'>imperatore</span> <span class='ocrx_word' id='word_1_230' title='bbox 894 3367 1023 3429; x_wconf 91' lang='lat' dir='ltr'>domino</span> <span class='ocrx_word' id='word_1_231' title='bbox 1044 3364 1229 3429; x_wconf 81' lang='lat' dir='ltr'>iustiniano</span> <span class='ocrx_word' id='word_1_232' title='bbox 1253 3367 1367 3447; x_wconf 73' lang='lat' dir='ltr'>Angu-</span> 
     </span>
     <span class='ocr_line' id='line_1_32' title="bbox 250 3465 1367 3539; baseline -0.002 -9"><span class='ocrx_word' id='word_1_233' title='bbox 250 3476 301 3530; x_wconf 90' lang='lat' dir='ltr'>sto</span> <span class='ocrx_word' id='word_1_234' title='bbox 321 3468 361 3530; x_wconf 91' lang='lat' dir='ltr'>de</span> <span class='ocrx_word' id='word_1_235' title='bbox 383 3467 519 3530; x_wconf 88' lang='lat' dir='ltr'>Domino</span> <span class='ocrx_word' id='word_1_236' title='bbox 543 3467 623 3531; x_wconf 72' lang='lat' dir='ltr'>,iesu</span> <span class='ocrx_word' id='word_1_237' title='bbox 657 3468 808 3539; x_wconf 86' lang='lat' dir='ltr'>Christo,</span> <span class='ocrx_word' id='word_1_238' title='bbox 832 3465 954 3528; x_wconf 84' lang='lat' dir='ltr'>Decet</span> <span class='ocrx_word' id='word_1_239' title='bbox 977 3467 1124 3539; x_wconf 89' lang='lat' dir='ltr'>homine,</span> <span class='ocrx_word' id='word_1_240' title='bbox 1149 3467 1211 3529; x_wconf 87' lang='lat' dir='ltr'>hoe</span> <span class='ocrx_word' id='word_1_241' title='bbox 1245 3475 1294 3530; x_wconf 92' lang='lat' dir='ltr'>est</span> <span class='ocrx_word' id='word_1_242' title='bbox 1327 3466 1367 3528; x_wconf 84' lang='lat' dir='ltr'>de</span> 
     </span>
     <span class='ocr_line' id='line_1_33' title="bbox 251 3567 1365 3642; baseline 0 -13"><span class='ocrx_word' id='word_1_243' title='bbox 251 3569 377 3632; x_wconf 89' lang='lat' dir='ltr'>duabus</span> <span class='ocrx_word' id='word_1_244' title='bbox 399 3570 523 3632; x_wconf 87' lang='lat' dir='ltr'>naturis</span> <span class='ocrx_word' id='word_1_245' title='bbox 544 3571 576 3631; x_wconf 94' lang='lat' dir='ltr'>in</span> <span class='ocrx_word' id='word_1_246' title='bbox 598 3568 736 3632; x_wconf 89' lang='lat' dir='ltr'>Christo.</span> <span class='ocrx_word' id='word_1_247' title='bbox 760 3567 801 3630; x_wconf 81' lang='lat' dir='ltr'>Et</span> <span class='ocrx_word' id='word_1_248' title='bbox 823 3567 900 3630; x_wconf 89' lang='lat' dir='ltr'>dum</span> <span class='ocrx_word' id='word_1_249' title='bbox 923 3569 1084 3629; x_wconf 88' lang='lat' dir='ltr'>eontentio</span> <span class='ocrx_word' id='word_1_250' title='bbox 1102 3577 1306 3642; x_wconf 81' lang='lat' dir='ltr'>versaretur,</span> <span class='ocrx_word' id='word_1_251' title='bbox 1323 3569 1365 3631; x_wconf 87' lang='lat' dir='ltr'>ita</span> 
     </span>
     <span class='ocr_line' id='line_1_34' title="bbox 250 3667 1366 3750; baseline -0.003 -18"><span class='ocrx_word' id='word_1_252' title='bbox 250 3667 407 3734; x_wconf 82' lang='lat' dir='ltr'>Dominus</span> <span class='ocrx_word' id='word_1_253' title='bbox 427 3670 542 3746; x_wconf 77' lang='lat' dir='ltr'>adfuit,</span> <span class='ocrx_word' id='word_1_254' title='bbox 566 3680 600 3733; x_wconf 92' lang='lat' dir='ltr'>ut</span> <span class='ocrx_word' id='word_1_255' title='bbox 623 3673 808 3750; x_wconf 90' lang='lat' dir='ltr'>episcopum</span> <span class='ocrx_word' id='word_1_256' title='bbox 831 3667 1213 3746; x_wconf 87' lang='lat' dir='ltr'>constantinopolitanum</span> <span class='ocrx_word' id='word_1_257' title='bbox 1239 3669 1366 3730; x_wconf 90' lang='lat' dir='ltr'>nomine</span> 
     </span>
     <span class='ocr_line' id='line_1_35' title="bbox 251 3766 1368 3852; baseline -0.003 -19"><span class='ocrx_word' id='word_1_258' title='bbox 251 3773 442 3837; x_wconf 82' lang='lat' dir='ltr'>Anthimum</span> <span class='ocrx_word' id='word_1_259' title='bbox 474 3773 634 3852; x_wconf 81' lang='lat' dir='ltr'>inveniret</span> <span class='ocrx_word' id='word_1_260' title='bbox 667 3771 832 3850; x_wconf 76' lang='lat' dir='ltr'>Agapetus</span> <span class='ocrx_word' id='word_1_261' title='bbox 867 3766 949 3845; x_wconf 84' lang='lat' dir='ltr'>Papa</span> <span class='ocrx_word' id='word_1_262' title='bbox 983 3769 1193 3829; x_wconf 87' lang='lat' dir='ltr'>haereticum.</span> <span class='ocrx_word' id='word_1_263' title='bbox 1216 3766 1368 3847; x_wconf 85' lang='lat' dir='ltr'>Cumque</span> 
     </span>
    </p>
   </div>
   <div class='ocr_carea' id='block_1_4' title="bbox 250 3866 1367 4254">
    <p class='ocr_par' dir='ltr' id='par_1_7' title="bbox 250 3866 1367 4254">
     <span class='ocr_line' id='line_1_36' title="bbox 250 3866 1366 3950; baseline -0.004 -17"><span class='ocrx_word' id='word_1_264' title='bbox 250 3873 414 3934; x_wconf 88' lang='lat' dir='ltr'>eontentio</span> <span class='ocrx_word' id='word_1_265' title='bbox 436 3880 621 3936; x_wconf 81' lang='lat' dir='ltr'>verteretur</span> <span class='ocrx_word' id='word_1_266' title='bbox 641 3889 714 3935; x_wconf 88' lang='lat' dir='ltr'>cum</span> <span class='ocrx_word' id='word_1_267' title='bbox 739 3871 887 3950; x_wconf 74' lang='lat' dir='ltr'>Augusto</span> <span class='ocrx_word' id='word_1_268' title='bbox 914 3874 946 3929; x_wconf 93' lang='lat' dir='ltr'>et</span> <span class='ocrx_word' id='word_1_269' title='bbox 968 3866 1113 3947; x_wconf 76' lang='lat' dir='ltr'>Agapeto</span> <span class='ocrx_word' id='word_1_270' title='bbox 1148 3866 1260 3946; x_wconf 83' lang='lat' dir='ltr'>Papa,</span> <span class='ocrx_word' id='word_1_271' title='bbox 1283 3868 1366 3930; x_wconf 81' lang='lat' dir='ltr'>dixit</span> 
     </span>
     <span class='ocr_line' id='line_1_37' title="bbox 251 3968 1366 4050; baseline -0.004 -16"><span class='ocrx_word' id='word_1_272' title='bbox 251 3972 279 4034; x_wconf 91' lang='lat' dir='ltr'>ei</span> <span class='ocrx_word' id='word_1_273' title='bbox 302 3973 479 4050; x_wconf 84' lang='lat' dir='ltr'>imperator</span> <span class='ocrx_word' id='word_1_274' title='bbox 498 3971 724 4035; x_wconf 78' lang='lat' dir='ltr'>lastinianus:</span> <span class='ocrx_word' id='word_1_275' title='bbox 747 3980 803 4033; x_wconf 90' lang='lat' dir='ltr'>aut</span> <span class='ocrx_word' id='word_1_276' title='bbox 825 3970 966 4033; x_wconf 91' lang='lat' dir='ltr'>consenti</span> <span class='ocrx_word' id='word_1_277' title='bbox 989 3968 1091 4041; x_wconf 85' lang='lat' dir='ltr'>nobis,</span> <span class='ocrx_word' id='word_1_278' title='bbox 1108 3975 1166 4031; x_wconf 91' lang='lat' dir='ltr'>aut</span> <span class='ocrx_word' id='word_1_279' title='bbox 1188 3968 1289 4031; x_wconf 85' lang='lat' dir='ltr'>exilio</span> <span class='ocrx_word' id='word_1_280' title='bbox 1311 3969 1366 4030; x_wconf 89' lang='lat' dir='ltr'>de·</span> 
     </span>
     <span class='ocr_line' id='line_1_38' title="bbox 251 4068 1365 4148; baseline -0.003 -14"><span class='ocrx_word' id='word_1_281' title='bbox 251 4077 373 4148; x_wconf 89' lang='lat' dir='ltr'>portari</span> <span class='ocrx_word' id='word_1_282' title='bbox 391 4082 421 4136; x_wconf 95' lang='lat' dir='ltr'>te</span> <span class='ocrx_word' id='word_1_283' title='bbox 438 4075 563 4138; x_wconf 85' lang='lat' dir='ltr'>inciam.</span> <span class='ocrx_word' id='word_1_284' title='bbox 579 4071 669 4135; x_wconf 85' lang='lat' dir='ltr'>Tunc</span> <span class='ocrx_word' id='word_1_285' title='bbox 685 4074 767 4135; x_wconf 93' lang='lat' dir='ltr'>idem</span> <span class='ocrx_word' id='word_1_286' title='bbox 786 4072 986 4134; x_wconf 88' lang='lat' dir='ltr'>beatissimus</span> <span class='ocrx_word' id='word_1_287' title='bbox 1006 4071 1089 4147; x_wconf 77' lang='lat' dir='ltr'>i’epa</span> <span class='ocrx_word' id='word_1_288' title='bbox 1110 4068 1273 4148; x_wconf 81' lang='lat' dir='ltr'>Agepetus</span> <span class='ocrx_word' id='word_1_289' title='bbox 1289 4087 1365 4132; x_wconf 90' lang='lat' dir='ltr'>cum</span> 
     </span>
     <span class='ocr_line' id='line_1_39' title="bbox 251 4167 1367 4254; baseline 0 -21"><span class='ocrx_word' id='word_1_290' title='bbox 251 4174 369 4251; x_wconf 78' lang='lat' dir='ltr'>gaudio</span> <span class='ocrx_word' id='word_1_291' title='bbox 392 4176 566 4253; x_wconf 90' lang='lat' dir='ltr'>respondit,</span> <span class='ocrx_word' id='word_1_292' title='bbox 591 4175 698 4238; x_wconf 89' lang='lat' dir='ltr'>dicens</span> <span class='ocrx_word' id='word_1_293' title='bbox 720 4176 758 4236; x_wconf 92' lang='lat' dir='ltr'>ad</span> <span class='ocrx_word' id='word_1_294' title='bbox 784 4172 1028 4254; x_wconf 86' lang='lat' dir='ltr'>imperatorem.</span> <span class='ocrx_word' id='word_1_295' title='bbox 1048 4167 1116 4249; x_wconf 82' lang='lat' dir='ltr'>Ego</span> <span class='ocrx_word' id='word_1_296' title='bbox 1138 4171 1269 4249; x_wconf 85' lang='lat' dir='ltr'>quidem</span> <span class='ocrx_word' id='word_1_297' title='bbox 1292 4188 1367 4250; x_wconf 80' lang='lat' dir='ltr'>pee-</span> 
     </span>
    </p>
   </div>
   <div class='ocr_carea' id='block_1_5' title="bbox 0 0 1458 4784">
    <p class='ocr_par' dir='ltr' id='par_1_8' title="bbox 0 0 1458 4784">
     <span class='ocr_line' id='line_1_40' title="bbox 0 0 1458 4784; baseline 0 0"><span class='ocrx_word' id='word_1_298' title='bbox 0 0 1458 4784; x_wconf 95' lang='lat' dir='ltr'> </span> 
     </span>
    </p>
   </div>
  </div>
 </body>
</html>
