2886 4784
248 445 386 527 quilibet
407 449 507 509 nostri
530 444 657 508 arbitrii
680 452 800 516 motus,
823 441 901 522 quid
922 441 981 523 ipsi
1003 441 1118 505 debeat
1133 460 1176 505 ex
1193 441 1368 520 providen-

249 550 312 612 tiae
333 555 425 627 parte
449 547 655 627 respondere,
678 544 755 626 qnid
776 543 872 625 juxta
893 545 1128 607 connexionem
1149 561 1266 606 rernm
1283 542 1371 607 iutu-

250 666 364 715 rarunr
382 647 551 712 occiderer
575 666 638 710 non
659 646 746 728 quod
770 646 982 727 praescientia
1004 643 1062 707 Dei
1083 661 1181 708 eausa
1196 645 1239 707 sit
1253 662 1369 708 eornm

249 751 406 824 omnium,
429 767 513 829 quae
536 749 647 813 lutura
670 759 756 824 sunt,
780 758 916 828 atquae
940 748 1075 827 proprio
1097 753 1203 821 motu,
1220 746 1371 809 arbitrio·

246 868 311 930 que
332 858 443 913 nostro
465 848 613 914 enecturl
635 868 759 912 sumne.
785 849 852 913 Etsi
875 849 960 910 enim
981 847 1036 926 (id
1059 846 1154 910 modo
1180 863 1367 926 supponere

251 951 379 1030 liceat)
404 952 516 1017 lutura
538 950 626 1016 Deua
647 970 711 1014 non
732 959 964 1032 cognosceret,
987 966 1050 1012 non
1071 968 1111 1012 eo
1132 950 1242 1012 minus
1261 966 1372 1013 snmus

248 1050 409 1134 effecturi,
433 1053 512 1116 baec
535 1052 691 1132 volituri3
709 1053 805 1115 rebus
822 1061 928 1113 tamen
944 1050 973 1124 id
992 1050 1164 1113 acciditur
1183 1051 1363 1130 praescien-

250 1154 292 1215 tia
314 1153 443 1228 divina,
467 1160 503 1217 ut
524 1153 636 1216 ordine
658 1153 696 1213 ad
721 1154 863 1215 universi
895 1151 1187 1230 gubernationem,
1208 1151 1364 1232 orbisque

247 1259 366 1316 statum
390 1254 560 1317 utilissimo
582 1253 793 1334 disponantur
813 1253 962 1332 singula,
986 1253 1125 1332 quaein
1147 1258 1262 1315 nostra
1289 1257 1364 1316 aunt

251 1361 411 1434 potestate
432 1364 495 1417 etc.
519 1375 534 1412 a

300 1445 306 1449 ’
330 1453 400 1519 Hac
422 1456 523 1535 posita
545 1455 762 1529 discussione,
785 1455 810 1517 si
832 1454 993 1533 quaedam
1015 1453 1156 1517 obscura
1181 1453 1234 1517 rei
1257 1451 1368 1517 diluet·

248 1558 292 1620 lia
315 1557 486 1621 rideantur
506 1558 537 1619 io
561 1555 757 1621 Periurebou
777 1558 949 1636 exposita,
973 1558 1026 1619 bic
1047 1571 1130 1617 nora
1154 1552 1232 1619 l'uce
1263 1555 1367 1618 clare·

249 1667 352 1721 scunt.
377 1655 458 1721 ilino
473 1675 624 1737 namque,
642 1678 701 1723 nec
715 1677 808 1722 seem
821 1657 970 1734 aliunde,
984 1657 1080 1720 sicuti
1095 1656 1279 1720 roboratur
1292 1655 1368 1738 dog·

250 1774 300 1820 ma
322 1757 362 1820 de
383 1757 488 1821 diuina
512 1761 739 1840 praescientia,
759 1762 802 1823 ita
825 1759 949 1837 pariter
968 1776 1031 1820 non
1049 1758 1237 1822 infirmatur
1250 1757 1368 1822 doctri·

247 1877 286 1921 na
309 1859 348 1922 de
368 1859 473 1923 libero
494 1859 631 1924 arbitrio
643 1881 655 1939 3
676 1880 735 1924 nec
758 1860 898 1941 amplius
921 1860 997 1923 baie
1019 1860 1157 1922 arbitrio
1178 1858 1284 1923 oiiicit
1310 1858 1368 1922 Dei

249 1960 450 2040 providentia
473 1979 548 2042 erga
572 1980 622 2036 ea,
644 1981 729 2043 qnae
750 1971 823 2043 ante
838 1960 949 2025 mundi
972 1963 1238 2025 constitutionem
1256 1961 1367 2025 lutura

246 2063 451 2147 praeviderat
472 2063 503 2125 in
525 2063 638 2126 ordine
660 2064 840 2128 liberorum
863 2070 994 2125 nostrae
1017 2062 1194 2126 voluntatis
1216 2069 1368 2127 motuum

245 2171 278 2226 ct
298 2162 474 2227 effectuum
498 2164 545 2226 bis
567 2155 809 2228 succedentium
824 2185 833 2226 r
857 2165 935 2243 quin
950 2181 1010 2226 nec
1023 2171 1133 2225 nostra
1148 2162 1289 2227 libertas
1302 2164 1368 2226 lae·

245 2265 380 2327 deretur
389 2285 401 2345 3
425 2283 483 2328 nee
505 2266 609 2329 multo
631 2267 736 2329 minos
757 2267 934 2328 tolleretur
955 2273 1012 2329 aut
1034 2273 1213 2345 negaretur
1235 2265 1367 2329 divinae

245 2368 367 2447 gratiae
388 2367 550 2430 auxilium
573 2368 750 2449 unicnique
773 2368 942 2431 bominum
965 2367 1170 2448 impertitum
1193 2376 1268 2446 post
1283 2368 1368 2430 Ada-

246 2469 289 2531 mi
311 2469 453 2548 lapsum.

325 2569 428 2631 Porro
449 2587 534 2648 qnae
555 2571 586 2632 in
608 2588 635 2633 c.
652 2569 694 2633 X.
713 2568 806 2634 Tomi
829 2569 870 2633 ll.
895 2571 935 2632 de
957 2579 1073 2645 natura
1096 2570 1225 2632 animae
1248 2569 1366 2634 Christi

250 2679 283 2734 et
302 2671 334 2732 in
356 2689 384 2733 c.
402 2668 488 2733 XlX.
506 2670 545 2733 de
566 2672 746 2735 animarum
768 2672 923 2736 descensu
938 2681 970 2734 et
985 2690 1132 2746 ascensu,
1146 2680 1179 2734 et
1194 2673 1227 2734 in
1242 2689 1272 2735 c.
1292 2669 1364 2734 XX.

249 2771 289 2835 de
311 2771 457 2849 Apostoli
478 2771 570 2834 dictis
590 2773 633 2836 od
654 2771 824 2852 Ephesiose
847 2772 931 2836 sieut
949 2771 1042 2852 clepit
1066 2790 1124 2834 uos
1145 2770 1276 2850 inipso
1296 2780 1370 2835 nats

251 2869 365 2934 mundi
378 2871 643 2948 constitutionem,
661 2875 714 2937 ubi
739 2877 813 2937 item
836 2878 944 2952 egitur
960 2875 999 2936 de
1017 2881 1225 2953 praesumptu
1249 2875 1368 2936 anima·

248 2989 322 3034 rnm
351 2974 597 3050 praeexistentia
625 2973 756 3054 Origeni
782 2978 964 3056 inscripta,
981 2976 1060 3036 baec
1088 2975 1201 3037 eadem
1228 2973 1364 3037 seorsim

250 3073 409 3146 tractavi,
430 3073 652 3136 animadversa
683 3077 883 3154 potissimum
911 3077 1068 3137 varietate
1096 3075 1247 3138 lectionis
1275 3074 1364 3137 codi-

246 3193 321 3238 cum
339 3193 548 3253 graecorum,
572 3178 690 3256 quibus
710 3197 736 3239 s.
761 3175 976 3260 Hieronymus
991 3188 1023 3240 et
1040 3176 1188 3240 Rudinus
1210 3179 1261 3239 usi
1277 3184 1368 3240 sunt.

249 3275 291 3339 Et
312 3277 387 3339 binc
407 3279 530 3341 sancito
551 3281 690 3356 genuino
705 3277 826 3343 Rudini
841 3280 964 3355 codice,
980 3280 1085 3341 altero
1102 3277 1295 3358 Hieronymi
1311 3298 1367 3342 ex·

247 3377 340 3440 cluso
362 3379 482 3457 quippe
502 3377 631 3453 falsato,
654 3378 798 3459 diligenti
819 3381 952 3458 insuper
972 3397 1052 3442 cura
1075 3379 1249 3442 nonnullas
1271 3379 1369 3460 (qui-

252 3478 312 3543 bua
332 3496 429 3558 saepe
453 3480 582 3543 Auctor
604 3482 728 3560 ulitur)
750 3481 874 3544 dicendi
891 3480 1049 3544 lormuias
1070 3483 1201 3543 notavi:
1225 3464 1370 3562 quarum

249 3597 362 3642 sensus
393 3579 434 3642 ab
463 3580 694 3661 interpretibus
726 3590 928 3662 corruptus,
956 3590 1051 3645 extra
1073 3600 1165 3645 auam
1194 3584 1368 3661 genuinam

250 3681 513 3762 significationem
548 3683 723 3746 translatus
754 3692 811 3747 est.
840 3682 909 3747 Nec
940 3682 1075 3762 proinde
1105 3683 1233 3746 arbitrii
1267 3684 1368 3749 nostri

251 3782 472 3859 quaestionem
500 3785 631 3864 proprie
656 3786 863 3864 pertingum3
887 3803 945 3848 nec
967 3785 1072 3846 multo
1095 3786 1199 3846 minus
1222 3783 1367 3863 pelagia·

251 3900 391 3958 norum,
412 3893 469 3946 ant
494 3887 818 3965 semipelagianorum
851 3888 1008 3949 inducunt
1032 3887 1214 3949 doctrinam
1231 3886 1367 3967 ..sicuti

250 4001 310 4046 noc
331 3983 470 4062 iabulas,
486 4004 568 4067 quas
591 3997 716 4053 veteres
729 3987 877 4068 Origenis
898 3988 1136 4053 obtrectatores
1156 3986 1366 4050 commentati

252 4095 338 4148 aunt.

292 4173 297 4191 '
324 4183 353 4248 3.
380 4186 456 4250 ltrm
479 4188 594 4265 (sicuti
617 4193 753 4272 exposui
775 4192 806 4252 in
828 4189 929 4255 Temo
948 4190 988 4252 ll.
1005 4210 1031 4253 c.
1050 4190 1164 4269 xlll.)
1188 4190 1365 4253 consideo
