2886 4784
161 475 271 532 tantur
291 463 459 528 instantiae
481 480 541 543 pro
560 461 703 526 divortio
724 461 875 526 absoluto
898 461 982 525 inter
1001 459 1139 536 fideles,
1162 479 1201 525 ac
1223 482 1270 528 te-

161 578 246 634 tnsta
269 565 484 631 confirmatur
504 565 606 628 lectio
625 580 796 627 sacrorum
820 563 1009 628 uerborum.
1035 561 1070 627 iu
1103 563 1164 628 bac
1193 569 1272 629 enim

96 672 98 676 ’
161 671 393 750 disceptatione
415 677 446 732 et
468 667 629 748 pharisaei
648 673 685 731 et
703 665 868 747 discipuli,
880 665 998 745 singuli
1021 685 1082 746 pro
1105 676 1199 746 parte
1217 687 1275 733 sua

158 771 415 837 introducuntur
435 788 512 834 cnm
540 767 621 834 lesu
652 769 843 847 disserentes
873 767 915 830 de
941 769 1076 848 nuptiis.
1100 767 1275 851 Postquam

158 875 242 937 onim
265 873 391 951 scribae
411 879 445 935 et
467 869 630 952 pharisaei
652 867 786 933 reiutati
808 868 959 946 inerant,
979 869 1070 934 addit
1092 869 1276 937 Matthaeus

158 975 335 1054 discipulos
356 973 508 1048 subiisse,
529 971 694 1036 dicentess
716 967 813 1035 siito
833 980 879 1034 art
907 987 1006 1035 conso
1038 970 1179 1036 bertinia
1210 992 1277 1037 cont

157 1092 282 1148 acore,
305 1091 369 1136 non
389 1070 518 1153 expedit
537 1072 663 1135 nubere.
684 1069 777 1136 Unde
803 1072 1034 1148 conciuditur,
1061 1092 1127 1138 non
1159 1077 1219 1141 uisi
1240 1077 1277 1139 de

162 1177 368 1256 separatione
390 1174 524 1237 thalami
544 1174 693 1237 locutum
715 1191 785 1238 esse
804 1171 918 1238 Jesum
943 1175 975 1237 in
998 1175 1128 1241 serbis:
1152 1177 1213 1256 poi
1231 1177 1276 1239 di·

157 1276 279 1341 miserit
298 1294 428 1340 uxorem
449 1295 556 1350 mm,
576 1283 705 1355 eccepto
725 1294 823 1339 conso
843 1273 1092 1356 santonensis,
1114 1277 1194 1358 socii
1214 1298 1276 1343 eun

158 1376 328 1441 moechari.
345 1375 378 1440 Si
400 1379 484 1440 enim
506 1376 647 1452 dicatur,
663 1377 839 1457 discipulos
861 1377 959 1441 aliter
978 1380 1063 1442 dicta
1087 1379 1170 1444 Jesn
1192 1400 1275 1445 com·

161 1480 379 1560 prehendisse,
395 1496 493 1558 quam
509 1478 681 1557 bucusque
695 1480 890 1558 asserimus3
909 1488 984 1542 tunc
1004 1483 1276 1558 praesumendum

159 1589 255 1653 esset,
271 1579 400 1640 eosdem
423 1596 486 1640 non
508 1586 644 1641 tantum»
655 1596 875 1658 propugnasse
890 1580 1068 1643 divortium
1083 1581 1272 1644 absolutum

159 1685 202 1746 ob
224 1683 337 1743 uxoris
364 1680 576 1753 adulterium,
596 1680 651 1742 sed
683 1681 725 1743 ob
750 1699 990 1762 quemcumque
1018 1699 1152 1747 causam
1182 1684 1275 1745 etiam

160 1783 343 1846 minimam:
366 1781 454 1860 quod
478 1783 532 1844 vix
550 1781 725 1861 probatur.

239 1879 291 1944 Ex
312 1881 486 1961 praemissa
516 1899 592 1944 sane
622 1884 810 1961 quaestione
839 1889 902 1944 tam
932 1881 1016 1958 sibi,
1044 1899 1147 1962 quam
1170 1885 1273 1964 pbari·

28 2044 45 2082 4
157 1988 239 2050 saeis
261 1987 336 2064 ipsis
358 1985 547 2048 constiterat
567 1984 762 2047 dominicum
783 1984 973 2047 mandalum
988 1984 1029 2046 de
1050 1987 1207 2049 connubii
1231 1989 1273 2051 in·

158 2086 380 2150 solubilitater
397 2106 414 2145 s
430 2083 503 2150 Non
525 2086 609 2148 enim
630 2085 785 2148 dixerunt
805 2086 834 2148 ei
855 2086 1015 2166 pbarisaei
1032 2087 1152 2166 (inquit
1173 2088 1273 2172 Gbry-

159 2188 334 2263 sostomnsi
352 2188 474 2269 jussisti
498 2205 637 2251 uxorem
657 2205 721 2250 non
749 2186 922 2251 dimittere.
944 2185 1018 2252 Jatn
1040 2191 1128 2253 enim
1150 2191 1191 2254 de
1213 2193 1267 2253 bac

158 2290 231 2370 lege
252 2289 451 2351 disseruerat
471 2285 579 2352 Iesus.
601 2306 618 2345 a
641 2285 737 2363 Quod
760 2287 843 2351 idem
871 2287 1062 2352 emmonim
1090 2289 1270 2354 alexandri·

162 2408 222 2452 nus
243 2390 288 2452 ait
311 2389 421 2468 (spud
443 2388 651 2453 Ottomarum
668 2386 879 2463 Lasciuium)
898 2389 939 2451 de
960 2391 1021 2454 bae
1049 2393 1197 2470 captiosa
1217 2392 1270 2454 sci·

159 2492 328 2554 scitatione
350 2491 619 2570 pharisaeorum:
635 2487 831 2554 «Futurum
854 2493 939 2565 rati,
962 2499 999 2555 ut
1018 2495 1046 2555 si
1070 2494 1270 2574 permitteret

159 2593 358 2665 divortium,
381 2610 491 2655 seeum
514 2610 658 2672 pugnare
681 2592 847 2655 videretur
867 2591 982 2667 iesus,
1005 2594 1062 2673 qni
1099 2594 1267 2674 repudium

159 2694 273 2755 vetnit.
297 2691 351 2754 Sin
373 2701 518 2772 negaret,
541 2696 573 2755 in
595 2691 712 2773 Legem
735 2696 908 2756 mosaicam
924 2695 1141 2774 delinqueret.
1159 2714 1176 2753 o
1195 2695 1266 2758 item

160 2794 246 2872 apud
271 2791 520 2857 Hammondium
542 2793 683 2858 ioannes
703 2793 850 2858 Clericus
880 2795 910 2857 in
944 2795 1030 2857 bunc
1061 2796 1207 2859 advertit
1227 2797 1267 2858 ln·

160 2912 258 2958 cnm:
283 2894 375 2959 «Sed
398 2897 590 2959 audiverant
610 2896 736 2958 scribae
757 2895 841 2959 iorte
857 2915 879 2958 -a
902 2893 1032 2960 Christo
1052 2897 1204 2961 damnari
1226 2896 1268 2958 di-

162 2995 327 3058 vortinm:
350 2997 437 3075 quod
462 3014 576 3058 rernm
598 3005 681 3069 erat,
705 3003 741 3059 ut
762 2995 866 3075 liquet
886 3015 927 3059 ex
949 3013 976 3059 c.
993 2994 1032 3058 V.
1050 2998 1265 3078 volebantque

157 3096 453 3160 binc·oceasionem
475 3098 622 3176 arripere
644 3098 781 3160 inrisum
805 3097 939 3159 iaciendi
961 3115 1037 3161 eum
1061 3099 1201 3178 populo,
1217 3098 1265 3178 qui

159 3198 189 3259 ei
221 3199 268 3261 rei
300 3208 448 3261 assuetus
480 3207 562 3261 erat.
586 3218 603 3256 n
625 3197 775 3261 Sciebant
795 3212 933 3279 namque
956 3199 1118 3278 pharisaei
1142 3199 1267 3277 (subdit

159 3293 319 3376 Georgius
351 3296 639 3378 Rosenmiillerus)
662 3317 679 3360 a
702 3298 830 3364 Cbristn
857 3301 1034 3380 improbari
1066 3301 1265 3373 disortium,

160 3400 246 3477 quod
273 3397 347 3479 Legi
370 3398 494 3484 Moysis
517 3402 717 3463 contrarium
740 3420 808 3466 esse
829 3403 995 3481 putabant.
1018 3421 1035 3461 n

241 3499 274 3565 Si
296 3502 398 3580 igitur
418 3502 543 3565 scribae
565 3510 597 3565 et
618 3503 778 3582 pharisaei
799 3502 919 3567 Christi
944 3507 1138 3569 senteutiam
1161 3505 1202 3569 de
1224 3521 1267 3583 pe·

158 3603 248 3665 renni
276 3604 417 3685 conjugii
441 3604 570 3667 vinculo
598 3607 825 3683 conceperint,
848 3615 881 3668 et
901 3606 943 3668 nb
965 3606 1026 3668 boo
1047 3606 1266 3686 disputantes,

157 3703 286 3767 insidias
306 3707 335 3766 ei
357 3711 563 3781 struxerunt,
580 3714 617 3769 ut
631 3707 735 3784 ipsum
757 3716 910 3784 caperent
925 3707 956 3769 in
971 3723 1147 3771 sermone:
1171 3722 1266 3794 quare

158 3805 325 3883 Apostoli,
343 3807 430 3885 quod
455 3807 615 3885 pharisaei
636 3817 805 3882 noverant,
827 3808 1025 3886 ignorantes,
1048 3816 1115 3873 tans
1142 3805 1264 3871 solliciti

158 3911 288 3985 tamque
310 3909 441 3980 mirati,
465 3909 556 3988 quasi
579 3926 743 3990 nunqnam
767 3910 805 3971 de
827 3910 887 3973 ban
909 3909 1101 3974 relocatus
1123 3910 1171 3972 eis
1194 3909 1264 3972 inis·

156 4013 216 4079 set,
233 4008 345 4071 dicunt
368 4012 410 4083 ei,
425 4009 456 4073 si
476 4009 552 4073 tatis
574 4019 618 4072 cst
639 4008 822 4073 consopiri
842 4029 914 4074 cum
935 4026 1047 4086 neore,
1067 4028 1132 4076 non
1152 4010 1268 4091 expedit

48 4113 50 4117 ’
157 4105 303 4171 nubere?
325 4130 430 4191 coque
452 4114 563 4193 magis,
580 4114 667 4193 qnod
690 4114 748 4193 ipsi
770 4114 915 4193 qnotidie
937 4111 1077 4178 Domino
1111 4115 1265 4180 adstantes

159 4209 229 4287 ejus
252 4212 430 4274 doctrinam
454 4215 640 4291 audierint,
671 4233 745 4278 oum
775 4216 805 4277 id
839 4215 1017 4294 pharisaeis
1048 4233 1113 4279 non
1144 4230 1265 4295 semper

161 4313 369 4389 contingeret.
