2886 4784
157 463 223 526 nne
246 443 423 524 perdurat)
451 446 609 526 probatur
645 457 780 525 quoqne
812 442 853 506 ab
884 438 1123 507 incusationum
1152 439 1252 508 ordint.

162 537 337 609 laconice
361 545 464 609 Photii
485 547 609 626 legitur
632 547 789 626 plurimas
812 545 1027 625 blasphemias
1059 547 1210 608 contineri
1232 548 1278 614 in¹

162 646 360 709 Perinrchon
382 647 486 708 libris.
511 645 590 710 item
613 649 764 726 inquiunt
785 644 985 727 Theophilus
1007 656 1040 710 et
1061 645 1258 731 Hieronymus

161 750 193 812 in
216 747 264 810 his
286 749 377 811 libris
400 749 542 827 plurima
566 751 628 828 legi
653 749 838 828 blasphema
861 757 893 812 et
913 749 1113 812 detestanda.
1128 745 1263 811 Similiter

166 846 354 929 Pamphilus
376 852 420 911 ait
441 851 471 911 iu
494 851 613 912 eisdem
631 851 726 929 plura
749 850 941 930 reprehendi
962 849 1172 930 ablOrigenis
1193 850 1263 913 calu·

168 933 380 1012 mniatoribus
405 949 506 1012 veluti
530 951 640 1028 impia.

253 1050 288 1111 lu
307 1048 428 1113 Codice
452 1048 558 1111 Photii
581 1052 621 1111 ab
644 1051 733 1112 initio
754 1050 900 1129 legitur,
922 1051 952 1112 in
979 1053 1092 1131 primis
1113 1051 1268 1131 Origenen

167 1151 420 1232 blasphemasse,
444 1163 641 1214 asserentem
659 1149 783 1214 Filium
798 1172 818 1213 n
838 1152 932 1215 Patre
951 1156 1085 1233 suctum.
1110 1152 1189 1216 item
1211 1151 1271 1215 llis·

166 1268 322 1334 ronymus
344 1255 374 1314 in
397 1252 532 1328 epistola
555 1251 598 1317 ad
619 1250 779 1322 Avitum,
803 1252 865 1314 hoc
896 1270 1049 1316 errorum
1069 1254 1269 1318 summarium

48 1438 53 1443 .
167 1360 338 1430 repetens,
361 1353 402 1413 ab
424 1371 463 1414 eo
487 1353 616 1431 incipit:
644 1349 807 1414 Christum
829 1350 951 1415 Filium
986 1351 1045 1415 Dei
1075 1372 1142 1416 non
1173 1363 1269 1418 notun

166 1472 245 1527 esse,
264 1453 319 1513 scd
340 1455 476 1532 factum,
497 1455 591 1516 docet
612 1453 779 1532 Origenes.
804 1451 835 1516 S.
853 1453 1041 1534 Pamphilus
1063 1473 1165 1535 porro
1186 1474 1225 1518 ex
1242 1455 1271 1516 li·

168 1554 264 1617 bellis
288 1553 417 1616 ramosis
439 1556 595 1633 colligens
617 1557 720 1633 capita
745 1557 1033 1630 insimulationum,
1051 1557 1135 1618 hauc
1150 1559 1269 1637 primun

168 1656 332 1722 collocat:
356 1653 469 1718 Prima
490 1655 553 1717 itta
572 1665 629 1731 est,
654 1658 769 1735 inquit,
801 1657 886 1737 quod
914 1656 1008 1737 ajunt
1036 1675 1108 1720 cum
1141 1656 1271 1720 innatun

167 1756 268 1820 dicere
292 1756 413 1836 Filiam
436 1757 502 1819 Dei.
527 1757 610 1822 Hinc
632 1760 763 1834 inieras,
787 1778 872 1839 quae
894 1759 1063 1822 inferenda
1085 1764 1190 1824 sunl·—

248 1857 295 1921 De
318 1858 458 1939 reliquo,
481 1879 544 1922 uon
566 1880 606 1925 ex
631 1862 783 1941 praetatis
807 1871 931 1922 tantum
952 1860 1268 1924 animadversionibus

169 1960 380 2042 improbanda
404 1980 472 2023 esse
496 1962 647 2025 ridentur
668 1961 839 2040 Theophili
855 1970 886 2025 et
901 1958 1094 2046 Hieronymi
1118 1979 1269 2043 argumen

171 2072 201 2127 ta
223 2064 380 2126 adversus
401 2063 575 2142 Origenem
597 2083 638 2127 ex
663 2063 873 2140 Pericrebon,
895 2064 1034 2144 aliisque
1055 2065 1125 2127 suis
1147 2062 1269 2127 tractati·

37 2167 40 2176 '
83 2235 85 2238 Α
170 2148 229 2226 bus
251 2172 364 2226 eruta:
387 2164 442 2224 sed
465 2164 564 2241 magis
585 2164 756 2227 amborum
782 2163 892 2226 illusio
914 2162 1144 2226 manifestatur
1165 2160 1269 2226 rumai

169 2265 304 2327 illorum
327 2263 534 2325 instabilitate
556 2264 587 2324 in
604 2264 778 2345 judicanda
802 2266 956 2328 Auctoris
978 2263 1141 2342 doctriua,
1157 2278 1268 2327 eumer

169 2368 408 2445 consequentiis
429 2365 577 2428 absurdis
599 2367 640 2428 ab
661 2386 776 2430 eorum
796 2367 919 2448 iudicio
936 2368 1118 2429 necessarie
1132 2365 1269 2429 deductis.

168 2465 261 2532 Unde
281 2468 371 2540 nobis
392 2467 481 2529 aliud
503 2468 682 2531 subsidium
706 2469 876 2532 confertur
898 2468 1070 2547 reparandi
1094 2463 1268 2530 causedici

170 2570 376 2649 origenianae
398 2567 628 2648 iutegritatem.

249 2669 449 2749 Theophilus
472 2672 592 2736 dicitur
614 2681 707 2736 antea
723 2672 872 2753 Origenis
894 2677 1053 2753 patronas
1076 2672 1186 2747 luisse,
1203 2671 1269 2733 dein·

168 2774 208 2835 de
229 2774 470 2838 infensissimus.
495 2776 541 2837 Ac
565 2787 673 2854 postea
695 2794 771 2838 cum
794 2777 1013 2854 deprehensus
1028 2783 1113 2837 esset
1129 2775 1161 2836 ln
1176 2774 1267 2835 lectio·

168 2895 207 2939 ue
228 2894 363 2940 snorum
387 2879 560 2952 librorum,
584 2878 764 2956 respondit,
783 2886 878 2956 prato
897 2874 1028 2955 {loribus
1049 2874 1171 2938 consite
1199 2868 1266 2936 sini

169 2978 213 3039 les
233 2998 295 3040 esse
316 2979 411 3042 libros
428 2977 588 3059 Oripenis,
604 2980 762 3058 decerpere
777 2999 821 3053 se,
835 2996 916 3057 qnae
927 2977 1069 3058 pulchra
1084 2986 1178 3049 sunt,·
1193 2989 1263 3054 quob

166 3079 307 3158 spinosa,
323 3081 515 3161 praeterire:
538 3093 632 3160 atque
653 3079 688 3144 id
707 3081 851 3144 otnnibns
865 3076 1031 3159 offensioni
1042 3079 1154 3157 fuisse.
1175 3076 1265 3139 illurn·

170 3200 285 3264 aymus
308 3187 406 3256 item,
439 3204 513 3246 cum
544 3186 632 3262 prius
655 3202 770 3245 nornen
792 3193 824 3245 et
844 3183 1026 3244 doctrinam
1049 3181 1198 3260 Origonis
1217 3192 1263 3240 ma·

170 3284 340 3362 gnificarit,
359 3275 624 3360 deiude,mutata
640 3287 808 3357 sententia,
827 3293 1006 3361 utrumque
1024 3283 1203 3363 vilipendit.
1218 3276 1265 3341 Nisi

172 3387 282 3463 quod,
306 3405 379 3448 cum
403 3388 497 3462 plura
522 3389 650 3466 legisset
671 3389 702 3446 in
724 3387 789 3447 suis
811 3386 901 3446 libris
924 3384 1109 3447 orthodoxe
1134 3388 1265 3447 tractata,

174 3486 386 3547 differentiam
409 3498 440 3549 et
463 3490 541 3566 ipse,
564 3490 649 3548 sicut
671 3485 889 3565 Theophilus,
914 3488 1048 3557 statuit,
1074 3504 1159 3547 nunc
1180 3482 1265 3545 oribe

171 3588 291 3650 doxam
313 3598 344 3650 et
366 3592 449 3667 piam
473 3570 671 3665 compellans
694 3589 791 3667 ipsius
814 3588 1018 3659 doctrinam,
1044 3586 1140 3648 modo
1163 3587 1265 3646 heloro·

172 3687 290 3751 doxam
313 3698 345 3752 et
367 3692 508 3768 impiam.
533 3688 567 3751 ln
589 3689 724 3768 epistola
740 3689 777 3748 ad
802 3687 1085 3768 Tranquilliuum:
1104 3704 1190 3748 nnec
1204 3676 1265 3743 enin

174 3791 230 3866 ait,
252 3801 379 3871 propter
401 3791 576 3854 doctrinam
596 3791 678 3872 ejus,
691 3810 794 3871 prava
815 3786 1018 3868 suscipienda
1033 3797 1111 3850 sunt
1127 3789 1266 3868 dopmnis:

176 3910 231 3954 nee
249 3901 379 3972 propter
400 3895 578 3973 doprnetnm
597 3890 810 3972 pravitatem,
843 3887 952 3969 siquos
982 3885 1220 3950 caramentnrins
1245 3877 1270 3941 t't

175 3990 359 4073 Scripturas
380 4003 508 4057 sanctus
531 3990 622 4054 utiles
645 3992 756 4067 edidit,
774 3990 903 4072 penitus
923 3989 1106 4068 respuendi.
1130 4007 1147 4045 n
1173 3988 1205 4049 ln
1223 3981 1268 4046 alla

176 4094 309 4171 epistola
332 4091 381 4158 bl.
406 4096 444 4157 ad
468 4092 676 4172 Vigilantiam
700 4092 829 4156 subdit:
853 4113 869 4151 «
891 4089 995 4171 Neque
1005 4088 1100 4183 'enim
1131 4085 1179 4150 ita
1207 4081 1270 4146 delt-

175 4213 244 4258 mas
265 4195 346 4259 donc
366 4196 432 4277 ejus
452 4195 610 4274 recipere,
634 4204 669 4256 nt
689 4197 774 4259 mnia
795 4213 915 4277 quoqne
945 4193 1102 4273 suscipere
1129 4199 1270 4271 conamur·
