2886 4784
74 500 109 579 ²:
164 509 263 587 ipsius
286 504 504 568 constitutum
529 504 750 567 novissimum.
775 504 808 566 ln
832 506 937 585 primo
959 505 1168 573 damnatores
1190 510 1269 592 Capi·

91 689 94 694 ἦ
168 610 313 672 tulorum
337 616 430 686 rogat
453 615 489 669 ut
511 607 689 685 intelligant
711 616 742 670 et
764 619 957 685 cognoscant
972 632 980 674 a
998 632 1014 672 a
1033 612 1124 691 qood
1139 614 1270 694 egerint,

164 719 196 772 et
216 709 353 771 sentiant
374 728 408 770 se
430 708 470 768 ab
492 724 528 769 ea
554 706 696 791 Ecclesia
716 710 890 787 praecisos,
910 711 1005 792 cujus
1020 711 1168 787 decreta,
1185 731 1270 795 qnan-

164 820 231 875 tum
257 814 287 874 in
309 811 384 889 ipsis
405 819 464 882 est,
488 811 719 884 convellentes,
745 812 985 875 haereticorum
1008 832 1042 876 ae
1064 816 1219 891 catervis,
1237 815 1269 877 la·

167 915 270 975 vendo
292 930 408 976 eorum
433 913 536 987 votis,
561 913 769 990 pertinaciter
791 923 1019 993 aggregarunt.
1033 915 1211 997 siquidem
1241 917 1271 980 ab

166 1015 336 1082 haereticis
358 1014 535 1094 acephalis,
552 1013 634 1076 idest
655 1017 941 1094 semiantichiania,
958 1019 1120 1097 exquisita
1134 1029 1176 1082 et
1198 1019 1269 1082 clici·

76 1167 80 1173 .
165 1125 195 1179 ta
218 1115 445 1196 Capitulornm
467 1115 656 1189 damnatio,
679 1124 713 1178 et
734 1112 842 1195 Vigilii
860 1124 963 1195 utque
988 1115 1108 1198 Pelagii
1135 1137 1269 1183 romano·

168 1235 240 1280 rum
256 1215 589 1295 'praevaricatorum
613 1226 644 1279 et
669 1215 814 1287 Primasii
838 1217 991 1301 byzaceni
1024 1221 1194 1300 praecipui
1225 1221 1266 1283 do·

164 1319 263 1382 ctoris
284 1319 543 1398 acephalorum,
567 1319 650 1382 edita
682 1329 794 1382 contra
826 1318 1003 1383 Ecclesiam
1032 1323 1152 1404 scripta
1176 1331 1265 1405 prote·

166 1427 345 1482 stantun.»

245 1520 327 1584 Cum
349 1522 379 1583 in
403 1523 449 1585 bis
472 1523 563 1588 dictis
585 1521 755 1600 Facundos
774 1524 901 1588 vellicet
918 1529 1110 1605 praesertim
1126 1523 1263 1606 Vigilinn

166 1630 196 1683 et
221 1621 386 1702 Pelagium
411 1623 435 1684 l.
458 1624 534 1703 qnid
559 1625 616 1686 sibi
642 1626 731 1698 vult,
756 1643 847 1704 rogo·
865 1644 948 1705 ego,
977 1626 1059 1691 illud
1086 1628 1263 1691 vocabulum

162 1721 381 1803 pertinaciter,
404 1727 460 1786 nisi
484 1728 570 1805 quod
595 1746 635 1788 rix
658 1738 745 1788 certa
768 1728 898 1789 scientia
916 1729 1055 1802 noverit,
1072 1730 1186 1792 ambos
1201 1729 1264 1793 eon

167 1826 266 1901 illices
289 1835 319 1889 et
342 1831 482 1891 maxime
504 1827 657 1907 vigilium
680 1837 751 1906 post
772 1848 867 1891 snum
892 1830 921 1890 in
945 1827 1065 1893 Urbem
1089 1829 1263 1912 regional-

167 1940 320 2005 ventnm,
343 1932 526 2010 subscripto
548 1929 700 1993 iudicato
723 1932 753 1992 iu
777 1932 874 1992 trium
897 1930 1127 2010 Capitulornm
1154 1934 1263 1996 damur·

165 2034 298 2108 tionem,
322 2051 498 2114 numquam
522 2041 630 2112 postea
655 2035 839 2113 resipuisse,
863 2052 921 2096 nec
944 2048 1087 2114 unquam
1110 2044 1264 2098 retractas·

164 2154 210 2210 se,
233 2155 291 2200 nec
313 2138 522 2211 emendasse,
546 2154 604 2197 nec
626 2134 817 2199 dubitasse?
839 2136 886 2200 Ac
908 2137 1041 2215 insuper
1062 2157 1137 2200 cnm
1163 2138 1262 2200 ibidem

166 2234 340 2301 Facundus
356 2237 469 2318 ·Vigilii
492 2240 610 2318 scripta
633 2239 775 2319 appellet
798 2240 829 2300 in
852 2240 1069 2303 testimonium
1093 2241 1182 2305 illius
1205 2256 1261 2320 per·

104 2387 111 2394 .
166 2339 305 2401 vicaciae
316 2359 328 2417 ;
350 2340 516 2419 quomodo
536 2340 690 2402 sumenda
714 2347 809 2401 erunt
832 2341 968 2417 genuina
988 2347 1016 2401 et
1034 2341 1216 2405 authentica
1233 2354 1260 2399 aa

165 2438 328 2504 pontilicis
346 2441 396 2502 vel
411 2439 551 2502 aliorum
574 2440 780 2512 documenta,
799 2442 829 2502 in
846 2441 963 2519 quibus
979 2441 1100 2502 dicitnr
1115 2442 1181 2521 ipse
1195 2454 1261 2504 nanc

165 2543 225 2602 tria
249 2540 397 2619 Capitale
422 2541 585 2619 probasse,
607 2541 702 2602 modo
724 2541 950 2602 condemnasse
962 2560 974 2618 ;
997 2549 1028 2602 ct
1050 2559 1136 2604 nunc
1151 2555 1263 2619 suspen·

165 2645 268 2718 disse,
293 2643 388 2722 modo
412 2653 614 2722 temperasse·
627 2643 815 2704 decretum:
839 2643 935 2703 modo
958 2642 1031 2704 illos
1065 2643 1262 2705 condemnans

165 2747 221 2824 qni
241 2764 278 2808 ea
302 2745 498 2819 relntabant,
521 2762 606 2806 nnnc
628 2748 683 2822 qui
707 2763 742 2804 ea
766 2741 1007 2806 defendebant?
1120 2788 1130 2799 ,

245 2847 371 2911 Rursus
393 2849 477 2923 dico,
498 2849 574 2908 satis
595 2846 653 2907 sibi
678 2845 824 2908 utilitatis
846 2852 1066 2923 comparasset
1089 2843 1258 2914 Facundus,

163 2953 188 3013 si
212 2969 312 3014 unum
336 2950 557 3012 tantummodo
580 2968 619 3010 ex
644 2949 692 3009 his
714 2948 914 3010 documentis
936 2951 1111 3026 genuinum
1146 2946 1259 3030 objecis-

162 3062 223 3127 set,
239 3063 274 3114 ιιι
298 3053 438 3131 vigiliani
462 3052 581 3113 decreti
606 3052 811 3112 imminueret
833 3053 1063 3112 auctoritatem
1086 3068 1196 3113 coram
1215 3043 1260 3108 lle

164 3156 272 3217 elesia.
297 3155 445 3216 Attamen
469 3150 641 3214 Facundus
663 3170 680 3212 a
707 3150 868 3214 Pontificis
888 3151 1015 3229 scriptis
1049 3151 1131 3214 hauc
1165 3149 1259 3219 tollens

163 3256 402 3319 instabilitatem
424 3262 457 3315 et
478 3254 775 3324 contradictionem,
793 3253 880 3315 illins
898 3255 1107 3330 pertinaciam
1123 3255 1260 3328 increpat

163 3362 195 3420 in
217 3358 254 3419 iis
275 3356 431 3435 Capitulis
454 3355 773 3416 anathematizandis.

243 3459 415 3521 Praeterea
438 3477 479 3519 ea
502 3458 561 3518 hac
583 3458 715 3536 epistola
739 3457 833 3517 sicuti
861 3476 901 3516 ca
934 3453 1029 3516 Libro
1063 3463 1176 3516 contra
1206 3449 1258 3514 tta

162 3561 290 3623 ciannm
312 3568 345 3620 et
365 3560 396 3620 in
418 3557 489 3619 aliis
512 3558 550 3617 ad
573 3556 791 3620 lastinianum
815 3556 1007 3635 intelligitur
1028 3555 1194 3633 quomodo
1214 3547 1259 3611 l'a·

162 3663 287 3724 nundus
309 3662 348 3722 de
370 3658 555 3724 Iudicatna
574 3657 692 3738 Vigilio
714 3659 897 3736 subscripto
920 3657 1079 3733 adversus
1103 3656 1163 3718 tria
1186 3649 1258 3728 Capi·

162 3761 245 3838 tnla,
270 3763 323 3824 vix
346 3760 653 3836 Constantinopolim
677 3762 864 3827 advenerat,
889 3754 1067 3834 disputans,
1085 3759 1129 3818 ait
1149 3755 1258 3818 velue·

160 3867 224 3928 lius
246 3865 409 3944 supponit,
434 3864 520 3941 qnod
546 3863 643 3940 vulgo
667 3862 849 3933 dicebatur,
867 3857 1055 3921 Pontificem
1076 3857 1127 3919 vel
1149 3876 1187 3920 ex
1208 3849 1259 3931 pol·

158 3958 390 4028 licitationibus
412 3963 595 4027 Justiniano
621 3964 725 4036 lactis,
748 3971 805 4024 ant
828 3942 1080 4031 ex‘ve'nalitate,
1105 3958 1156 4020 vel
1179 3948 1257 4016 arabi·

161 4068 258 4140 tione,
280 4068 349 4127 sive
370 4083 411 4126 ex
434 4067 628 4144 ignorantia,
651 4084 707 4127 seu
731 4083 771 4124 ex
796 4062 960 4134 violantia,
975 4059 1196 4121 anathematis
1213 4051 1255 4112 olr

159 4167 299 4244 signasse
321 4165 499 4228 decretum.
526 4162 572 4226 lta
595 4182 682 4239 sane,
705 4164 800 4227 sicuti
824 4163 863 4224 de
884 4162 956 4223 aliis
978 4161 1152 4240 episcopis,
1174 4151 1253 4232 fingit.

164 4266 391 4347 Nihilominus,
415 4277 584 4348 postquam
607 4264 958 4348 Vigiliussubacripsit
983 4251 1254 4337 anathemati-lt·
