<?xml version="1.0" encoding="UTF-8"?>
<!DOCTYPE html PUBLIC "-//W3C//DTD XHTML 1.0 Transitional//EN"
    "http://www.w3.org/TR/xhtml1/DTD/xhtml1-transitional.dtd">
<html xmlns="http://www.w3.org/1999/xhtml" xml:lang="en" lang="en">
 <head>
  <title>
</title>
<meta http-equiv="Content-Type" content="text/html;charset=utf-8" />
  <meta name='ocr-system' content='tesseract 3.04.00' />
  <meta name='ocr-capabilities' content='ocr_page ocr_carea ocr_par ocr_line ocrx_word'/>
</head>
<body>
  <div class='ocr_page' id='page_1' title='image "./insgregoriinyss00vincgoog/insgregoriinyss00vincgoog_0292.png"; bbox 0 0 2886 4784; ppageno 0'>
   <div class='ocr_carea' id='block_1_1' title="bbox 1225 352 1268 422">
    <p class='ocr_par' dir='ltr' id='par_1_1' title="bbox 1225 352 1268 422">
     <span class='ocr_line' id='line_1_1' title="bbox 1225 352 1268 422; baseline 0 0"><span class='ocrx_word' id='word_1_1' title='bbox 1225 352 1268 422; x_wconf 76' lang='lat'><strong><em>97</em></strong></span> 
     </span>
    </p>
   </div>
   <div class='ocr_carea' id='block_1_2' title="bbox 140 457 1355 3683">
    <p class='ocr_par' dir='ltr' id='par_1_2' title="bbox 140 457 1338 1564">
     <span class='ocr_line' id='line_1_2' title="bbox 227 457 1267 541; baseline -0.004 -17"><span class='ocrx_word' id='word_1_2' title='bbox 227 457 317 524; x_wconf 85' lang='lat' dir='ltr'><strong><em>llaec</em></strong></span> <span class='ocrx_word' id='word_1_3' title='bbox 337 479 413 524; x_wconf 88' lang='lat' dir='ltr'><strong><em>saue</em></strong></span> <span class='ocrx_word' id='word_1_4' title='bbox 434 460 603 539; x_wconf 86' lang='lat' dir='ltr'><strong><em>protereus</em></strong></span> <span class='ocrx_word' id='word_1_5' title='bbox 627 459 833 541; x_wconf 75' lang='lat' dir='ltr'><strong>Pamphilus,</strong></span> <span class='ocrx_word' id='word_1_6' title='bbox 857 467 893 523; x_wconf 88' lang='lat' dir='ltr'><strong><em>n&#39;t</em></strong></span> <span class='ocrx_word' id='word_1_7' title='bbox 914 459 1175 523; x_wconf 69' lang='lat' dir='ltr'><strong>obtrectatorum</strong></span> <span class='ocrx_word' id='word_1_8' title='bbox 1208 477 1267 522; x_wconf 87' lang='lat' dir='ltr'><strong><em>ora</em></strong></span> 
     </span>
     <span class='ocr_line' id='line_1_3' title="bbox 140 560 1268 642; baseline -0.004 -16"><span class='ocrx_word' id='word_1_9' title='bbox 140 563 389 626; x_wconf 86' lang='lat' dir='ltr'><strong><em>obstrueret&#39;in</em></strong></span> <span class='ocrx_word' id='word_1_10' title='bbox 410 563 609 642; x_wconf 76' lang='lat' dir='ltr'>origenem,</span> <span class='ocrx_word' id='word_1_11' title='bbox 642 563 856 626; x_wconf 91' lang='lat' dir='ltr'><strong><em>conditionem</em></strong></span> <span class='ocrx_word' id='word_1_12' title='bbox 889 560 1155 623; x_wconf 83' lang='lat' dir='ltr'><strong><em>adversariorum</em></strong></span> <span class='ocrx_word' id='word_1_13' title='bbox 1188 577 1268 622; x_wconf 85' lang='lat' dir='ltr'><strong><em>suae</em></strong></span> 
     </span>
     <span class='ocr_line' id='line_1_4' title="bbox 140 651 1268 746; baseline -0.005 -18"><span class='ocrx_word' id='word_1_14' title='bbox 140 669 264 728; x_wconf 87' lang='lat' dir='ltr'><strong><em>aetatis</em></strong></span> <span class='ocrx_word' id='word_1_15' title='bbox 287 667 510 729; x_wconf 91' lang='lat' dir='ltr'><strong><em>tantummodo</em></strong></span> <span class='ocrx_word' id='word_1_16' title='bbox 532 651 683 746; x_wconf 81' lang='lat' dir='ltr'><strong><em>pertingit</em></strong></span> <span class='ocrx_word' id='word_1_17' title='bbox 706 674 768 728; x_wconf 90' lang='lat' dir='ltr'><strong><em>tam</em></strong></span> <span class='ocrx_word' id='word_1_18' title='bbox 789 684 878 728; x_wconf 84' lang='lat' dir='ltr'><strong><em>exse</em></strong></span> <span class='ocrx_word' id='word_1_19' title='bbox 894 681 991 744; x_wconf 86' lang='lat' dir='ltr'><strong><em>quam</em></strong></span> <span class='ocrx_word' id='word_1_20' title='bbox 1009 682 1050 724; x_wconf 80' lang='lat' dir='ltr'><strong><em>ex</em></strong></span> <span class='ocrx_word' id='word_1_21' title='bbox 1066 662 1200 725; x_wconf 88' lang='lat' dir='ltr'><strong><em>illerum</em></strong></span> <span class='ocrx_word' id='word_1_22' title='bbox 1220 663 1268 722; x_wconf 92' lang='lat' dir='ltr'><strong><em>di-</em></strong></span> 
     </span>
     <span class='ocr_line' id='line_1_5' title="bbox 140 764 1269 851; baseline -0.004 -23"><span class='ocrx_word' id='word_1_23' title='bbox 140 767 221 842; x_wconf 88' lang='lat' dir='ltr'><strong><em>ctis,</em></strong></span> <span class='ocrx_word' id='word_1_24' title='bbox 238 768 387 846; x_wconf 89' lang='lat' dir='ltr'><strong><em>iniquum</em></strong></span> <span class='ocrx_word' id='word_1_25' title='bbox 408 767 525 851; x_wconf 90' lang='lat' dir='ltr'><strong><em>horum</em></strong></span> <span class='ocrx_word' id='word_1_26' title='bbox 544 767 704 846; x_wconf 85' lang='lat' dir='ltr'><strong><em>judicium</em></strong></span> <span class='ocrx_word' id='word_1_27' title='bbox 727 766 908 840; x_wconf 88' lang='lat' dir='ltr'><strong><em>osteudens,</em></strong></span> <span class='ocrx_word' id='word_1_28' title='bbox 925 764 1152 844; x_wconf 86' lang='lat' dir='ltr'><strong><em>ignorantium,</em></strong></span> <span class='ocrx_word' id='word_1_29' title='bbox 1169 780 1206 825; x_wconf 91' lang='lat' dir='ltr'><strong><em>ac</em></strong></span> <span class='ocrx_word' id='word_1_30' title='bbox 1223 771 1269 825; x_wconf 92' lang='lat' dir='ltr'><strong><em>te·</em></strong></span> 
     </span>
     <span class='ocr_line' id='line_1_6' title="bbox 143 863 1338 947; baseline -0.004 -18"><span class='ocrx_word' id='word_1_31' title='bbox 143 867 358 930; x_wconf 73' lang='lat' dir='ltr'><strong><em>mes-itatem:</em></strong></span> <span class='ocrx_word' id='word_1_32' title='bbox 381 875 413 930; x_wconf 90' lang='lat' dir='ltr'><strong><em>et</em></strong></span> <span class='ocrx_word' id='word_1_33' title='bbox 434 871 623 947; x_wconf 89' lang='lat' dir='ltr'><strong><em>praesertim</em></strong></span> <span class='ocrx_word' id='word_1_34' title='bbox 645 886 699 930; x_wconf 91' lang='lat' dir='ltr'><strong><em>eos</em></strong></span> <span class='ocrx_word' id='word_1_35' title='bbox 721 869 850 946; x_wconf 86' lang='lat' dir='ltr'><strong><em>arguit,</em></strong></span> <span class='ocrx_word' id='word_1_36' title='bbox 872 867 956 947; x_wconf 82' lang='lat' dir='ltr'><strong><em>quod</em></strong></span> <span class='ocrx_word' id='word_1_37' title='bbox 982 863 1149 926; x_wconf 70' lang='lat' dir='ltr'><strong><em>haereticis</em></strong></span> <span class='ocrx_word' id='word_1_38' title='bbox 1173 872 1270 925; x_wconf 88' lang='lat' dir='ltr'><strong><em>mete·</em></strong></span> <span class='ocrx_word' id='word_1_39' title='bbox 1333 900 1338 911; x_wconf 90' lang='lat'>·</span> 
     </span>
     <span class='ocr_line' id='line_1_7' title="bbox 140 965 1269 1050; baseline -0.001 -21"><span class='ocrx_word' id='word_1_40' title='bbox 140 967 232 1030; x_wconf 76' lang='lat' dir='ltr'><strong><em>riam</em></strong></span> <span class='ocrx_word' id='word_1_41' title='bbox 250 968 437 1046; x_wconf 84' lang='lat' dir='ltr'><strong><em>praebeant,</em></strong></span> <span class='ocrx_word' id='word_1_42' title='bbox 456 987 529 1030; x_wconf 82' lang='lat' dir='ltr'><strong><em>cem</em></strong></span> <span class='ocrx_word' id='word_1_43' title='bbox 549 967 637 1043; x_wconf 80' lang='lat' dir='ltr'><strong><em>illos,</em></strong></span> <span class='ocrx_word' id='word_1_44' title='bbox 659 985 737 1050; x_wconf 83' lang='lat' dir='ltr'><strong><em>quos</em></strong></span> <span class='ocrx_word' id='word_1_45' title='bbox 758 977 926 1032; x_wconf 72' lang='lat' dir='ltr'><strong><em>assertores</em></strong></span> <span class='ocrx_word' id='word_1_46' title='bbox 948 965 1120 1029; x_wconf 81' lang='lat' dir='ltr'><strong><em>christiani</em></strong></span> <span class='ocrx_word' id='word_1_47' title='bbox 1141 968 1269 1045; x_wconf 80' lang='lat' dir='ltr'><strong><em>dopmn-</em></strong></span> 
     </span>
     <span class='ocr_line' id='line_1_8' title="bbox 143 1067 1271 1152; baseline -0.004 -20"><span class='ocrx_word' id='word_1_48' title='bbox 143 1067 189 1132; x_wconf 81' lang='lat' dir='ltr'><strong><em>ts&#39;s</em></strong></span> <span class='ocrx_word' id='word_1_49' title='bbox 212 1079 241 1132; x_wconf 92' lang='lat' dir='ltr'><strong><em>et</em></strong></span> <span class='ocrx_word' id='word_1_50' title='bbox 263 1070 441 1149; x_wconf 81' lang='lat' dir='ltr'><strong><em>defensores</em></strong></span> <span class='ocrx_word' id='word_1_51' title='bbox 458 1071 633 1150; x_wconf 83' lang='lat' dir='ltr'><strong><em>putebant,</em></strong></span> <span class='ocrx_word' id='word_1_52' title='bbox 653 1069 817 1152; x_wconf 78' lang='lat' dir='ltr'><strong><em>conserturi</em></strong></span> <span class='ocrx_word' id='word_1_53' title='bbox 830 1088 917 1132; x_wconf 79' lang='lat' dir='ltr'><strong><em>nnnc</em></strong></span> <span class='ocrx_word' id='word_1_54' title='bbox 932 1069 1070 1132; x_wconf 80' lang='lat' dir='ltr'><strong><em>videant.</em></strong></span> <span class='ocrx_word' id='word_1_55' title='bbox 1091 1067 1184 1143; x_wconf 86' lang='lat' dir='ltr'><strong><em>Quae</em></strong></span> <span class='ocrx_word' id='word_1_56' title='bbox 1199 1085 1271 1129; x_wconf 85' lang='lat' dir='ltr'><strong><em>ver·</em></strong></span> 
     </span>
     <span class='ocr_line' id='line_1_9' title="bbox 143 1169 1270 1249; baseline -0.002 -19"><span class='ocrx_word' id='word_1_57' title='bbox 143 1169 186 1230; x_wconf 90' lang='lat' dir='ltr'><strong><em>ba</em></strong></span> <span class='ocrx_word' id='word_1_58' title='bbox 213 1170 314 1246; x_wconf 89' lang='lat' dir='ltr'><strong><em>magis</em></strong></span> <span class='ocrx_word' id='word_1_59' title='bbox 335 1187 372 1232; x_wconf 92' lang='lat' dir='ltr'><strong><em>ac</em></strong></span> <span class='ocrx_word' id='word_1_60' title='bbox 396 1173 494 1249; x_wconf 86' lang='lat' dir='ltr'><strong><em>magis</em></strong></span> <span class='ocrx_word' id='word_1_61' title='bbox 515 1173 696 1248; x_wconf 82' lang='lat' dir='ltr'>opinionem</span> <span class='ocrx_word' id='word_1_62' title='bbox 719 1170 900 1234; x_wconf 80' lang='lat' dir='ltr'><strong><em>excludunt</em></strong></span> <span class='ocrx_word' id='word_1_63' title='bbox 918 1178 991 1232; x_wconf 91' lang='lat' dir='ltr'><strong><em>aute</em></strong></span> <span class='ocrx_word' id='word_1_64' title='bbox 1006 1169 1165 1248; x_wconf 82' lang='lat' dir='ltr'><strong>Pamphili</strong></span> <span class='ocrx_word' id='word_1_65' title='bbox 1179 1176 1270 1230; x_wconf 90' lang='lat' dir='ltr'><strong><em>aeta·</em></strong></span> 
     </span>
     <span class='ocr_line' id='line_1_10' title="bbox 146 1269 1266 1352; baseline -0.005 -18"><span class='ocrx_word' id='word_1_66' title='bbox 146 1281 217 1334; x_wconf 86' lang='lat' dir='ltr'><strong><em>tem</em></strong></span> <span class='ocrx_word' id='word_1_67' title='bbox 250 1271 349 1349; x_wconf 88' lang='lat' dir='ltr'><strong><em>vulgo</em></strong></span> <span class='ocrx_word' id='word_1_68' title='bbox 378 1272 536 1334; x_wconf 90' lang='lat' dir='ltr'><strong><em>creditum</em></strong></span> <span class='ocrx_word' id='word_1_69' title='bbox 561 1273 681 1348; x_wconf 87' lang='lat' dir='ltr'><strong><em>luisse,</em></strong></span> <span class='ocrx_word' id='word_1_70' title='bbox 710 1273 882 1352; x_wconf 86' lang='lat' dir='ltr'><strong><em>Origeuem</em></strong></span> <span class='ocrx_word' id='word_1_71' title='bbox 909 1270 1085 1352; x_wconf 88' lang='lat' dir='ltr'><strong><em>aliquando</em></strong></span> <span class='ocrx_word' id='word_1_72' title='bbox 1108 1269 1266 1331; x_wconf 82' lang='lat' dir='ltr'><strong><em>haeresim</em></strong></span> 
     </span>
     <span class='ocr_line' id='line_1_11' title="bbox 150 1372 1268 1453; baseline 0.001 -20"><span class='ocrx_word' id='word_1_73' title='bbox 150 1391 235 1435; x_wconf 83' lang='lat' dir='ltr'><strong><em>voce</em></strong></span> <span class='ocrx_word' id='word_1_74' title='bbox 249 1372 310 1435; x_wconf 90' lang='lat' dir='ltr'><strong><em>·vel</em></strong></span> <span class='ocrx_word' id='word_1_75' title='bbox 331 1375 452 1453; x_wconf 85' lang='lat' dir='ltr'><strong><em>scripto</em></strong></span> <span class='ocrx_word' id='word_1_76' title='bbox 473 1386 531 1436; x_wconf 88' lang='lat' dir='ltr'><strong><em>aut</em></strong></span> <span class='ocrx_word' id='word_1_77' title='bbox 552 1375 721 1449; x_wconf 89' lang='lat' dir='ltr'><strong><em>docuisse,</em></strong></span> <span class='ocrx_word' id='word_1_78' title='bbox 749 1375 800 1438; x_wconf 85' lang='lat' dir='ltr'><strong><em>rel</em></strong></span> <span class='ocrx_word' id='word_1_79' title='bbox 823 1379 1041 1453; x_wconf 80' lang='lat' dir='ltr'><strong><em>propugnasse</em></strong></span> <span class='ocrx_word' id='word_1_80' title='bbox 1066 1372 1268 1453; x_wconf 84' lang='lat' dir='ltr'><strong><em>proindeque</em></strong></span> 
     </span>
     <span class='ocr_line' id='line_1_12' title="bbox 148 1472 1094 1564; baseline -0.001 -28"><span class='ocrx_word' id='word_1_81' title='bbox 148 1474 191 1536; x_wconf 86' lang='lat' dir='ltr'><strong><em>ab</em></strong></span> <span class='ocrx_word' id='word_1_82' title='bbox 216 1472 361 1537; x_wconf 83' lang='lat' dir='ltr'><strong><em>Ecclesia</em></strong></span> <span class='ocrx_word' id='word_1_83' title='bbox 384 1473 604 1553; x_wconf 76' lang='lat' dir='ltr'><strong><em>profligatum,</em></strong></span> <span class='ocrx_word' id='word_1_84' title='bbox 628 1484 664 1538; x_wconf 92' lang='lat' dir='ltr'><strong><em>ut</em></strong></span> <span class='ocrx_word' id='word_1_85' title='bbox 685 1478 863 1564; x_wconf 88' lang='lat' dir='ltr'><strong><em>praesumit</em></strong></span> <span class='ocrx_word' id='word_1_86' title='bbox 884 1472 1094 1554; x_wconf 82' lang='lat' dir='ltr'><strong><em>Theophilus.</em></strong></span> 
     </span>
    </p>

    <p class='ocr_par' dir='ltr' id='par_1_3' title="bbox 148 1575 1355 3683">
     <span class='ocr_line' id='line_1_13' title="bbox 239 1575 1271 1659; baseline -0.001 -22"><span class='ocrx_word' id='word_1_87' title='bbox 239 1575 395 1655; x_wconf 85' lang='lat' dir='ltr'><strong><em>Deinceps</em></strong></span> <span class='ocrx_word' id='word_1_88' title='bbox 417 1581 501 1639; x_wconf 93' lang='lat' dir='ltr'><strong><em>circa</em></strong></span> <span class='ocrx_word' id='word_1_89' title='bbox 525 1579 585 1640; x_wconf 91' lang='lat' dir='ltr'><strong><em>hoc</em></strong></span> <span class='ocrx_word' id='word_1_90' title='bbox 608 1577 766 1659; x_wconf 85' lang='lat' dir='ltr'><strong><em>Pamphili</em></strong></span> <span class='ocrx_word' id='word_1_91' title='bbox 788 1579 945 1654; x_wconf 90' lang='lat' dir='ltr'><strong><em>studium,</em></strong></span> <span class='ocrx_word' id='word_1_92' title='bbox 966 1577 1081 1642; x_wconf 90' lang='lat' dir='ltr'><strong><em>sedulo</em></strong></span> <span class='ocrx_word' id='word_1_93' title='bbox 1103 1592 1271 1656; x_wconf 90' lang='lat' dir='ltr'><strong><em>compara·</em></strong></span> 
     </span>
     <span class='ocr_line' id='line_1_14' title="bbox 152 1675 1355 1766; baseline -0.003 -26"><span class='ocrx_word' id='word_1_94' title='bbox 152 1679 208 1753; x_wconf 87' lang='lat' dir='ltr'><strong><em>tis,</em></strong></span> <span class='ocrx_word' id='word_1_95' title='bbox 224 1695 310 1756; x_wconf 87' lang='lat' dir='ltr'><strong><em>quae</em></strong></span> <span class='ocrx_word' id='word_1_96' title='bbox 331 1678 372 1739; x_wconf 94' lang='lat' dir='ltr'><strong><em>ab</em></strong></span> <span class='ocrx_word' id='word_1_97' title='bbox 394 1696 433 1739; x_wconf 92' lang='lat' dir='ltr'><strong><em>eo</em></strong></span> <span class='ocrx_word' id='word_1_98' title='bbox 456 1686 677 1753; x_wconf 84' lang='lat' dir='ltr'><strong><em>recensentur,</em></strong></span> <span class='ocrx_word' id='word_1_99' title='bbox 696 1679 793 1741; x_wconf 85' lang='lat' dir='ltr'><strong><em>variis</em></strong></span> <span class='ocrx_word' id='word_1_100' title='bbox 809 1680 1068 1742; x_wconf 87' lang='lat' dir='ltr'><strong><em>criminationum</em></strong></span> <span class='ocrx_word' id='word_1_101' title='bbox 1085 1675 1269 1757; x_wconf 86' lang='lat' dir='ltr'><strong><em>generibus,</em></strong></span> <span class='ocrx_word' id='word_1_102' title='bbox 1351 1758 1355 1766; x_wconf 87' lang='lat'>.</span> 
     </span>
     <span class='ocr_line' id='line_1_15' title="bbox 150 1776 1273 1859; baseline -0.003 -19"><span class='ocrx_word' id='word_1_103' title='bbox 150 1779 273 1858; x_wconf 87' lang='lat' dir='ltr'><strong><em>quibus</em></strong></span> <span class='ocrx_word' id='word_1_104' title='bbox 302 1777 343 1838; x_wconf 92' lang='lat' dir='ltr'><strong><em>ab</em></strong></span> <span class='ocrx_word' id='word_1_105' title='bbox 371 1777 565 1840; x_wconf 89' lang='lat' dir='ltr'><strong><em>adversariis</em></strong></span> <span class='ocrx_word' id='word_1_106' title='bbox 595 1779 763 1859; x_wconf 91' lang='lat' dir='ltr'><strong><em>impetitur</em></strong></span> <span class='ocrx_word' id='word_1_107' title='bbox 789 1779 968 1858; x_wconf 77' lang='lat' dir='ltr'><strong><em>Origenes,</em></strong></span> <span class='ocrx_word' id='word_1_108' title='bbox 999 1777 1126 1841; x_wconf 90' lang='lat' dir='ltr'><strong><em>easdem</em></strong></span> <span class='ocrx_word' id='word_1_109' title='bbox 1156 1776 1273 1857; x_wconf 88' lang='lat' dir='ltr'><strong><em>proba·</em></strong></span> 
     </span>
     <span class='ocr_line' id='line_1_16' title="bbox 155 1877 1269 1959; baseline -0.004 -18"><span class='ocrx_word' id='word_1_110' title='bbox 155 1889 213 1942; x_wconf 91' lang='lat' dir='ltr'><strong><em>tur</em></strong></span> <span class='ocrx_word' id='word_1_111' title='bbox 233 1898 316 1954; x_wconf 89' lang='lat' dir='ltr'><strong><em>esse,</em></strong></span> <span class='ocrx_word' id='word_1_112' title='bbox 332 1897 414 1958; x_wconf 83' lang='lat' dir='ltr'><strong><em>quas</em></strong></span> <span class='ocrx_word' id='word_1_113' title='bbox 436 1890 545 1958; x_wconf 89' lang='lat' dir='ltr'><strong><em>postea</em></strong></span> <span class='ocrx_word' id='word_1_114' title='bbox 563 1877 761 1959; x_wconf 79' lang='lat' dir='ltr'><strong><em>Theophilus</em></strong></span> <span class='ocrx_word' id='word_1_115' title='bbox 783 1884 813 1943; x_wconf 93' lang='lat' dir='ltr'><strong><em>in</em></strong></span> <span class='ocrx_word' id='word_1_116' title='bbox 837 1881 979 1959; x_wconf 89' lang='lat' dir='ltr'><strong><em>epistolis</em></strong></span> <span class='ocrx_word' id='word_1_117' title='bbox 1001 1878 1151 1959; x_wconf 76' lang='lat' dir='ltr'><strong><em>synodica</em></strong></span> <span class='ocrx_word' id='word_1_118' title='bbox 1168 1885 1200 1940; x_wconf 90' lang='lat' dir='ltr'><strong><em>et</em></strong></span> <span class='ocrx_word' id='word_1_119' title='bbox 1215 1894 1269 1955; x_wconf 88' lang='lat' dir='ltr'><strong><em>pa·</em></strong></span> 
     </span>
     <span class='ocr_line' id='line_1_17' title="bbox 152 1980 1268 2063; baseline -0.004 -19"><span class='ocrx_word' id='word_1_120' title='bbox 152 1981 319 2044; x_wconf 88' lang='lat' dir='ltr'><strong><em>schalibus</em></strong></span> <span class='ocrx_word' id='word_1_121' title='bbox 340 1982 458 2062; x_wconf 84' lang='lat' dir='ltr'><strong><em>objecit</em></strong></span> <span class='ocrx_word' id='word_1_122' title='bbox 481 1984 645 2045; x_wconf 91' lang='lat' dir='ltr'><strong><em>monachis</em></strong></span> <span class='ocrx_word' id='word_1_123' title='bbox 671 1983 889 2057; x_wconf 89' lang='lat' dir='ltr'><strong><em>nitriensibus,</em></strong></span> <span class='ocrx_word' id='word_1_124' title='bbox 905 1981 1021 2045; x_wconf 87' lang='lat' dir='ltr'><strong><em>Jcanni</em></strong></span> <span class='ocrx_word' id='word_1_125' title='bbox 1044 1980 1268 2063; x_wconf 72' lang='lat' dir='ltr'><strong><em>hierosolymi·</em></strong></span> 
     </span>
     <span class='ocr_line' id='line_1_18' title="bbox 151 2081 1269 2167; baseline -0.001 -23"><span class='ocrx_word' id='word_1_126' title='bbox 151 2090 243 2155; x_wconf 90' lang='lat' dir='ltr'><strong><em>tanc,</em></strong></span> <span class='ocrx_word' id='word_1_127' title='bbox 269 2081 458 2161; x_wconf 81' lang='lat' dir='ltr'><strong><em>Epiphanio:</em></strong></span> <span class='ocrx_word' id='word_1_128' title='bbox 476 2090 508 2144; x_wconf 92' lang='lat' dir='ltr'><strong><em>et</em></strong></span> <span class='ocrx_word' id='word_1_129' title='bbox 529 2083 642 2145; x_wconf 90' lang='lat' dir='ltr'><strong><em>deiude</em></strong></span> <span class='ocrx_word' id='word_1_130' title='bbox 663 2103 688 2146; x_wconf 93' lang='lat' dir='ltr'><strong><em>s.</em></strong></span> <span class='ocrx_word' id='word_1_131' title='bbox 706 2081 922 2167; x_wconf 83' lang='lat' dir='ltr'><strong><em>Hieronymus</em></strong></span> <span class='ocrx_word' id='word_1_132' title='bbox 946 2099 1004 2162; x_wconf 91' lang='lat' dir='ltr'><strong><em>per</em></strong></span> <span class='ocrx_word' id='word_1_133' title='bbox 1024 2081 1149 2143; x_wconf 88' lang='lat' dir='ltr'><strong><em>litteras</em></strong></span> <span class='ocrx_word' id='word_1_134' title='bbox 1170 2100 1269 2160; x_wconf 84' lang='lat' dir='ltr'><strong><em>expo·</em></strong></span> 
     </span>
     <span class='ocr_line' id='line_1_19' title="bbox 149 2183 1271 2265; baseline -0.003 -17"><span class='ocrx_word' id='word_1_135' title='bbox 149 2187 266 2248; x_wconf 85' lang='lat' dir='ltr'><strong><em>suits.</em></strong></span> <span class='ocrx_word' id='word_1_136' title='bbox 290 2184 473 2264; x_wconf 78' lang='lat' dir='ltr'><strong><em>Augustino</em></strong></span> <span class='ocrx_word' id='word_1_137' title='bbox 495 2185 633 2265; x_wconf 90' lang='lat' dir='ltr'><strong><em>eliisque</em></strong></span> <span class='ocrx_word' id='word_1_138' title='bbox 652 2183 775 2247; x_wconf 88' lang='lat' dir='ltr'><strong><em>Romae</em></strong></span> <span class='ocrx_word' id='word_1_139' title='bbox 798 2184 1024 2258; x_wconf 81' lang='lat' dir='ltr'><strong><em>familiaribus,</em></strong></span> <span class='ocrx_word' id='word_1_140' title='bbox 1041 2190 1073 2246; x_wconf 89' lang='lat' dir='ltr'><strong><em>et</em></strong></span> <span class='ocrx_word' id='word_1_141' title='bbox 1088 2183 1185 2244; x_wconf 79' lang='lat' dir='ltr'><strong><em>avito</em></strong></span> <span class='ocrx_word' id='word_1_142' title='bbox 1208 2184 1271 2246; x_wconf 89' lang='lat' dir='ltr'><strong><em>his·</em></strong></span> 
     </span>
     <span class='ocr_line' id='line_1_20' title="bbox 151 2284 1272 2365; baseline -0.002 -18"><span class='ocrx_word' id='word_1_143' title='bbox 151 2303 251 2365; x_wconf 87' lang='lat' dir='ltr'><strong><em>pano,</em></strong></span> <span class='ocrx_word' id='word_1_144' title='bbox 269 2296 359 2348; x_wconf 90' lang='lat' dir='ltr'><strong><em>antea</em></strong></span> <span class='ocrx_word' id='word_1_145' title='bbox 377 2306 454 2350; x_wconf 89' lang='lat' dir='ltr'><strong><em>vere</em></strong></span> <span class='ocrx_word' id='word_1_146' title='bbox 476 2288 601 2350; x_wconf 90' lang='lat' dir='ltr'><strong><em>cunctis</em></strong></span> <span class='ocrx_word' id='word_1_147' title='bbox 622 2288 765 2350; x_wconf 91' lang='lat' dir='ltr'><strong><em>ecclesiis</em></strong></span> <span class='ocrx_word' id='word_1_148' title='bbox 786 2286 915 2348; x_wconf 81' lang='lat' dir='ltr'><strong><em>hiricae</em></strong></span> <span class='ocrx_word' id='word_1_149' title='bbox 930 2294 962 2349; x_wconf 91' lang='lat' dir='ltr'><strong><em>el</em></strong></span> <span class='ocrx_word' id='word_1_150' title='bbox 978 2284 1161 2349; x_wconf 90' lang='lat' dir='ltr'><strong><em>Occidentis</em></strong></span> <span class='ocrx_word' id='word_1_151' title='bbox 1178 2302 1272 2363; x_wconf 88' lang='lat' dir='ltr'><strong><em>pror·</em></strong></span> 
     </span>
     <span class='ocr_line' id='line_1_21' title="bbox 148 2387 1269 2466; baseline -0.003 -16"><span class='ocrx_word' id='word_1_152' title='bbox 148 2406 209 2450; x_wconf 83' lang='lat' dir='ltr'><strong><em>sus</em></strong></span> <span class='ocrx_word' id='word_1_153' title='bbox 229 2390 365 2466; x_wconf 87' lang='lat' dir='ltr'><strong><em>ignotas.</em></strong></span> <span class='ocrx_word' id='word_1_154' title='bbox 389 2388 509 2451; x_wconf 87' lang='lat' dir='ltr'><strong><em>Eadem</em></strong></span> <span class='ocrx_word' id='word_1_155' title='bbox 532 2396 607 2452; x_wconf 92' lang='lat' dir='ltr'><strong><em>suut</em></strong></span> <span class='ocrx_word' id='word_1_156' title='bbox 629 2391 841 2452; x_wconf 90' lang='lat' dir='ltr'><strong><em>accusationis</em></strong></span> <span class='ocrx_word' id='word_1_157' title='bbox 863 2391 968 2465; x_wconf 90' lang='lat' dir='ltr'><strong><em>capite</em></strong></span> <span class='ocrx_word' id='word_1_158' title='bbox 990 2388 1031 2449; x_wconf 93' lang='lat' dir='ltr'><strong><em>ab</em></strong></span> <span class='ocrx_word' id='word_1_159' title='bbox 1052 2387 1172 2449; x_wconf 90' lang='lat' dir='ltr'><strong><em>eisdem</em></strong></span> <span class='ocrx_word' id='word_1_160' title='bbox 1198 2405 1269 2465; x_wconf 90' lang='lat' dir='ltr'><strong><em>spe·</em></strong></span> 
     </span>
     <span class='ocr_line' id='line_1_22' title="bbox 151 2485 1271 2571; baseline -0.002 -20"><span class='ocrx_word' id='word_1_161' title='bbox 151 2489 269 2551; x_wconf 89' lang='lat' dir='ltr'><strong><em>eiatim</em></strong></span> <span class='ocrx_word' id='word_1_162' title='bbox 288 2487 482 2552; x_wconf 83' lang='lat' dir='ltr'><strong><em>Perierchors</em></strong></span> <span class='ocrx_word' id='word_1_163' title='bbox 505 2491 596 2552; x_wconf 91' lang='lat' dir='ltr'><strong><em>libris</em></strong></span> <span class='ocrx_word' id='word_1_164' title='bbox 619 2492 763 2571; x_wconf 87' lang='lat' dir='ltr'><strong><em>redacta,</em></strong></span> <span class='ocrx_word' id='word_1_165' title='bbox 787 2489 883 2565; x_wconf 91' lang='lat' dir='ltr'><strong><em>unde,</em></strong></span> <span class='ocrx_word' id='word_1_166' title='bbox 906 2496 943 2552; x_wconf 93' lang='lat' dir='ltr'><strong><em>ut</em></strong></span> <span class='ocrx_word' id='word_1_167' title='bbox 966 2489 1048 2551; x_wconf 89' lang='lat' dir='ltr'><strong><em>idem</em></strong></span> <span class='ocrx_word' id='word_1_168' title='bbox 1070 2490 1159 2550; x_wconf 90' lang='lat' dir='ltr'><strong><em>aits.</em></strong></span> <span class='ocrx_word' id='word_1_169' title='bbox 1182 2485 1271 2550; x_wconf 88' lang='lat' dir='ltr'><strong><em>Mar·</em></strong></span> 
     </span>
     <span class='ocr_line' id='line_1_23' title="bbox 148 2587 1270 2674; baseline -0.001 -22"><span class='ocrx_word' id='word_1_170' title='bbox 148 2600 234 2674; x_wconf 76' lang='lat' dir='ltr'><strong><em>tyr,</em></strong></span> <span class='ocrx_word' id='word_1_171' title='bbox 258 2587 385 2651; x_wconf 85' lang='lat' dir='ltr'><strong><em>cottssati</em></strong></span> <span class='ocrx_word' id='word_1_172' title='bbox 407 2600 482 2652; x_wconf 91' lang='lat' dir='ltr'><strong><em>suut</em></strong></span> <span class='ocrx_word' id='word_1_173' title='bbox 505 2591 629 2663; x_wconf 90' lang='lat' dir='ltr'><strong><em>libelli,</em></strong></span> <span class='ocrx_word' id='word_1_174' title='bbox 652 2590 795 2670; x_wconf 90' lang='lat' dir='ltr'><strong><em>editique</em></strong></span> <span class='ocrx_word' id='word_1_175' title='bbox 817 2592 973 2653; x_wconf 86' lang='lat' dir='ltr'><strong><em>adversus</em></strong></span> <span class='ocrx_word' id='word_1_176' title='bbox 994 2589 1190 2668; x_wconf 86' lang='lat' dir='ltr'><strong><em>Origenem:</em></strong></span> <span class='ocrx_word' id='word_1_177' title='bbox 1215 2590 1270 2651; x_wconf 90' lang='lat' dir='ltr'><strong><em>nbi</em></strong></span> 
     </span>
     <span class='ocr_line' id='line_1_24' title="bbox 151 2688 1271 2769; baseline -0.004 -15"><span class='ocrx_word' id='word_1_178' title='bbox 151 2693 259 2769; x_wconf 88' lang='lat' dir='ltr'><strong><em>ipsius</em></strong></span> <span class='ocrx_word' id='word_1_179' title='bbox 281 2691 447 2754; x_wconf 84' lang='lat' dir='ltr'><strong><em>revelatur</em></strong></span> <span class='ocrx_word' id='word_1_180' title='bbox 468 2692 615 2754; x_wconf 87' lang='lat' dir='ltr'><strong><em>doctriua</em></strong></span> <span class='ocrx_word' id='word_1_181' title='bbox 638 2692 734 2769; x_wconf 91' lang='lat' dir='ltr'><strong><em>impia</em></strong></span> <span class='ocrx_word' id='word_1_182' title='bbox 756 2703 789 2753; x_wconf 90' lang='lat' dir='ltr'><strong><em>et</em></strong></span> <span class='ocrx_word' id='word_1_183' title='bbox 811 2693 972 2754; x_wconf 90' lang='lat' dir='ltr'><strong><em>haeretica</em></strong></span> <span class='ocrx_word' id='word_1_184' title='bbox 1006 2690 1044 2753; x_wconf 92' lang='lat' dir='ltr'><strong><em>de</em></strong></span> <span class='ocrx_word' id='word_1_185' title='bbox 1074 2688 1142 2753; x_wconf 90' lang='lat' dir='ltr'><strong><em>Oeo</em></strong></span> <span class='ocrx_word' id='word_1_186' title='bbox 1170 2691 1271 2754; x_wconf 90' lang='lat' dir='ltr'><strong><em>omni·</em></strong></span> 
     </span>
     <span class='ocr_line' id='line_1_25' title="bbox 150 2790 1270 2870; baseline -0.001 -17"><span class='ocrx_word' id='word_1_187' title='bbox 150 2797 299 2870; x_wconf 90' lang='lat' dir='ltr'><strong><em>potente,</em></strong></span> <span class='ocrx_word' id='word_1_188' title='bbox 322 2790 362 2852; x_wconf 92' lang='lat' dir='ltr'><strong><em>de</em></strong></span> <span class='ocrx_word' id='word_1_189' title='bbox 383 2790 502 2854; x_wconf 87' lang='lat' dir='ltr'><strong><em>Christi</em></strong></span> <span class='ocrx_word' id='word_1_190' title='bbox 524 2792 702 2866; x_wconf 89' lang='lat' dir='ltr'><strong><em>divinitate,</em></strong></span> <span class='ocrx_word' id='word_1_191' title='bbox 721 2792 760 2854; x_wconf 92' lang='lat' dir='ltr'><strong><em>de</em></strong></span> <span class='ocrx_word' id='word_1_192' title='bbox 781 2790 903 2870; x_wconf 88' lang='lat' dir='ltr'><strong><em>Spiritu</em></strong></span> <span class='ocrx_word' id='word_1_193' title='bbox 924 2790 1184 2867; x_wconf 83' lang='lat' dir='ltr'><strong><em>Sancto,de1)ei</em></strong></span> <span class='ocrx_word' id='word_1_194' title='bbox 1202 2792 1270 2853; x_wconf 89' lang='lat' dir='ltr'><strong><em>nui·</em></strong></span> 
     </span>
     <span class='ocr_line' id='line_1_26' title="bbox 153 2893 1270 2973; baseline 0.002 -18"><span class='ocrx_word' id='word_1_195' title='bbox 153 2900 222 2956; x_wconf 90' lang='lat' dir='ltr'><strong><em>tate</em></strong></span> <span class='ocrx_word' id='word_1_196' title='bbox 244 2911 283 2955; x_wconf 91' lang='lat' dir='ltr'><strong><em>ac</em></strong></span> <span class='ocrx_word' id='word_1_197' title='bbox 304 2911 516 2973; x_wconf 88' lang='lat' dir='ltr'><strong><em>personarum</em></strong></span> <span class='ocrx_word' id='word_1_198' title='bbox 538 2894 720 2958; x_wconf 79' lang='lat' dir='ltr'><strong><em>divinarum</em></strong></span> <span class='ocrx_word' id='word_1_199' title='bbox 738 2893 906 2968; x_wconf 87' lang='lat' dir='ltr'><strong><em>Trinitate,</em></strong></span> <span class='ocrx_word' id='word_1_200' title='bbox 923 2895 961 2956; x_wconf 91' lang='lat' dir='ltr'><strong><em>de</em></strong></span> <span class='ocrx_word' id='word_1_201' title='bbox 979 2893 1214 2968; x_wconf 88' lang='lat' dir='ltr'><strong><em>lucarnatioue,</em></strong></span> <span class='ocrx_word' id='word_1_202' title='bbox 1232 2895 1270 2957; x_wconf 90' lang='lat' dir='ltr'><strong><em>de</em></strong></span> 
     </span>
     <span class='ocr_line' id='line_1_27' title="bbox 152 2994 1269 3071; baseline 0.004 -15"><span class='ocrx_word' id='word_1_203' title='bbox 152 2997 265 3057; x_wconf 91' lang='lat' dir='ltr'><strong><em>diviua</em></strong></span> <span class='ocrx_word' id='word_1_204' title='bbox 287 3003 319 3057; x_wconf 91' lang='lat' dir='ltr'><strong><em>ct</em></strong></span> <span class='ocrx_word' id='word_1_205' title='bbox 340 2996 480 3059; x_wconf 88' lang='lat' dir='ltr'><strong><em>humana</em></strong></span> <span class='ocrx_word' id='word_1_206' title='bbox 502 2995 620 3061; x_wconf 80' lang='lat' dir='ltr'><strong><em>Christi</em></strong></span> <span class='ocrx_word' id='word_1_207' title='bbox 644 3006 785 3071; x_wconf 88' lang='lat' dir='ltr'><strong><em>natura,</em></strong></span> <span class='ocrx_word' id='word_1_208' title='bbox 807 2998 845 3058; x_wconf 92' lang='lat' dir='ltr'><strong><em>de</em></strong></span> <span class='ocrx_word' id='word_1_209' title='bbox 874 2997 1057 3060; x_wconf 84' lang='lat' dir='ltr'><strong><em>divinorum</em></strong></span> <span class='ocrx_word' id='word_1_210' title='bbox 1090 2994 1269 3060; x_wconf 90' lang='lat' dir='ltr'><strong><em>Bihliorum</em></strong></span> 
     </span>
     <span class='ocr_line' id='line_1_28' title="bbox 151 3097 1271 3177; baseline -0.004 -14"><span class='ocrx_word' id='word_1_211' title='bbox 151 3116 268 3172; x_wconf 84' lang='lat' dir='ltr'><strong><em>sensu,</em></strong></span> <span class='ocrx_word' id='word_1_212' title='bbox 292 3098 330 3159; x_wconf 91' lang='lat' dir='ltr'><strong><em>de</em></strong></span> <span class='ocrx_word' id='word_1_213' title='bbox 352 3101 604 3173; x_wconf 88' lang='lat' dir='ltr'><strong><em>resurrectione,</em></strong></span> <span class='ocrx_word' id='word_1_214' title='bbox 626 3098 666 3161; x_wconf 95' lang='lat' dir='ltr'><strong><em>de</em></strong></span> <span class='ocrx_word' id='word_1_215' title='bbox 688 3099 878 3161; x_wconf 87' lang='lat' dir='ltr'><strong><em>aeternitate</em></strong></span> <span class='ocrx_word' id='word_1_216' title='bbox 904 3115 1081 3177; x_wconf 90' lang='lat' dir='ltr'><strong><em>poenarum</em></strong></span> <span class='ocrx_word' id='word_1_217' title='bbox 1104 3097 1134 3157; x_wconf 86' lang='lat' dir='ltr'><strong><em>iu</em></strong></span> <span class='ocrx_word' id='word_1_218' title='bbox 1158 3097 1271 3160; x_wconf 86' lang='lat' dir='ltr'><strong><em>tuturo</em></strong></span> 
     </span>
     <span class='ocr_line' id='line_1_29' title="bbox 151 3198 1269 3274; baseline 0 -13"><span class='ocrx_word' id='word_1_219' title='bbox 151 3200 283 3272; x_wconf 88' lang='lat' dir='ltr'><strong><em>seculo,</em></strong></span> <span class='ocrx_word' id='word_1_220' title='bbox 307 3200 345 3262; x_wconf 91' lang='lat' dir='ltr'><strong><em>de</em></strong></span> <span class='ocrx_word' id='word_1_221' title='bbox 365 3201 490 3262; x_wconf 91' lang='lat' dir='ltr'><strong><em>animae</em></strong></span> <span class='ocrx_word' id='word_1_222' title='bbox 512 3201 696 3263; x_wconf 89' lang='lat' dir='ltr'><strong><em>conditione</em></strong></span> <span class='ocrx_word' id='word_1_223' title='bbox 719 3209 780 3263; x_wconf 92' lang='lat' dir='ltr'><strong><em>etc.</em></strong></span> <span class='ocrx_word' id='word_1_224' title='bbox 804 3199 962 3262; x_wconf 85' lang='lat' dir='ltr'><strong><em>Eumdem</em></strong></span> <span class='ocrx_word' id='word_1_225' title='bbox 986 3199 1119 3274; x_wconf 90' lang='lat' dir='ltr'><strong><em>lentem,</em></strong></span> <span class='ocrx_word' id='word_1_226' title='bbox 1142 3198 1269 3261; x_wconf 90' lang='lat' dir='ltr'><strong><em>eosdem</em></strong></span> 
     </span>
     <span class='ocr_line' id='line_1_30' title="bbox 152 3298 1270 3378; baseline -0.002 -15"><span class='ocrx_word' id='word_1_227' title='bbox 152 3299 353 3363; x_wconf 83' lang='lat' dir='ltr'><strong><em>Perierchon</em></strong></span> <span class='ocrx_word' id='word_1_228' title='bbox 374 3301 475 3364; x_wconf 89' lang='lat' dir='ltr'><strong><em>libros</em></strong></span> <span class='ocrx_word' id='word_1_229' title='bbox 498 3301 641 3375; x_wconf 87' lang='lat' dir='ltr'><strong><em>lalsatus,</em></strong></span> <span class='ocrx_word' id='word_1_230' title='bbox 658 3303 770 3363; x_wconf 91' lang='lat' dir='ltr'><strong><em>eadem</em></strong></span> <span class='ocrx_word' id='word_1_231' title='bbox 793 3301 939 3378; x_wconf 87' lang='lat' dir='ltr'><strong><em>dogmata</em></strong></span> <span class='ocrx_word' id='word_1_232' title='bbox 964 3301 1060 3378; x_wconf 89' lang='lat' dir='ltr'><strong><em>impia</em></strong></span> <span class='ocrx_word' id='word_1_233' title='bbox 1077 3298 1209 3378; x_wconf 89' lang='lat' dir='ltr'><strong><em>Origeni</em></strong></span> <span class='ocrx_word' id='word_1_234' title='bbox 1225 3301 1270 3361; x_wconf 90' lang='lat' dir='ltr'><strong><em>iu·</em></strong></span> 
     </span>
     <span class='ocr_line' id='line_1_31' title="bbox 150 3399 1270 3482; baseline -0.001 -18"><span class='ocrx_word' id='word_1_235' title='bbox 150 3403 276 3482; x_wconf 88' lang='lat' dir='ltr'><strong><em>scripta</em></strong></span> <span class='ocrx_word' id='word_1_236' title='bbox 300 3404 340 3465; x_wconf 92' lang='lat' dir='ltr'><strong><em>ab</em></strong></span> <span class='ocrx_word' id='word_1_237' title='bbox 362 3405 636 3466; x_wconf 86' lang='lat' dir='ltr'><strong><em>obtrectatoribus</em></strong></span> <span class='ocrx_word' id='word_1_238' title='bbox 659 3403 762 3466; x_wconf 91' lang='lat' dir='ltr'><strong><em>citatis</em></strong></span> <span class='ocrx_word' id='word_1_239' title='bbox 784 3421 800 3463; x_wconf 90' lang='lat' dir='ltr'><strong><em>a</em></strong></span> <span class='ocrx_word' id='word_1_240' title='bbox 826 3402 1009 3482; x_wconf 87' lang='lat' dir='ltr'><strong><em>Pamphilo,</em></strong></span> <span class='ocrx_word' id='word_1_241' title='bbox 1025 3418 1103 3480; x_wconf 88' lang='lat' dir='ltr'><strong><em>prae</em></strong></span> <span class='ocrx_word' id='word_1_242' title='bbox 1125 3399 1270 3464; x_wconf 89' lang='lat' dir='ltr'><strong><em>manibus</em></strong></span> 
     </span>
     <span class='ocr_line' id='line_1_32' title="bbox 150 3502 1270 3584; baseline 0 -20"><span class='ocrx_word' id='word_1_243' title='bbox 150 3503 343 3565; x_wconf 75' lang='lat' dir='ltr'><strong><em>habueruut</em></strong></span> <span class='ocrx_word' id='word_1_244' title='bbox 369 3507 510 3584; x_wconf 87' lang='lat' dir='ltr'><strong><em>primum</em></strong></span> <span class='ocrx_word' id='word_1_245' title='bbox 540 3503 749 3580; x_wconf 87' lang='lat' dir='ltr'><strong><em>Methodins,</em></strong></span> <span class='ocrx_word' id='word_1_246' title='bbox 781 3503 892 3566; x_wconf 90' lang='lat' dir='ltr'><strong><em>deinde</em></strong></span> <span class='ocrx_word' id='word_1_247' title='bbox 923 3503 1120 3583; x_wconf 83' lang='lat' dir='ltr'><strong><em>Epiphanius</em></strong></span> <span class='ocrx_word' id='word_1_248' title='bbox 1149 3502 1270 3582; x_wconf 87' lang='lat' dir='ltr'><strong><em>aliique</em></strong></span> 
     </span>
     <span class='ocr_line' id='line_1_33' title="bbox 153 3604 375 3683; baseline -0.009 -18"><span class='ocrx_word' id='word_1_249' title='bbox 153 3604 309 3682; x_wconf 82' lang='lat' dir='ltr'><strong><em>praelati.</em></strong></span> <span class='ocrx_word' id='word_1_250' title='bbox 335 3604 375 3683; x_wconf 55' lang='grc' dir='ltr'><strong><em>(ἢ</em></strong></span> 
     </span>
    </p>
   </div>
   <div class='ocr_carea' id='block_1_3' title="bbox 149 3851 1269 4302">
    <p class='ocr_par' dir='ltr' id='par_1_4' title="bbox 149 3851 1269 4302">
     <span class='ocr_line' id='line_1_34' title="bbox 149 3851 1267 3928; baseline 0.001 -22"><span class='ocrx_word' id='word_1_251' title='bbox 149 3867 151 3873; x_wconf 78' lang='grc'><em>’</em></span> <span class='ocrx_word' id='word_1_252' title='bbox 232 3853 265 3923; x_wconf 79' lang='lat'><strong><em>(*)</em></strong></span> <span class='ocrx_word' id='word_1_253' title='bbox 286 3853 370 3907; x_wconf 87' lang='lat' dir='ltr'><strong><em>Porro</em></strong></span> <span class='ocrx_word' id='word_1_254' title='bbox 382 3851 417 3908; x_wconf 90' lang='lat' dir='ltr'><strong><em>de</em></strong></span> <span class='ocrx_word' id='word_1_255' title='bbox 428 3852 590 3928; x_wconf 78' lang='lat' dir='ltr'><strong><em>integritate</em></strong></span> <span class='ocrx_word' id='word_1_256' title='bbox 608 3854 748 3910; x_wconf 86' lang='lat' dir='ltr'><strong><em>doctrinae</em></strong></span> <span class='ocrx_word' id='word_1_257' title='bbox 760 3853 937 3928; x_wconf 83' lang='lat' dir='ltr'><strong><em>origenianae</em></strong></span> <span class='ocrx_word' id='word_1_258' title='bbox 949 3853 978 3909; x_wconf 86' lang='lat' dir='ltr'><strong><em>iu</em></strong></span> <span class='ocrx_word' id='word_1_259' title='bbox 992 3853 1146 3912; x_wconf 62' lang='lat' dir='ltr'><strong><em>Perierclton</em></strong></span> <span class='ocrx_word' id='word_1_260' title='bbox 1158 3855 1267 3925; x_wconf 85' lang='lat' dir='ltr'><strong><em>exposi-</em></strong></span> 
     </span>
     <span class='ocr_line' id='line_1_35' title="bbox 152 3943 1264 4020; baseline -0.001 -20"><span class='ocrx_word' id='word_1_261' title='bbox 152 3953 210 4012; x_wconf 83' lang='lat' dir='ltr'><strong><em>tae,</em></strong></span> <span class='ocrx_word' id='word_1_262' title='bbox 224 3943 294 3999; x_wconf 79' lang='lat' dir='ltr'><strong><em>facit</em></strong></span> <span class='ocrx_word' id='word_1_263' title='bbox 312 3944 387 4016; x_wconf 93' lang='lat' dir='ltr'><strong><em>quod</em></strong></span> <span class='ocrx_word' id='word_1_264' title='bbox 400 3962 434 4000; x_wconf 86' lang='lat' dir='ltr'><strong><em>ex</em></strong></span> <span class='ocrx_word' id='word_1_265' title='bbox 446 3945 568 4001; x_wconf 84' lang='lat' dir='ltr'><strong><em>Eusebio</em></strong></span> <span class='ocrx_word' id='word_1_266' title='bbox 581 3947 730 4003; x_wconf 89' lang='lat' dir='ltr'><strong><em>Marcellus</em></strong></span> <span class='ocrx_word' id='word_1_267' title='bbox 749 3963 907 4020; x_wconf 77' lang='lat' dir='ltr'><strong><em>ancyranus</em></strong></span> <span class='ocrx_word' id='word_1_268' title='bbox 925 3948 1031 4003; x_wconf 85' lang='lat' dir='ltr'><strong><em>notavit</em></strong></span> <span class='ocrx_word' id='word_1_269' title='bbox 1042 3948 1077 4002; x_wconf 90' lang='lat' dir='ltr'><strong><em>de</em></strong></span> <span class='ocrx_word' id='word_1_270' title='bbox 1088 3946 1142 4002; x_wconf 91' lang='lat' dir='ltr'><strong><em>hoc</em></strong></span> <span class='ocrx_word' id='word_1_271' title='bbox 1155 3945 1246 4018; x_wconf 90' lang='lat' dir='ltr'><strong><em>Opere</em></strong></span> <span class='ocrx_word' id='word_1_272' title='bbox 1259 3967 1264 3998; x_wconf 92' lang='lat'>:</span> 
     </span>
     <span class='ocr_line' id='line_1_36' title="bbox 155 4036 1266 4115; baseline 0.002 -23"><span class='ocrx_word' id='word_1_273' title='bbox 155 4037 206 4092; x_wconf 91' lang='lat' dir='ltr'><strong><em>ubi</em></strong></span> <span class='ocrx_word' id='word_1_274' title='bbox 224 4036 303 4092; x_wconf 85' lang='lat' dir='ltr'><strong><em>velut</em></strong></span> <span class='ocrx_word' id='word_1_275' title='bbox 316 4037 442 4111; x_wconf 86' lang='lat' dir='ltr'><strong><em>judicem</em></strong></span> <span class='ocrx_word' id='word_1_276' title='bbox 460 4057 490 4094; x_wconf 84' lang='lat' dir='ltr'><strong><em>se</em></strong></span> <span class='ocrx_word' id='word_1_277' title='bbox 508 4040 593 4108; x_wconf 84' lang='lat' dir='ltr'><strong><em>sistit,</em></strong></span> <span class='ocrx_word' id='word_1_278' title='bbox 614 4042 749 4113; x_wconf 81' lang='lat' dir='ltr'><strong><em>quaedam</em></strong></span> <span class='ocrx_word' id='word_1_279' title='bbox 768 4059 891 4115; x_wconf 84' lang='lat' dir='ltr'><strong><em>arguens</em></strong></span> <span class='ocrx_word' id='word_1_280' title='bbox 903 4042 1034 4115; x_wconf 80' lang='lat' dir='ltr'><strong><em>Origeuis</em></strong></span> <span class='ocrx_word' id='word_1_281' title='bbox 1046 4040 1170 4114; x_wconf 74' lang='lat' dir='ltr'><strong><em>genuina</em></strong></span> <span class='ocrx_word' id='word_1_282' title='bbox 1182 4038 1266 4104; x_wconf 83' lang='lat' dir='ltr'><strong><em>dicta,</em></strong></span> 
     </span>
     <span class='ocr_line' id='line_1_37' title="bbox 156 4130 1268 4208; baseline -0.001 -24"><span class='ocrx_word' id='word_1_283' title='bbox 156 4146 210 4185; x_wconf 89' lang='lat' dir='ltr'><strong><em>uec</em></strong></span> <span class='ocrx_word' id='word_1_284' title='bbox 227 4136 323 4186; x_wconf 84' lang='lat' dir='ltr'><strong><em>tamen</em></strong></span> <span class='ocrx_word' id='word_1_285' title='bbox 336 4130 501 4188; x_wconf 85' lang='lat' dir='ltr'><strong><em>refutatione</em></strong></span> <span class='ocrx_word' id='word_1_286' title='bbox 519 4132 615 4206; x_wconf 82' lang='lat' dir='ltr'><strong><em>digna,</em></strong></span> <span class='ocrx_word' id='word_1_287' title='bbox 636 4143 669 4190; x_wconf 85' lang='lat' dir='ltr'><strong><em>ut</em></strong></span> <span class='ocrx_word' id='word_1_288' title='bbox 685 4134 826 4191; x_wconf 81' lang='lat' dir='ltr'><strong><em>Eusebius</em></strong></span> <span class='ocrx_word' id='word_1_289' title='bbox 838 4143 931 4208; x_wconf 87' lang='lat' dir='ltr'><strong><em>&#39;aeque</em></strong></span> <span class='ocrx_word' id='word_1_290' title='bbox 949 4134 1081 4191; x_wconf 84' lang='lat' dir='ltr'><strong><em>ostendit.</em></strong></span> <span class='ocrx_word' id='word_1_291' title='bbox 1095 4133 1167 4190; x_wconf 86' lang='lat' dir='ltr'><strong><em>Onm</em></strong></span> <span class='ocrx_word' id='word_1_292' title='bbox 1178 4131 1268 4204; x_wconf 86' lang='lat' dir='ltr'><strong><em>igitur</em></strong></span> 
     </span>
     <span class='ocr_line' id='line_1_38' title="bbox 158 4222 1269 4302; baseline 0.001 -24"><span class='ocrx_word' id='word_1_293' title='bbox 158 4222 310 4299; x_wconf 83' lang='lat' dir='ltr'><strong><em>Marcellus</em></strong></span> <span class='ocrx_word' id='word_1_294' title='bbox 329 4224 488 4297; x_wconf 87' lang='lat' dir='ltr'><strong><em>etquidem</em></strong></span> <span class='ocrx_word' id='word_1_295' title='bbox 506 4225 548 4281; x_wconf 84' lang='lat' dir='ltr'><strong><em>vir</em></strong></span> <span class='ocrx_word' id='word_1_296' title='bbox 565 4227 666 4284; x_wconf 84' lang='lat' dir='ltr'><strong><em>doctus</em></strong></span> <span class='ocrx_word' id='word_1_297' title='bbox 684 4227 720 4284; x_wconf 94' lang='lat' dir='ltr'><strong><em>ob</em></strong></span> <span class='ocrx_word' id='word_1_298' title='bbox 738 4227 835 4285; x_wconf 84' lang='lat' dir='ltr'><strong><em>oculos</em></strong></span> <span class='ocrx_word' id='word_1_299' title='bbox 853 4245 985 4302; x_wconf 82' lang='lat' dir='ltr'><strong><em>graecum</em></strong></span> <span class='ocrx_word' id='word_1_300' title='bbox 997 4227 1104 4284; x_wconf 86' lang='lat' dir='ltr'><strong><em>habens</em></strong></span> <span class='ocrx_word' id='word_1_301' title='bbox 1115 4223 1269 4284; x_wconf 81' lang='lat' dir='ltr'><strong><em>Pert‘orchen</em></strong></span> 
     </span>
    </p>
   </div>
   <div class='ocr_carea' id='block_1_4' title="bbox 0 0 1448 4784">
    <p class='ocr_par' dir='ltr' id='par_1_5' title="bbox 0 0 1448 4784">
     <span class='ocr_line' id='line_1_39' title="bbox 0 0 1448 4784; baseline 0 0"><span class='ocrx_word' id='word_1_302' title='bbox 0 0 1448 4784; x_wconf 95' lang='lat' dir='ltr'><strong><em> </em></strong></span> 
     </span>
    </p>
   </div>
  </div>
 </body>
</html>
