2886 4784
154 472 249 531 erant
269 463 415 527 omniurn
436 457 649 524 eonscientiae
670 458 810 532 dictata,
835 456 1007 521 traditione
1035 456 1171 521 suffulta
1204 353 1270 538 ,HH

156 583 289 631 ecorum
313 563 458 625 l’atrnm.
481 559 531 623 Ad
553 577 653 640 quem
676 560 880 623 traditionem
902 576 965 621 non
985 557 1093 621 solum
1121 560 1270 623 monachi

155 665 210 729 sed
234 671 267 727 et
291 661 483 742 Pamphilus
500 667 626 743 martyr
646 660 814 741 ceterique
835 658 1001 723 Ecclesiae
1023 657 1180 722 Doctores
1200 677 1271 722 sese

158 771 384 844 receperunt3
405 761 497 823 etad
519 779 618 841 qnam
646 757 835 823 Theotimus
856 767 889 824 et
913 759 1164 841 Chrysostomns
1191 778 1272 840 quo·

157 885 223 947 que
245 864 469 943 appellarunt,
492 880 531 924 ne
550 860 640 924 illius
661 862 903 925 subscriberent
924 861 1132 924 anathemati.

241 966 416 1029 Praeterea
439 964 478 1026 de
500 963 620 1026 eisdem
642 964 806 1026 monachis
840 964 933 1026 valde
965 969 1108 1042 praestat
1137 980 1272 1043 quoque

158 1069 232 1141 iuti
254 1073 368 1130 narrat
390 1065 577 1143 Palladius)
601 1067 818 1128 testimonium
834 1066 1044 1140 clericorum,
1061 1065 1117 1145 qui
1134 1082 1151 1127 a
1167 1061 1273 1127 Then-

161 1166 252 1247 philo
273 1167 313 1229 ed
335 1167 451 1230 urbem
474 1166 595 1245 regiam
619 1165 822 1227 missisunt:
846 1173 878 1227 et
902 1183 984 1243 quos
1014 1164 1053 1227 ed
1084 1183 1119 1227 se
1149 1165 1271 1227 accitus

159 1265 425 1348 chrysostomus,
443 1266 482 1328 de
498 1266 662 1328 monachis
684 1265 827 1343 expulsis
849 1266 1037 1345 interrogat.
1056 1263 1116 1330 Cui
1137 1264 1273 1328 candide

159 1367 400 1447 responderunt
420 1385 455 1430 se
476 1368 603 1428 novisse
624 1367 798 1428 monachos
828 1373 860 1428 et
891 1364 1021 1445 quidem
1054 1368 1210 1431 innocuos
1240 1373 1274 1431 et

160 1468 270 1549 inique
294 1486 313 1530 a
335 1464 517 1548 Theophilo
540 1485 659 1545 passos.

243 1565 326 1631 Vide
346 1586 425 1646 ergo
447 1576 606 1648 qnantum
629 1565 819 1650 Hieronymi
842 1587 882 1631 ex
904 1567 1075 1650 Theophili
1091 1569 1207 1632 litteris
1221 1585 1275 1632 ec·

159 1675 254 1749 cepta
274 1670 422 1731 narratio
445 1669 487 1730 ab
508 1671 567 1731 ista
592 1669 718 1743 variet,
741 1686 840 1746 qnam
870 1671 1022 1747 exposuit
1044 1667 1196 1734 Severus.
1220 1665 1275 1731 Vi·

158 1769 248 1845 dees,
263 1788 329 1850 qua
352 1769 467 1833 iraude
490 1790 567 1833 usus
588 1778 637 1832 est
657 1767 856 1848 Theophilus
877 1779 915 1833 ut
936 1768 1136 1854 Hieronymo
1156 1769 1275 1833 illude·

162 1879 214 1935 ret
234 1880 268 1933 et
291 1889 445 1952 perenm
467 1870 650 1935 Occidentis
673 1873 841 1951 episcopis.
867 1868 999 1935 Cernito
1021 1873 1155 1952 insuper
1174 1889 1274 1949 quam

161 1971 327 2034 immerito
348 1971 549 2052 Theophilus
571 1980 604 2036 et
623 1991 698 2034 cum
720 1990 759 2034 eo
790 1968 1008 2052 Hieronymus
1042 1978 1089 2034 tet
1119 1971 1275 2034 conviciis
1389 1981 1397 1997 ·

160 2071 329 2135 affecerint
342 2074 410 2152 pios
428 2073 526 2147 siros,
544 2074 601 2136 hos
624 2073 805 2133 haereticos
828 2079 1062 2151 nuncupantes,
1078 2070 1204 2150 aspides
1221 2089 1275 2133 ve·

160 2183 307 2248 neantes,
331 2172 471 2236 inriosos
495 2174 652 2248 homines,
676 2171 864 2252 pestiferos,
887 2174 1022 2252 impios,
1046 2171 1165 2257 hydras
1189 2171 1275 2250 sybi-

161 2273 276 2337 lantas.
294 2272 375 2336 vide
395 2274 526 2337 demum
548 2293 646 2354 quern
668 2273 796 2335 diverse
817 2273 856 2335 de
878 2274 915 2335 iis
936 2274 1096 2352 loquetur
1111 2270 1272 2336 Severusa

158 2374 215 2454 pue'
234 2373 305 2446 etsi,
327 2376 384 2451 ait,
404 2377 540 2456 fortasse
561 2373 745 2436 viderentur
754 2392 866 2453 parere
880 2372 1016 2436 debuisse
1029 2374 1192 2456 episcopis,
1208 2393 1274 2439 nnn

158 2484 264 2539 maten
285 2474 322 2537 ab
344 2474 393 2539 bis
414 2485 537 2540 tentem
558 2474 688 2538 itteram
709 2474 935 2537 monachornm
955 2473 1078 2555 copiam
1097 2477 1154 2539 sub
1184 2472 1273 2540 Cleri·

157 2577 201 2639 sti
221 2574 415 2655 consessione
435 2575 610 2640 viventium
633 2575 805 2657 oportuisse
825 2573 934 2655 afflr'pr'.

240 2675 345 2740 Nemo
367 2695 467 2758 porro
489 2679 638 2752 miretur,
655 2677 741 2756 qaod
764 2673 965 2757 Theophilus
988 2681 1062 2742 totis
1086 2677 1210 2742 ritihus
1227 2679 1274 2741 in·

160 2773 295 2848 stiterit,
316 2795 368 2852 ne,
391 2777 548 2841 damnatis
571 2778 662 2840 libris
685 2797 759 2840 curn
781 2795 842 2841 suo
863 2787 999 2841 anctore
1020 2777 1172 2859 Origene,
1190 2778 1276 2842 ulte·

162 2875 231 2939 rius
252 2874 450 2954 legerentur.
475 2876 606 2940 Putavit
626 2881 725 2951 enim,
748 2896 805 2940 nec
827 2880 1002 2950 immerito,
1018 2879 1044 2940 si
1066 2878 1275 2958 posthociu·

161 2975 337 3041 terdiotum
359 2977 446 3039 illius
467 2977 656 3056 legerentur
677 2979 809 3057 scripte,
833 2981 1044 3052 innotescere,
1058 2980 1167 3057 pratis
1188 2979 1273 3041 illud

161 3074 334 3140 decretum
353 3095 372 3139 a
394 3096 429 3140 se
458 3085 491 3141 et
519 3079 560 3140 ab
588 3079 658 3141 aliis
684 3079 788 3142 illusis
815 3079 1019 3158 obsignatum
1048 3078 1169 3142 luisse:
1198 3099 1275 3145 cnm

161 3177 295 3258 genuini
315 3176 463 3258 Origenis
486 3178 612 3243 codices
634 3180 760 3243 abillis
783 3181 903 3243 mendis
924 3181 1082 3243 immunes
1104 3181 1223 3243 iurent.

245 3277 303 3342 His
324 3297 403 3359 erge
426 3266 630 3359 praemissis,
653 3282 705 3344 cui
737 3281 935 3344 credendum
967 3279 1042 3345 est?
1073 3279 1275 3362 Hieronymo

162 3378 289 3456 illuso,
310 3393 368 3445 ant
388 3380 529 3461 sulpitio
549 3380 696 3447 Severo'l
717 3383 769 3446 cui
792 3384 892 3445 ceteri
912 3381 1155 3462 adstipulantur
1174 3383 1275 3445 saneti

163 3471 252 3557 riri,
275 3485 332 3562 qui
353 3485 527 3547 monaches
550 3484 663 3546 deinde
687 3483 802 3547 exules
823 3486 913 3564 prius
936 3481 1170 3568 Hierosolymis
1188 3482 1276 3545 dein·

160 3580 203 3645 de
225 3582 503 3663 Constantinopoli
526 3585 700 3660 viderunt,
723 3603 798 3648 cum
821 3585 884 3648 illis
904 3586 1008 3649 locuti
1024 3584 1106 3648 ‘sunt
1128 3585 1139 3662 (
1151 3585 1181 3646 in
1202 3582 1276 3663 qui·

162 3682 226 3747 bns
249 3686 317 3764 ipse
338 3683 559 3764 Epiphanius)
581 3694 615 3750 et
636 3687 924 3766 perspectissimum
946 3682 1118 3764 Theophili
1135 3683 1278 3746 animad-

165 3793 341 3850 verterunt
361 3788 623 3867 improbitatem,
646 3796 680 3851 et
700 3788 946 3853 ‘monachorum
968 3805 1010 3851 ex
1030 3786 1167 3850 adverso
1192 3786 1275 3848 vitae

162 3894 198 3951 et
221 3886 297 3950 ildei
319 3888 565 3967 integritatem?

246 3986 295 4051 hc
316 3989 443 4053 interim
466 3999 596 4070 praeter
616 3990 786 4068 Severum,
802 3992 857 4072 qui
879 3991 1015 4054 miratus
1034 3997 1094 4065 est,
1110 3986 1275 4070 quomodo

161 4088 323 4170 Origenes
344 4108 430 4154 nane
453 4099 518 4153 tam
538 4099 660 4169 sancta,
678 4093 773 4156 modo
796 4099 860 4154 tam
882 4092 978 4171 impie
993 4090 1137 4154 scrihere
1153 4090 1276 4170 potuis·

161 4198 213 4256 set
220 4210 234 4273 ;
256 4198 289 4256 et
310 4191 392 4256 illud
409 4209 540 4275 qaoque
556 4196 673 4260 mirum
688 4200 748 4274 ast,
764 4192 850 4274 qnod
868 4191 1078 4353 Theophilus1
1080 4191 1150 4354 1lysa
1165 4205 1275 4256 coram
