<?xml version="1.0" encoding="UTF-8"?>
<!DOCTYPE html PUBLIC "-//W3C//DTD XHTML 1.0 Transitional//EN"
    "http://www.w3.org/TR/xhtml1/DTD/xhtml1-transitional.dtd">
<html xmlns="http://www.w3.org/1999/xhtml" xml:lang="en" lang="en">
 <head>
  <title>
</title>
<meta http-equiv="Content-Type" content="text/html;charset=utf-8" />
  <meta name='ocr-system' content='tesseract 3.04.00' />
  <meta name='ocr-capabilities' content='ocr_page ocr_carea ocr_par ocr_line ocrx_word'/>
</head>
<body>
  <div class='ocr_page' id='page_1' title='image "./insgregoriinyss00vincgoog/insgregoriinyss00vincgoog_0424.png"; bbox 0 0 2886 4784; ppageno 0'>
   <div class='ocr_carea' id='block_1_1' title="bbox 157 465 1370 4321">
    <p class='ocr_par' dir='ltr' id='par_1_1' title="bbox 158 465 1279 1567">
     <span class='ocr_line' id='line_1_1' title="bbox 158 465 1272 551; baseline 0.004 -23"><span class='ocrx_word' id='word_1_1' title='bbox 158 467 206 531; x_wconf 88' lang='lat' dir='ltr'><strong><em>his</em></strong></span> <span class='ocrx_word' id='word_1_2' title='bbox 227 465 282 531; x_wconf 88' lang='lat' dir='ltr'><strong><em>sed</em></strong></span> <span class='ocrx_word' id='word_1_3' title='bbox 306 467 417 531; x_wconf 89' lang='lat' dir='ltr'><strong><em>eodem</em></strong></span> <span class='ocrx_word' id='word_1_4' title='bbox 439 486 533 532; x_wconf 87' lang='lat' dir='ltr'><strong><em>sensu</em></strong></span> <span class='ocrx_word' id='word_1_5' title='bbox 556 476 708 548; x_wconf 89' lang='lat' dir='ltr'><strong><em>concepta</em></strong></span> <span class='ocrx_word' id='word_1_6' title='bbox 731 477 805 530; x_wconf 87' lang='lat' dir='ltr'><strong><em>snnt</em></strong></span> <span class='ocrx_word' id='word_1_7' title='bbox 827 477 887 532; x_wconf 89' lang='lat' dir='ltr'><strong><em>ete.</em></strong></span> <span class='ocrx_word' id='word_1_8' title='bbox 905 490 921 528; x_wconf 88' lang='lat' dir='ltr'><strong><em>n</em></strong></span> <span class='ocrx_word' id='word_1_9' title='bbox 936 469 1017 535; x_wconf 81' lang='lat' dir='ltr'><strong><em>Cum</em></strong></span> <span class='ocrx_word' id='word_1_10' title='bbox 1040 469 1150 551; x_wconf 90' lang='lat' dir='ltr'><strong><em>itaque</em></strong></span> <span class='ocrx_word' id='word_1_11' title='bbox 1164 488 1190 531; x_wconf 90' lang='lat' dir='ltr'><strong><em>s.</em></strong></span> <span class='ocrx_word' id='word_1_12' title='bbox 1208 466 1272 533; x_wconf 86' lang='lat' dir='ltr'><strong><em>Do·</em></strong></span> 
     </span>
     <span class='ocr_line' id='line_1_2' title="bbox 158 562 1273 649; baseline 0.002 -18"><span class='ocrx_word' id='word_1_13' title='bbox 158 562 233 632; x_wconf 86' lang='lat' dir='ltr'><strong><em>ctor</em></strong></span> <span class='ocrx_word' id='word_1_14' title='bbox 253 571 284 630; x_wconf 90' lang='lat' dir='ltr'><strong><em>fn</em></strong></span> <span class='ocrx_word' id='word_1_15' title='bbox 306 569 367 634; x_wconf 91' lang='lat' dir='ltr'><strong><em>hoc</em></strong></span> <span class='ocrx_word' id='word_1_16' title='bbox 388 569 461 633; x_wconf 92' lang='lat' dir='ltr'><strong><em>loco</em></strong></span> <span class='ocrx_word' id='word_1_17' title='bbox 486 563 752 634; x_wconf 67' lang='lat' dir='ltr'><strong><em>terba&#39;couferat</em></strong></span> <span class='ocrx_word' id='word_1_18' title='bbox 768 570 887 634; x_wconf 84' lang='lat' dir='ltr'><strong><em>Christi</em></strong></span> <span class='ocrx_word' id='word_1_19' title='bbox 909 589 987 634; x_wconf 91' lang='lat' dir='ltr'><strong><em>cum</em></strong></span> <span class='ocrx_word' id='word_1_20' title='bbox 1003 569 1151 649; x_wconf 73' lang='lat' dir='ltr'><strong>Apostoli</strong></span> <span class='ocrx_word' id='word_1_21' title='bbox 1167 569 1273 646; x_wconf 88' lang='lat' dir='ltr'><strong><em>dictis,</em></strong></span> 
     </span>
     <span class='ocr_line' id='line_1_3' title="bbox 159 669 1273 751; baseline 0.004 -19"><span class='ocrx_word' id='word_1_22' title='bbox 159 690 224 747; x_wconf 77' lang='lat' dir='ltr'><strong><em>sion</em></strong></span> <span class='ocrx_word' id='word_1_23' title='bbox 246 689 285 732; x_wconf 85' lang='lat' dir='ltr'><strong><em>er</em></strong></span> <span class='ocrx_word' id='word_1_24' title='bbox 310 670 465 735; x_wconf 87' lang='lat' dir='ltr'><strong><em>Matthaei</em></strong></span> <span class='ocrx_word' id='word_1_25' title='bbox 487 690 517 734; x_wconf 91' lang='lat' dir='ltr'><strong><em>c.</em></strong></span> <span class='ocrx_word' id='word_1_26' title='bbox 543 669 579 735; x_wconf 86' lang='lat' dir='ltr'><strong><em>V.</em></strong></span> <span class='ocrx_word' id='word_1_27' title='bbox 601 670 656 736; x_wconf 89' lang='lat' dir='ltr'><strong><em>sed</em></strong></span> <span class='ocrx_word' id='word_1_28' title='bbox 678 689 719 736; x_wconf 83' lang='lat' dir='ltr'><strong><em>ax</em></strong></span> <span class='ocrx_word' id='word_1_29' title='bbox 743 691 770 733; x_wconf 89' lang='lat' dir='ltr'><strong><em>c.</em></strong></span> <span class='ocrx_word' id='word_1_30' title='bbox 794 670 882 736; x_wconf 83' lang='lat' dir='ltr'><strong>XlX.</strong></span> <span class='ocrx_word' id='word_1_31' title='bbox 900 674 973 736; x_wconf 90' lang='lat' dir='ltr'><strong><em>inde</em></strong></span> <span class='ocrx_word' id='word_1_32' title='bbox 995 689 1120 751; x_wconf 80' lang='lat' dir='ltr'>nempe,</span> <span class='ocrx_word' id='word_1_33' title='bbox 1138 672 1192 735; x_wconf 91' lang='lat' dir='ltr'><strong><em>nbi</em></strong></span> <span class='ocrx_word' id='word_1_34' title='bbox 1214 691 1273 736; x_wconf 93' lang='lat' dir='ltr'><strong><em>au·</em></strong></span> 
     </span>
     <span class='ocr_line' id='line_1_4' title="bbox 159 771 1277 855; baseline 0.004 -21"><span class='ocrx_word' id='word_1_35' title='bbox 159 773 284 836; x_wconf 87' lang='lat' dir='ltr'><strong><em>dientes</em></strong></span> <span class='ocrx_word' id='word_1_36' title='bbox 305 771 455 852; x_wconf 87' lang='lat' dir='ltr'><strong><em>discipuli</em></strong></span> <span class='ocrx_word' id='word_1_37' title='bbox 478 774 619 837; x_wconf 82' lang='lat' dir='ltr'><strong><em>divinam</em></strong></span> <span class='ocrx_word' id='word_1_38' title='bbox 637 775 826 838; x_wconf 89' lang='lat' dir='ltr'><strong><em>sententiam</em></strong></span> <span class='ocrx_word' id='word_1_39' title='bbox 846 775 884 838; x_wconf 91' lang='lat' dir='ltr'><strong><em>de</em></strong></span> <span class='ocrx_word' id='word_1_40' title='bbox 906 774 1047 855; x_wconf 84' lang='lat' dir='ltr'><strong><em>conjugii</em></strong></span> <span class='ocrx_word' id='word_1_41' title='bbox 1063 774 1277 839; x_wconf 85' lang='lat' dir='ltr'><strong><em>insolubilita-</em></strong></span> 
     </span>
     <span class='ocr_line' id='line_1_5' title="bbox 163 873 1277 952; baseline 0.005 -16"><span class='ocrx_word' id='word_1_42' title='bbox 163 882 207 950; x_wconf 91' lang='lat' dir='ltr'><strong><em>te,</em></strong></span> <span class='ocrx_word' id='word_1_43' title='bbox 232 875 326 938; x_wconf 82' lang='lat' dir='ltr'><strong><em>valde</em></strong></span> <span class='ocrx_word' id='word_1_44' title='bbox 348 875 456 938; x_wconf 90' lang='lat' dir='ltr'><strong><em>mirati</em></strong></span> <span class='ocrx_word' id='word_1_45' title='bbox 476 886 573 952; x_wconf 88' lang='lat' dir='ltr'><strong><em>sunt,</em></strong></span> <span class='ocrx_word' id='word_1_46' title='bbox 596 884 628 939; x_wconf 91' lang='lat' dir='ltr'><strong><em>et</em></strong></span> <span class='ocrx_word' id='word_1_47' title='bbox 648 875 821 950; x_wconf 83' lang='lat' dir='ltr'><strong><em>dixerunt,</em></strong></span> <span class='ocrx_word' id='word_1_48' title='bbox 844 873 873 938; x_wconf 88' lang='lat' dir='ltr'><strong><em>si</em></strong></span> <span class='ocrx_word' id='word_1_49' title='bbox 891 874 937 939; x_wconf 89' lang='lat' dir='ltr'><strong><em>ita</em></strong></span> <span class='ocrx_word' id='word_1_50' title='bbox 957 886 1002 939; x_wconf 90' lang='lat' dir='ltr'><strong><em>est</em></strong></span> <span class='ocrx_word' id='word_1_51' title='bbox 1022 894 1120 940; x_wconf 89' lang='lat' dir='ltr'><strong><em>cansa</em></strong></span> <span class='ocrx_word' id='word_1_52' title='bbox 1140 874 1277 942; x_wconf 79' lang='lat' dir='ltr'><strong><em>hominis</em></strong></span> 
     </span>
     <span class='ocr_line' id='line_1_6' title="bbox 160 975 1275 1070; baseline 0.003 -31"><span class='ocrx_word' id='word_1_53' title='bbox 160 994 237 1039; x_wconf 84' lang='lat' dir='ltr'><strong><em>aem</em></strong></span> <span class='ocrx_word' id='word_1_54' title='bbox 256 996 358 1038; x_wconf 82' lang='lat' dir='ltr'><strong><em>neore</em></strong></span> <span class='ocrx_word' id='word_1_55' title='bbox 370 1020 383 1052; x_wconf 89' lang='lat'><em>,</em></span> <span class='ocrx_word' id='word_1_56' title='bbox 403 984 473 1040; x_wconf 89' lang='lat' dir='ltr'><strong><em>rmn&#39;</em></strong></span> <span class='ocrx_word' id='word_1_57' title='bbox 495 975 620 1058; x_wconf 83' lang='lat' dir='ltr'><strong><em>capedit</em></strong></span> <span class='ocrx_word' id='word_1_58' title='bbox 650 978 786 1070; x_wconf 72' lang='lat' dir='ltr'><strong><em>nocero,</em></strong></span> <span class='ocrx_word' id='word_1_59' title='bbox 815 977 892 1060; x_wconf 87' lang='lat' dir='ltr'><strong><em>jure</em></strong></span> <span class='ocrx_word' id='word_1_60' title='bbox 918 978 1090 1063; x_wconf 87' lang='lat' dir='ltr'><strong><em>conjicitur</em></strong></span> <span class='ocrx_word' id='word_1_61' title='bbox 1121 996 1275 1059; x_wconf 83' lang='lat' dir='ltr'><strong><em>graecum</em></strong></span> 
     </span>
     <span class='ocr_line' id='line_1_7' title="bbox 161 1074 1279 1165; baseline 0.001 -22"><span class='ocrx_word' id='word_1_62' title='bbox 161 1074 333 1158; x_wconf 78' lang='lat' dir='ltr'>Evangelii</span> <span class='ocrx_word' id='word_1_63' title='bbox 356 1079 525 1154; x_wconf 85' lang='lat' dir='ltr'><strong>codicem,</strong></span> <span class='ocrx_word' id='word_1_64' title='bbox 547 1098 645 1160; x_wconf 90' lang='lat' dir='ltr'><strong><em>quem</em></strong></span> <span class='ocrx_word' id='word_1_65' title='bbox 668 1097 745 1159; x_wconf 89' lang='lat' dir='ltr'><strong><em>prae</em></strong></span> <span class='ocrx_word' id='word_1_66' title='bbox 768 1079 916 1143; x_wconf 91' lang='lat' dir='ltr'><strong><em>manibus</em></strong></span> <span class='ocrx_word' id='word_1_67' title='bbox 942 1080 1054 1143; x_wconf 89' lang='lat' dir='ltr'><strong><em>habuit</em></strong></span> <span class='ocrx_word' id='word_1_68' title='bbox 1087 1078 1279 1165; x_wconf 78' lang='lat' dir='ltr'><strong><em>Chrysusto·</em></strong></span> 
     </span>
     <span class='ocr_line' id='line_1_8' title="bbox 162 1177 1278 1262; baseline 0.004 -20"><span class='ocrx_word' id='word_1_69' title='bbox 162 1198 250 1254; x_wconf 85' lang='lat' dir='ltr'><strong><em>mus,</em></strong></span> <span class='ocrx_word' id='word_1_70' title='bbox 266 1181 297 1241; x_wconf 91' lang='lat' dir='ltr'><strong><em>iu</em></strong></span> <span class='ocrx_word' id='word_1_71' title='bbox 321 1199 349 1244; x_wconf 88' lang='lat' dir='ltr'><strong><em>c.</em></strong></span> <span class='ocrx_word' id='word_1_72' title='bbox 373 1177 459 1245; x_wconf 84' lang='lat' dir='ltr'><strong><em>xtx.</em></strong></span> <span class='ocrx_word' id='word_1_73' title='bbox 482 1181 580 1243; x_wconf 83' lang='lat' dir='ltr'><strong><em>eiiam</em></strong></span> <span class='ocrx_word' id='word_1_74' title='bbox 602 1184 767 1246; x_wconf 89' lang='lat' dir='ltr'><strong><em>continere</em></strong></span> <span class='ocrx_word' id='word_1_75' title='bbox 788 1181 960 1245; x_wconf 90' lang='lat' dir='ltr'><strong><em>lectionem</em></strong></span> <span class='ocrx_word' id='word_1_76' title='bbox 981 1181 1021 1244; x_wconf 93' lang='lat' dir='ltr'><strong><em>ab</em></strong></span> <span class='ocrx_word' id='word_1_77' title='bbox 1043 1199 1094 1260; x_wconf 90' lang='lat' dir='ltr'><strong><em>ea,</em></strong></span> <span class='ocrx_word' id='word_1_78' title='bbox 1116 1200 1200 1262; x_wconf 84' lang='lat' dir='ltr'><strong><em>quae</em></strong></span> <span class='ocrx_word' id='word_1_79' title='bbox 1221 1181 1278 1247; x_wconf 89' lang='lat' dir='ltr'><strong><em>ho·</em></strong></span> 
     </span>
     <span class='ocr_line' id='line_1_9' title="bbox 162 1278 1278 1363; baseline 0.003 -23"><span class='ocrx_word' id='word_1_80' title='bbox 162 1278 216 1343; x_wconf 90' lang='lat' dir='ltr'><strong><em>die</em></strong></span> <span class='ocrx_word' id='word_1_81' title='bbox 239 1280 386 1343; x_wconf 88' lang='lat' dir='ltr'><strong><em>occurrit</em></strong></span> <span class='ocrx_word' id='word_1_82' title='bbox 406 1280 438 1342; x_wconf 92' lang='lat' dir='ltr'><strong><em>iu</em></strong></span> <span class='ocrx_word' id='word_1_83' title='bbox 461 1280 592 1360; x_wconf 83' lang='lat' dir='ltr'><strong><em>vulgata</em></strong></span> <span class='ocrx_word' id='word_1_84' title='bbox 613 1298 727 1360; x_wconf 81' lang='lat' dir='ltr'><strong><em>graeca</em></strong></span> <span class='ocrx_word' id='word_1_85' title='bbox 751 1289 782 1343; x_wconf 91' lang='lat' dir='ltr'><strong><em>et</em></strong></span> <span class='ocrx_word' id='word_1_86' title='bbox 802 1280 901 1344; x_wconf 89' lang='lat' dir='ltr'><strong><em>latina</em></strong></span> <span class='ocrx_word' id='word_1_87' title='bbox 924 1280 1085 1345; x_wconf 73' lang='lat' dir='ltr'>editione:</span> <span class='ocrx_word' id='word_1_88' title='bbox 1108 1278 1164 1363; x_wconf 88' lang='lat' dir='ltr'><strong><em>qni</em></strong></span> <span class='ocrx_word' id='word_1_89' title='bbox 1183 1278 1278 1344; x_wconf 90' lang='lat' dir='ltr'><strong><em>dimi-</em></strong></span> 
     </span>
     <span class='ocr_line' id='line_1_10' title="bbox 158 1378 1274 1464; baseline 0.004 -22"><span class='ocrx_word' id='word_1_90' title='bbox 158 1378 240 1444; x_wconf 81' lang='lat' dir='ltr'><strong><em>rerit</em></strong></span> <span class='ocrx_word' id='word_1_91' title='bbox 261 1400 393 1445; x_wconf 76' lang='lat' dir='ltr'><strong><em>oaorem</em></strong></span> <span class='ocrx_word' id='word_1_92' title='bbox 415 1401 506 1447; x_wconf 84' lang='lat' dir='ltr'><strong><em>ruam</em></strong></span> <span class='ocrx_word' id='word_1_93' title='bbox 527 1381 593 1445; x_wconf 85' lang='lat' dir='ltr'><strong><em>nisi</em></strong></span> <span class='ocrx_word' id='word_1_94' title='bbox 613 1383 648 1445; x_wconf 82' lang='lat' dir='ltr'><strong><em>ab</em></strong></span> <span class='ocrx_word' id='word_1_95' title='bbox 669 1380 914 1463; x_wconf 72' lang='lat' dir='ltr'><strong><em>fornicationem</em></strong></span> <span class='ocrx_word' id='word_1_96' title='bbox 944 1392 971 1445; x_wconf 90' lang='lat' dir='ltr'><strong><em>et</em></strong></span> <span class='ocrx_word' id='word_1_97' title='bbox 997 1380 1097 1447; x_wconf 84' lang='lat' dir='ltr'><strong><em>aliam</em></strong></span> <span class='ocrx_word' id='word_1_98' title='bbox 1124 1381 1274 1464; x_wconf 80' lang='lat' dir='ltr'><strong><em>decerit,</em></strong></span> 
     </span>
     <span class='ocr_line' id='line_1_11' title="bbox 160 1476 1053 1567; baseline -0.001 -19"><span class='ocrx_word' id='word_1_99' title='bbox 160 1484 365 1557; x_wconf 58' lang='lat' dir='ltr'><strong><em>moechatum·</em></strong></span> <span class='ocrx_word' id='word_1_100' title='bbox 387 1493 415 1545; x_wconf 92' lang='lat' dir='ltr'><strong><em>et</em></strong></span> <span class='ocrx_word' id='word_1_101' title='bbox 436 1483 493 1567; x_wconf 82' lang='lat' dir='ltr'><strong><em>qni</em></strong></span> <span class='ocrx_word' id='word_1_102' title='bbox 512 1483 677 1547; x_wconf 73' lang='lat' dir='ltr'><strong><em>dimissam</em></strong></span> <span class='ocrx_word' id='word_1_103' title='bbox 699 1485 841 1561; x_wconf 80' lang='lat' dir='ltr'><strong><em>decerit,</em></strong></span> <span class='ocrx_word' id='word_1_104' title='bbox 862 1476 1053 1549; x_wconf 72' lang='lat' dir='ltr'><strong><em>moechatae.</em></strong></span> 
     </span>
    </p>

    <p class='ocr_par' dir='ltr' id='par_1_2' title="bbox 157 1584 1370 2377">
     <span class='ocr_line' id='line_1_12' title="bbox 246 1584 1279 1668; baseline 0.001 -20"><span class='ocrx_word' id='word_1_105' title='bbox 246 1585 281 1648; x_wconf 93' lang='lat' dir='ltr'><strong><em>ln</em></strong></span> <span class='ocrx_word' id='word_1_106' title='bbox 302 1587 415 1650; x_wconf 89' lang='lat' dir='ltr'><strong><em>eodem</em></strong></span> <span class='ocrx_word' id='word_1_107' title='bbox 437 1584 562 1663; x_wconf 81' lang='lat' dir='ltr'><strong><em>Temo,</em></strong></span> <span class='ocrx_word' id='word_1_108' title='bbox 584 1587 735 1649; x_wconf 85' lang='lat' dir='ltr'><strong><em>adversus</em></strong></span> <span class='ocrx_word' id='word_1_109' title='bbox 755 1607 804 1651; x_wconf 91' lang='lat' dir='ltr'><strong><em>eos</em></strong></span> <span class='ocrx_word' id='word_1_110' title='bbox 825 1584 881 1668; x_wconf 84' lang='lat' dir='ltr'><strong><em>qni</em></strong></span> <span class='ocrx_word' id='word_1_111' title='bbox 901 1587 1093 1667; x_wconf 78' lang='lat' dir='ltr'><strong><em>jodaeorum</em></strong></span> <span class='ocrx_word' id='word_1_112' title='bbox 1117 1584 1279 1668; x_wconf 73' lang='lat' dir='ltr'><strong><em>jejunium</em></strong></span> 
     </span>
     <span class='ocr_line' id='line_1_13' title="bbox 157 1683 1279 1769; baseline 0.004 -23"><span class='ocrx_word' id='word_1_113' title='bbox 157 1685 312 1769; x_wconf 74' lang='lat' dir='ltr'><strong><em>jejunant</em></strong></span> <span class='ocrx_word' id='word_1_114' title='bbox 333 1696 396 1750; x_wconf 89' lang='lat' dir='ltr'><strong><em>etc.</em></strong></span> <span class='ocrx_word' id='word_1_115' title='bbox 419 1705 449 1746; x_wconf 88' lang='lat' dir='ltr'><strong><em>u.</em></strong></span> <span class='ocrx_word' id='word_1_116' title='bbox 463 1683 493 1750; x_wconf 81' lang='lat'><strong><em>3.</em></strong></span> <span class='ocrx_word' id='word_1_117' title='bbox 507 1689 573 1750; x_wconf 80' lang='lat' dir='ltr'><strong><em>ait:</em></strong></span> <span class='ocrx_word' id='word_1_118' title='bbox 592 1708 608 1745; x_wconf 82' lang='lat' dir='ltr'><strong><em>a</em></strong></span> <span class='ocrx_word' id='word_1_119' title='bbox 624 1683 733 1766; x_wconf 81' lang='lat' dir='ltr'><strong><em>Siquis</em></strong></span> <span class='ocrx_word' id='word_1_120' title='bbox 755 1690 838 1749; x_wconf 92' lang='lat' dir='ltr'><strong><em>enim</em></strong></span> <span class='ocrx_word' id='word_1_121' title='bbox 860 1686 950 1749; x_wconf 77' lang='lat' dir='ltr'><strong><em>trahit</em></strong></span> <span class='ocrx_word' id='word_1_122' title='bbox 971 1705 1101 1748; x_wconf 80' lang='lat' dir='ltr'><strong><em>oaorem</em></strong></span> <span class='ocrx_word' id='word_1_123' title='bbox 1122 1684 1279 1765; x_wconf 78' lang='lat' dir='ltr'><strong><em>infidelem</em></strong></span> 
     </span>
     <span class='ocr_line' id='line_1_14' title="bbox 162 1783 1370 1864; baseline 0.003 -15"><span class='ocrx_word' id='word_1_124' title='bbox 162 1799 193 1850; x_wconf 86' lang='lat' dir='ltr'><strong><em>at</em></strong></span> <span class='ocrx_word' id='word_1_125' title='bbox 212 1788 288 1850; x_wconf 81' lang='lat' dir='ltr'><strong><em>iaec</em></strong></span> <span class='ocrx_word' id='word_1_126' title='bbox 309 1783 463 1851; x_wconf 71' lang='lat' dir='ltr'><em>consentit</em></span> <span class='ocrx_word' id='word_1_127' title='bbox 484 1785 623 1851; x_wconf 82' lang='lat' dir='ltr'><strong><em>hahitare</em></strong></span> <span class='ocrx_word' id='word_1_128' title='bbox 643 1808 715 1851; x_wconf 80' lang='lat' dir='ltr'><strong><em>enen</em></strong></span> <span class='ocrx_word' id='word_1_129' title='bbox 740 1786 819 1864; x_wconf 85' lang='lat' dir='ltr'><strong><em>itio,</em></strong></span> <span class='ocrx_word' id='word_1_130' title='bbox 850 1806 914 1851; x_wconf 90' lang='lat' dir='ltr'><strong><em>nan</em></strong></span> <span class='ocrx_word' id='word_1_131' title='bbox 945 1786 1087 1852; x_wconf 89' lang='lat' dir='ltr'><strong><em>dimittat</em></strong></span> <span class='ocrx_word' id='word_1_132' title='bbox 1118 1788 1221 1853; x_wconf 88' lang='lat' dir='ltr'><strong><em>iiiam.</em></strong></span> <span class='ocrx_word' id='word_1_133' title='bbox 1245 1787 1279 1853; x_wconf 85' lang='lat' dir='ltr'><strong><em>st</em></strong></span> <span class='ocrx_word' id='word_1_134' title='bbox 1367 1786 1370 1792; x_wconf 80' lang='grc'><strong>’</strong></span> 
     </span>
     <span class='ocr_line' id='line_1_15' title="bbox 163 1890 1273 1971; baseline -0.001 -19"><span class='ocrx_word' id='word_1_135' title='bbox 163 1909 245 1953; x_wconf 78' lang='lat' dir='ltr'><strong><em>rere</em></strong></span> <span class='ocrx_word' id='word_1_136' title='bbox 268 1892 470 1952; x_wconf 75' lang='lat' dir='ltr'><strong><em>meretricem</em></strong></span> <span class='ocrx_word' id='word_1_137' title='bbox 492 1899 524 1952; x_wconf 89' lang='lat' dir='ltr'><strong><em>et</em></strong></span> <span class='ocrx_word' id='word_1_138' title='bbox 545 1891 741 1964; x_wconf 76' lang='lat' dir='ltr'><strong><em>adulteram,</em></strong></span> <span class='ocrx_word' id='word_1_139' title='bbox 765 1890 882 1971; x_wconf 83' lang='lat' dir='ltr'><strong><em>ejicere</em></strong></span> <span class='ocrx_word' id='word_1_140' title='bbox 905 1891 1033 1955; x_wconf 89' lang='lat' dir='ltr'><strong><em>minime</em></strong></span> <span class='ocrx_word' id='word_1_141' title='bbox 1056 1890 1273 1970; x_wconf 80' lang='lat' dir='ltr'><strong><em>prohibetur3</em></strong></span> 
     </span>
     <span class='ocr_line' id='line_1_16' title="bbox 161 1989 1278 2074; baseline 0.001 -20"><span class='ocrx_word' id='word_1_142' title='bbox 161 1989 310 2074; x_wconf 77' lang='lat' dir='ltr'><strong><em>quisquis</em></strong></span> <span class='ocrx_word' id='word_1_143' title='bbox 329 1990 412 2054; x_wconf 88' lang='lat' dir='ltr'><strong><em>enim</em></strong></span> <span class='ocrx_word' id='word_1_144' title='bbox 433 1989 590 2054; x_wconf 76' lang='lat' dir='ltr'><strong><em>dimiserit</em></strong></span> <span class='ocrx_word' id='word_1_145' title='bbox 611 2010 742 2054; x_wconf 78' lang='lat' dir='ltr'><strong><em>neonem</em></strong></span> <span class='ocrx_word' id='word_1_146' title='bbox 773 2011 866 2054; x_wconf 88' lang='lat' dir='ltr'><strong><em>snam</em></strong></span> <span class='ocrx_word' id='word_1_147' title='bbox 891 2001 1020 2073; x_wconf 81' lang='lat' dir='ltr'><strong><em>eccepto</em></strong></span> <span class='ocrx_word' id='word_1_148' title='bbox 1049 1991 1278 2070; x_wconf 78' lang='lat' dir='ltr'><strong><em>fornicationis</em></strong></span> 
     </span>
     <span class='ocr_line' id='line_1_17' title="bbox 163 2092 1275 2175; baseline -0.001 -17"><span class='ocrx_word' id='word_1_149' title='bbox 163 2114 290 2168; x_wconf 84' lang='lat' dir='ltr'><strong><em>caesa,</em></strong></span> <span class='ocrx_word' id='word_1_150' title='bbox 309 2093 389 2175; x_wconf 88' lang='lat' dir='ltr'><strong><em>facit</em></strong></span> <span class='ocrx_word' id='word_1_151' title='bbox 410 2113 478 2156; x_wconf 88' lang='lat' dir='ltr'><strong><em>eam</em></strong></span> <span class='ocrx_word' id='word_1_152' title='bbox 498 2092 675 2169; x_wconf 77' lang='lat' dir='ltr'><strong><em>moechari,</em></strong></span> <span class='ocrx_word' id='word_1_153' title='bbox 700 2096 811 2174; x_wconf 88' lang='lat' dir='ltr'><strong><em>itaque</em></strong></span> <span class='ocrx_word' id='word_1_154' title='bbox 831 2096 873 2158; x_wconf 92' lang='lat' dir='ltr'><strong><em>oh</em></strong></span> <span class='ocrx_word' id='word_1_155' title='bbox 895 2095 1115 2157; x_wconf 69' lang='lat' dir='ltr'><strong><em>fornicationis</em></strong></span> <span class='ocrx_word' id='word_1_156' title='bbox 1143 2112 1275 2158; x_wconf 89' lang='lat' dir='ltr'><strong><em>causam</em></strong></span> 
     </span>
     <span class='ocr_line' id='line_1_18' title="bbox 163 2190 1280 2275; baseline 0 -15"><span class='ocrx_word' id='word_1_157' title='bbox 163 2195 246 2260; x_wconf 89' lang='lat' dir='ltr'><strong><em>licet</em></strong></span> <span class='ocrx_word' id='word_1_158' title='bbox 266 2190 475 2260; x_wconf 70' lang='lat' dir='ltr'><strong><em>dimitteres</em></strong></span> <span class='ocrx_word' id='word_1_159' title='bbox 495 2196 528 2258; x_wconf 90' lang='lat' dir='ltr'><strong><em>in</em></strong></span> <span class='ocrx_word' id='word_1_160' title='bbox 545 2204 686 2275; x_wconf 87' lang='lat' dir='ltr'><strong><em>utroque</em></strong></span> <span class='ocrx_word' id='word_1_161' title='bbox 709 2197 890 2259; x_wconf 88' lang='lat' dir='ltr'><strong><em>testimonio</em></strong></span> <span class='ocrx_word' id='word_1_162' title='bbox 912 2196 1118 2259; x_wconf 89' lang='lat' dir='ltr'><strong><em>desideratur</em></strong></span> <span class='ocrx_word' id='word_1_163' title='bbox 1139 2197 1280 2260; x_wconf 86' lang='lat' dir='ltr'><strong><em>aiterum</em></strong></span> 
     </span>
     <span class='ocr_line' id='line_1_19' title="bbox 166 2293 1119 2377; baseline -0.003 -16"><span class='ocrx_word' id='word_1_164' title='bbox 166 2299 433 2362; x_wconf 83' lang='lat' dir='ltr'><strong><em>hemistichium:</em></strong></span> <span class='ocrx_word' id='word_1_165' title='bbox 456 2307 484 2359; x_wconf 88' lang='lat' dir='ltr'><strong><em>et</em></strong></span> <span class='ocrx_word' id='word_1_166' title='bbox 505 2295 563 2377; x_wconf 87' lang='lat' dir='ltr'><strong><em>qni</em></strong></span> <span class='ocrx_word' id='word_1_167' title='bbox 582 2293 747 2360; x_wconf 86' lang='lat' dir='ltr'><strong><em>dimissam</em></strong></span> <span class='ocrx_word' id='word_1_168' title='bbox 768 2297 1119 2372; x_wconf 65' lang='lat' dir='ltr'><strong><em>discriminantem.</em></strong></span> 
     </span>
    </p>

    <p class='ocr_par' dir='ltr' id='par_1_3' title="bbox 159 2397 1294 4321">
     <span class='ocr_line' id='line_1_20' title="bbox 248 2397 1282 2465; baseline -0.004 0"><span class='ocrx_word' id='word_1_169' title='bbox 248 2403 283 2465; x_wconf 90' lang='lat' dir='ltr'><strong><em>iu</em></strong></span> <span class='ocrx_word' id='word_1_170' title='bbox 303 2398 405 2464; x_wconf 79' lang='lat' dir='ltr'><strong><em>Temo</em></strong></span> <span class='ocrx_word' id='word_1_171' title='bbox 431 2398 487 2463; x_wconf 91' lang='lat' dir='ltr'><strong><em>ttt.</em></strong></span> <span class='ocrx_word' id='word_1_172' title='bbox 510 2397 650 2463; x_wconf 85' lang='lat' dir='ltr'><strong><em>Humilia</em></strong></span> <span class='ocrx_word' id='word_1_173' title='bbox 668 2399 711 2461; x_wconf 90' lang='lat' dir='ltr'><strong><em>De</em></strong></span> <span class='ocrx_word' id='word_1_174' title='bbox 732 2401 833 2463; x_wconf 88' lang='lat' dir='ltr'><strong><em>decem</em></strong></span> <span class='ocrx_word' id='word_1_175' title='bbox 855 2398 992 2463; x_wconf 87' lang='lat' dir='ltr'><strong><em>miiiiam</em></strong></span> <span class='ocrx_word' id='word_1_176' title='bbox 1016 2401 1209 2463; x_wconf 78' lang='lat' dir='ltr'><strong><em>talentorum</em></strong></span> <span class='ocrx_word' id='word_1_177' title='bbox 1231 2402 1282 2463; x_wconf 89' lang='lat' dir='ltr'><strong><em>de·</em></strong></span> 
     </span>
     <span class='ocr_line' id='line_1_21' title="bbox 162 2500 1280 2582; baseline -0.004 -13"><span class='ocrx_word' id='word_1_178' title='bbox 162 2503 231 2569; x_wconf 80' lang='lat' dir='ltr'><strong><em>frito</em></strong></span> <span class='ocrx_word' id='word_1_179' title='bbox 252 2523 282 2566; x_wconf 90' lang='lat' dir='ltr'><strong><em>n.</em></strong></span> <span class='ocrx_word' id='word_1_180' title='bbox 304 2501 335 2568; x_wconf 84' lang='lat'><strong><em>3.</em></strong></span> <span class='ocrx_word' id='word_1_181' title='bbox 360 2521 485 2566; x_wconf 88' lang='lat' dir='ltr'><strong><em>comrna</em></strong></span> <span class='ocrx_word' id='word_1_182' title='bbox 508 2503 538 2569; x_wconf 81' lang='grc'><strong><em>9.</em></strong></span> <span class='ocrx_word' id='word_1_183' title='bbox 560 2522 588 2566; x_wconf 87' lang='lat' dir='ltr'><strong><em>c.</em></strong></span> <span class='ocrx_word' id='word_1_184' title='bbox 613 2500 702 2567; x_wconf 79' lang='lat' dir='ltr'><strong>XIX.</strong></span> <span class='ocrx_word' id='word_1_185' title='bbox 719 2521 760 2565; x_wconf 80' lang='lat' dir='ltr'><strong><em>ex</em></strong></span> <span class='ocrx_word' id='word_1_186' title='bbox 782 2501 949 2566; x_wconf 87' lang='lat' dir='ltr'><strong><em>Matthaeo</em></strong></span> <span class='ocrx_word' id='word_1_187' title='bbox 973 2512 1132 2582; x_wconf 88' lang='lat' dir='ltr'><strong><em>repetens,</em></strong></span> <span class='ocrx_word' id='word_1_188' title='bbox 1151 2505 1280 2582; x_wconf 82' lang='lat' dir='ltr'><strong><em>inquit:</em></strong></span> 
     </span>
     <span class='ocr_line' id='line_1_22' title="bbox 166 2604 1285 2682; baseline -0.002 -14"><span class='ocrx_word' id='word_1_189' title='bbox 166 2631 184 2668; x_wconf 83' lang='lat' dir='ltr'><strong><em>n</em></strong></span> <span class='ocrx_word' id='word_1_190' title='bbox 209 2608 338 2671; x_wconf 82' lang='lat' dir='ltr'><strong><em>Rursus</em></strong></span> <span class='ocrx_word' id='word_1_191' title='bbox 363 2605 401 2667; x_wconf 92' lang='lat' dir='ltr'><strong><em>de</em></strong></span> <span class='ocrx_word' id='word_1_192' title='bbox 424 2605 629 2668; x_wconf 88' lang='lat' dir='ltr'><strong><em>matrimonio</em></strong></span> <span class='ocrx_word' id='word_1_193' title='bbox 651 2614 682 2666; x_wconf 93' lang='lat' dir='ltr'><strong><em>et</em></strong></span> <span class='ocrx_word' id='word_1_194' title='bbox 707 2623 811 2667; x_wconf 85' lang='lat' dir='ltr'><strong><em>uxore</em></strong></span> <span class='ocrx_word' id='word_1_195' title='bbox 832 2605 1016 2682; x_wconf 82' lang='lat' dir='ltr'><strong><em>disputante</em></strong></span> <span class='ocrx_word' id='word_1_196' title='bbox 1036 2604 1165 2670; x_wconf 88' lang='lat' dir='ltr'><strong><em>Christo</em></strong></span> <span class='ocrx_word' id='word_1_197' title='bbox 1187 2622 1224 2667; x_wconf 92' lang='lat' dir='ltr'><strong><em>ac</em></strong></span> <span class='ocrx_word' id='word_1_198' title='bbox 1238 2605 1285 2666; x_wconf 91' lang='lat' dir='ltr'><strong><em>di-</em></strong></span> 
     </span>
     <span class='ocr_line' id='line_1_23' title="bbox 164 2697 1289 2809; baseline 0.002 -37"><span class='ocrx_word' id='word_1_199' title='bbox 164 2722 283 2773; x_wconf 77' lang='lat' dir='ltr'><strong><em>eentee</em></strong></span> <span class='ocrx_word' id='word_1_200' title='bbox 307 2703 357 2776; x_wconf 80' lang='grc' dir='ltr'><strong><em>ὅτι</em></strong></span> <span class='ocrx_word' id='word_1_201' title='bbox 381 2703 528 2776; x_wconf 74' lang='grc' dir='ltr'><em>ἀπολύων</em></span> <span class='ocrx_word' id='word_1_202' title='bbox 552 2697 612 2787; x_wconf 72' lang='lat' dir='ltr'><strong><em>aie</em></strong></span> <span class='ocrx_word' id='word_1_203' title='bbox 635 2709 774 2794; x_wconf 76' lang='grc' dir='ltr'><strong><em>γυνᾶικα</em></strong></span> <span class='ocrx_word' id='word_1_204' title='bbox 799 2701 896 2773; x_wconf 71' lang='lat' dir='ltr'><strong><em>derio</em></strong></span> <span class='ocrx_word' id='word_1_205' title='bbox 919 2698 1074 2806; x_wconf 71' lang='grc' dir='ltr'><em>παρεκτός</em></span> <span class='ocrx_word' id='word_1_206' title='bbox 1098 2702 1193 2799; x_wconf 67' lang='lat' dir='ltr'><strong><em>idme</em></strong></span> <span class='ocrx_word' id='word_1_207' title='bbox 1216 2726 1289 2809; x_wconf 64' lang='lat' dir='ltr'><strong><em>nef</em></strong></span> 
     </span>
     <span class='ocr_line' id='line_1_24' title="bbox 162 2807 1285 2904; baseline -0.007 -21"><span class='ocrx_word' id='word_1_208' title='bbox 162 2809 269 2894; x_wconf 80' lang='grc' dir='ltr'><strong><em>νέιας,</em></strong></span> <span class='ocrx_word' id='word_1_209' title='bbox 292 2812 376 2882; x_wconf 76' lang='lat' dir='ltr'><strong><em>norit</em></strong></span> <span class='ocrx_word' id='word_1_210' title='bbox 400 2807 501 2893; x_wconf 71' lang='lat' dir='ltr'><strong><em>decit</em></strong></span> <span class='ocrx_word' id='word_1_211' title='bbox 525 2812 768 2904; x_wconf 67' lang='grc' dir='ltr'><strong><em>μοιχευθῆναι,</em></strong></span> <span class='ocrx_word' id='word_1_212' title='bbox 791 2811 943 2891; x_wconf 82' lang='lat' dir='ltr'><strong><em>qnoniam</em></strong></span> <span class='ocrx_word' id='word_1_213' title='bbox 965 2810 1126 2874; x_wconf 83' lang='lat' dir='ltr'><strong><em>dimittens</em></strong></span> <span class='ocrx_word' id='word_1_214' title='bbox 1153 2831 1285 2875; x_wconf 79' lang='lat' dir='ltr'><strong><em>oaorem</em></strong></span> 
     </span>
     <span class='ocr_line' id='line_1_25' title="bbox 162 2912 1287 3002; baseline -0.004 -20"><span class='ocrx_word' id='word_1_215' title='bbox 162 2940 258 2985; x_wconf 82' lang='lat' dir='ltr'><strong><em>seam</em></strong></span> <span class='ocrx_word' id='word_1_216' title='bbox 270 2964 283 2996; x_wconf 89' lang='lat'><em>,</em></span> <span class='ocrx_word' id='word_1_217' title='bbox 302 2930 444 3000; x_wconf 79' lang='lat' dir='ltr'><strong><em>excepta,</em></strong></span> <span class='ocrx_word' id='word_1_218' title='bbox 465 2916 691 3002; x_wconf 71' lang='lat' dir='ltr'><strong><em>fornicationis</em></strong></span> <span class='ocrx_word' id='word_1_219' title='bbox 712 2936 833 2991; x_wconf 86' lang='lat' dir='ltr'><strong><em>cansa,</em></strong></span> <span class='ocrx_word' id='word_1_220' title='bbox 853 2914 1022 2996; x_wconf 86' lang='lat' dir='ltr'><strong><em>faciteam</em></strong></span> <span class='ocrx_word' id='word_1_221' title='bbox 1052 2912 1210 2975; x_wconf 80' lang='lat' dir='ltr'><strong><em>maechari</em></strong></span> <span class='ocrx_word' id='word_1_222' title='bbox 1221 2957 1230 2989; x_wconf 87' lang='lat'>,</span> <span class='ocrx_word' id='word_1_223' title='bbox 1254 2922 1287 2977; x_wconf 93' lang='lat' dir='ltr'><strong><em>et</em></strong></span> 
     </span>
     <span class='ocr_line' id='line_1_26' title="bbox 162 3013 1286 3092; baseline -0.006 -10"><span class='ocrx_word' id='word_1_224' title='bbox 162 3038 296 3083; x_wconf 89' lang='lat' dir='ltr'><strong><em>omnem</em></strong></span> <span class='ocrx_word' id='word_1_225' title='bbox 327 3018 480 3081; x_wconf 88' lang='lat' dir='ltr'><strong><em>malitiam</em></strong></span> <span class='ocrx_word' id='word_1_226' title='bbox 502 3019 615 3081; x_wconf 86' lang='lat' dir='ltr'><strong><em>uxoris</em></strong></span> <span class='ocrx_word' id='word_1_227' title='bbox 637 3017 801 3080; x_wconf 89' lang='lat' dir='ltr'><strong><em>ferendam</em></strong></span> <span class='ocrx_word' id='word_1_228' title='bbox 831 3034 899 3077; x_wconf 89' lang='lat' dir='ltr'><strong><em>esse</em></strong></span> <span class='ocrx_word' id='word_1_229' title='bbox 931 3013 1123 3074; x_wconf 82' lang='lat' dir='ltr'><strong><em>admonente</em></strong></span> <span class='ocrx_word' id='word_1_230' title='bbox 1155 3022 1286 3092; x_wconf 88' lang='lat' dir='ltr'><strong><em>praeter</em></strong></span> 
     </span>
     <span class='ocr_line' id='line_1_27' title="bbox 159 3106 1287 3193; baseline -0.006 -10"><span class='ocrx_word' id='word_1_231' title='bbox 159 3106 295 3183; x_wconf 51' lang='lat' dir='ltr'><strong><em>&#39;crimen</em></strong></span> <span class='ocrx_word' id='word_1_232' title='bbox 320 3119 553 3193; x_wconf 77' lang='lat' dir='ltr'><strong><em>fornicationis,</em></strong></span> <span class='ocrx_word' id='word_1_233' title='bbox 578 3118 706 3190; x_wconf 86' lang='lat' dir='ltr'><strong><em>Petrus,</em></strong></span> <span class='ocrx_word' id='word_1_234' title='bbox 722 3117 792 3178; x_wconf 86' lang='lat' dir='ltr'><strong><em>aliis</em></strong></span> <span class='ocrx_word' id='word_1_235' title='bbox 815 3114 963 3178; x_wconf 90' lang='lat' dir='ltr'><strong><em>omnibus</em></strong></span> <span class='ocrx_word' id='word_1_236' title='bbox 987 3113 1178 3189; x_wconf 84' lang='lat' dir='ltr'><strong><em>tacentibus,</em></strong></span> <span class='ocrx_word' id='word_1_237' title='bbox 1195 3111 1287 3177; x_wconf 86' lang='lat' dir='ltr'><strong><em>Chri·</em></strong></span> 
     </span>
     <span class='ocr_line' id='line_1_28' title="bbox 163 3212 1289 3300; baseline -0.007 -14"><span class='ocrx_word' id='word_1_238' title='bbox 163 3229 257 3286; x_wconf 84' lang='lat' dir='ltr'><strong><em>stum</em></strong></span> <span class='ocrx_word' id='word_1_239' title='bbox 278 3222 461 3300; x_wconf 88' lang='lat' dir='ltr'><strong><em>aitoquitur</em></strong></span> <span class='ocrx_word' id='word_1_240' title='bbox 476 3241 485 3282; x_wconf 79' lang='lat' dir='ltr'><strong><em>e</em></strong></span> <span class='ocrx_word' id='word_1_241' title='bbox 501 3217 531 3284; x_wconf 86' lang='lat' dir='ltr'><strong><em>si</em></strong></span> <span class='ocrx_word' id='word_1_242' title='bbox 544 3218 723 3285; x_wconf 81' lang='lat' dir='ltr'><strong><em>istiusmodi</em></strong></span> <span class='ocrx_word' id='word_1_243' title='bbox 744 3228 787 3280; x_wconf 86' lang='lat' dir='ltr'><strong><em>est</em></strong></span> <span class='ocrx_word' id='word_1_244' title='bbox 808 3236 907 3279; x_wconf 85' lang='lat' dir='ltr'><strong><em>cansa</em></strong></span> <span class='ocrx_word' id='word_1_245' title='bbox 927 3212 1064 3278; x_wconf 82' lang='lat' dir='ltr'><strong><em>hominis</em></strong></span> <span class='ocrx_word' id='word_1_246' title='bbox 1085 3234 1158 3278; x_wconf 88' lang='lat' dir='ltr'><strong><em>anm</em></strong></span> <span class='ocrx_word' id='word_1_247' title='bbox 1178 3215 1289 3278; x_wconf 80' lang='lat' dir='ltr'><strong><em>nentia·</em></strong></span> 
     </span>
     <span class='ocr_line' id='line_1_29' title="bbox 163 3319 1287 3402; baseline -0.006 -16"><span class='ocrx_word' id='word_1_248' title='bbox 163 3342 220 3399; x_wconf 82' lang='lat' dir='ltr'><strong><em>re,</em></strong></span> <span class='ocrx_word' id='word_1_249' title='bbox 243 3341 311 3384; x_wconf 87' lang='lat' dir='ltr'><strong><em>non</em></strong></span> <span class='ocrx_word' id='word_1_250' title='bbox 330 3323 458 3402; x_wconf 80' lang='lat' dir='ltr'><strong><em>eapedit</em></strong></span> <span class='ocrx_word' id='word_1_251' title='bbox 478 3321 602 3385; x_wconf 83' lang='lat' dir='ltr'><strong><em>nubere.</em></strong></span> <span class='ocrx_word' id='word_1_252' title='bbox 625 3341 641 3378; x_wconf 85' lang='lat' dir='ltr'><strong><em>n</em></strong></span> <span class='ocrx_word' id='word_1_253' title='bbox 666 3319 714 3382; x_wconf 83' lang='lat' dir='ltr'><strong><em>Es</em></strong></span> <span class='ocrx_word' id='word_1_254' title='bbox 740 3322 799 3381; x_wconf 92' lang='lat' dir='ltr'><strong><em>hoc</em></strong></span> <span class='ocrx_word' id='word_1_255' title='bbox 821 3335 969 3381; x_wconf 89' lang='lat' dir='ltr'><strong><em>sermone</em></strong></span> <span class='ocrx_word' id='word_1_256' title='bbox 1001 3333 1075 3378; x_wconf 92' lang='lat' dir='ltr'><strong><em>cum</em></strong></span> <span class='ocrx_word' id='word_1_257' title='bbox 1109 3323 1233 3379; x_wconf 85' lang='lat' dir='ltr'><strong><em>constet</em></strong></span> <span class='ocrx_word' id='word_1_258' title='bbox 1254 3319 1287 3380; x_wconf 91' lang='lat' dir='ltr'><strong><em>in</em></strong></span> 
     </span>
     <span class='ocr_line' id='line_1_30' title="bbox 163 3417 1290 3502; baseline -0.006 -13"><span class='ocrx_word' id='word_1_259' title='bbox 163 3444 210 3489; x_wconf 87' lang='lat' dir='ltr'><strong><em>eo</em></strong></span> <span class='ocrx_word' id='word_1_260' title='bbox 244 3425 320 3487; x_wconf 87' lang='lat' dir='ltr'><strong><em>ioco</em></strong></span> <span class='ocrx_word' id='word_1_261' title='bbox 355 3426 448 3486; x_wconf 86' lang='lat' dir='ltr'><strong><em>citari</em></strong></span> <span class='ocrx_word' id='word_1_262' title='bbox 473 3424 569 3486; x_wconf 85' lang='lat' dir='ltr'><strong><em>verba</em></strong></span> <span class='ocrx_word' id='word_1_263' title='bbox 594 3424 705 3502; x_wconf 88' lang='lat' dir='ltr'><strong><em>eapitis</em></strong></span> <span class='ocrx_word' id='word_1_264' title='bbox 727 3418 814 3484; x_wconf 82' lang='lat' dir='ltr'><strong><em>th.</em></strong></span> <span class='ocrx_word' id='word_1_265' title='bbox 838 3419 892 3482; x_wconf 91' lang='lat' dir='ltr'><strong><em>uhi</em></strong></span> <span class='ocrx_word' id='word_1_266' title='bbox 916 3418 1090 3496; x_wconf 79' lang='lat' dir='ltr'><strong><em>Apostoli,</em></strong></span> <span class='ocrx_word' id='word_1_267' title='bbox 1114 3417 1200 3480; x_wconf 86' lang='lat' dir='ltr'><strong><em>Petri</em></strong></span> <span class='ocrx_word' id='word_1_268' title='bbox 1233 3436 1290 3482; x_wconf 91' lang='lat' dir='ltr'><strong><em>no·</em></strong></span> 
     </span>
     <span class='ocr_line' id='line_1_31' title="bbox 167 3518 1288 3606; baseline -0.006 -17"><span class='ocrx_word' id='word_1_269' title='bbox 167 3529 269 3600; x_wconf 89' lang='lat' dir='ltr'><strong><em>mine,</em></strong></span> <span class='ocrx_word' id='word_1_270' title='bbox 287 3527 372 3606; x_wconf 90' lang='lat' dir='ltr'><strong><em>apud</em></strong></span> <span class='ocrx_word' id='word_1_271' title='bbox 395 3525 508 3589; x_wconf 84' lang='lat' dir='ltr'><strong><em>iesum</em></strong></span> <span class='ocrx_word' id='word_1_272' title='bbox 533 3527 650 3587; x_wconf 86' lang='lat' dir='ltr'><strong><em>instant</em></strong></span> <span class='ocrx_word' id='word_1_273' title='bbox 672 3524 825 3596; x_wconf 87' lang='lat' dir='ltr'><strong><em>dicentes,</em></strong></span> <span class='ocrx_word' id='word_1_274' title='bbox 846 3539 908 3584; x_wconf 90' lang='lat' dir='ltr'><strong><em>non</em></strong></span> <span class='ocrx_word' id='word_1_275' title='bbox 930 3518 1083 3600; x_wconf 75' lang='lat' dir='ltr'><strong><em>expedire</em></strong></span> <span class='ocrx_word' id='word_1_276' title='bbox 1105 3520 1245 3599; x_wconf 84' lang='lat' dir='ltr'><strong><em>nuptias,</em></strong></span> <span class='ocrx_word' id='word_1_277' title='bbox 1260 3521 1288 3584; x_wconf 87' lang='lat' dir='ltr'><strong><em>si</em></strong></span> 
     </span>
     <span class='ocr_line' id='line_1_32' title="bbox 168 3619 1286 3701; baseline -0.006 -11"><span class='ocrx_word' id='word_1_278' title='bbox 168 3627 244 3690; x_wconf 86' lang='lat' dir='ltr'><strong><em>tatis</em></strong></span> <span class='ocrx_word' id='word_1_279' title='bbox 265 3628 307 3690; x_wconf 89' lang='lat' dir='ltr'><strong><em>sit</em></strong></span> <span class='ocrx_word' id='word_1_280' title='bbox 327 3645 424 3689; x_wconf 88' lang='lat' dir='ltr'><strong><em>cansa</em></strong></span> <span class='ocrx_word' id='word_1_281' title='bbox 448 3627 584 3688; x_wconf 85' lang='lat' dir='ltr'><strong><em>hominis</em></strong></span> <span class='ocrx_word' id='word_1_282' title='bbox 606 3642 680 3686; x_wconf 85' lang='lat' dir='ltr'><strong><em>eum</em></strong></span> <span class='ocrx_word' id='word_1_283' title='bbox 704 3641 832 3700; x_wconf 80' lang='lat' dir='ltr'><strong><em>uxore3</em></strong></span> <span class='ocrx_word' id='word_1_284' title='bbox 849 3623 982 3701; x_wconf 87' lang='lat' dir='ltr'><strong><em>proimtc</em></strong></span> <span class='ocrx_word' id='word_1_285' title='bbox 999 3620 1073 3682; x_wconf 90' lang='lat' dir='ltr'><strong><em>item</em></strong></span> <span class='ocrx_word' id='word_1_286' title='bbox 1090 3619 1286 3683; x_wconf 87' lang='lat' dir='ltr'><strong><em>concluden-</em></strong></span> 
     </span>
     <span class='ocr_line' id='line_1_33' title="bbox 164 3723 1289 3805; baseline -0.005 -15"><span class='ocrx_word' id='word_1_287' title='bbox 164 3729 247 3790; x_wconf 90' lang='lat' dir='ltr'><strong><em>dum</em></strong></span> <span class='ocrx_word' id='word_1_288' title='bbox 269 3738 316 3790; x_wconf 90' lang='lat' dir='ltr'><strong><em>est</em></strong></span> <span class='ocrx_word' id='word_1_289' title='bbox 336 3749 361 3792; x_wconf 87' lang='lat' dir='ltr'><strong><em>s.</em></strong></span> <span class='ocrx_word' id='word_1_290' title='bbox 386 3727 542 3792; x_wconf 87' lang='lat' dir='ltr'><strong><em>Joannern</em></strong></span> <span class='ocrx_word' id='word_1_291' title='bbox 570 3726 825 3805; x_wconf 83' lang='lat' dir='ltr'><strong><em>Etarrgeiiorutu</em></strong></span> <span class='ocrx_word' id='word_1_292' title='bbox 855 3725 998 3788; x_wconf 88' lang='lat' dir='ltr'><strong><em>codicem</em></strong></span> <span class='ocrx_word' id='word_1_293' title='bbox 1032 3741 1108 3802; x_wconf 88' lang='lat' dir='ltr'><strong><em>prae</em></strong></span> <span class='ocrx_word' id='word_1_294' title='bbox 1142 3723 1289 3785; x_wconf 88' lang='lat' dir='ltr'><strong><em>manibus</em></strong></span> 
     </span>
     <span class='ocr_line' id='line_1_34' title="bbox 166 3825 1292 3911; baseline -0.007 -17"><span class='ocrx_word' id='word_1_295' title='bbox 166 3831 337 3907; x_wconf 88' lang='lat' dir='ltr'><strong><em>hahuisse,</em></strong></span> <span class='ocrx_word' id='word_1_296' title='bbox 353 3831 449 3894; x_wconf 83' lang='lat' dir='ltr'><strong><em>aliern</em></strong></span> <span class='ocrx_word' id='word_1_297' title='bbox 473 3829 710 3911; x_wconf 81' lang='lat' dir='ltr'><strong><em>praeferentem</em></strong></span> <span class='ocrx_word' id='word_1_298' title='bbox 733 3827 918 3902; x_wconf 89' lang='lat' dir='ltr'><strong><em>lectionem,</em></strong></span> <span class='ocrx_word' id='word_1_299' title='bbox 938 3845 1035 3906; x_wconf 86' lang='lat' dir='ltr'><strong><em>quam</em></strong></span> <span class='ocrx_word' id='word_1_300' title='bbox 1058 3828 1197 3889; x_wconf 84' lang='lat' dir='ltr'><strong><em>trencin</em></strong></span> <span class='ocrx_word' id='word_1_301' title='bbox 1220 3825 1292 3887; x_wconf 78' lang='lat' dir='ltr'><strong><em>eut-</em></strong></span> 
     </span>
     <span class='ocr_line' id='line_1_35' title="bbox 167 3927 1292 4014; baseline -0.004 -20"><span class='ocrx_word' id='word_1_302' title='bbox 167 3943 243 4014; x_wconf 76' lang='lat' dir='ltr'><strong><em>gata</em></strong></span> <span class='ocrx_word' id='word_1_303' title='bbox 266 3933 334 3995; x_wconf 83' lang='lat' dir='ltr'><strong><em>site</em></strong></span> <span class='ocrx_word' id='word_1_304' title='bbox 356 3951 471 4013; x_wconf 82' lang='lat' dir='ltr'><strong><em>graeca</em></strong></span> <span class='ocrx_word' id='word_1_305' title='bbox 493 3934 561 3995; x_wconf 87' lang='lat' dir='ltr'><strong><em>sire</em></strong></span> <span class='ocrx_word' id='word_1_306' title='bbox 583 3932 680 3994; x_wconf 83' lang='lat' dir='ltr'><strong><em>iatine</em></strong></span> <span class='ocrx_word' id='word_1_307' title='bbox 704 3930 890 3992; x_wconf 80' lang='lat' dir='ltr'><strong><em>exhibetur.</em></strong></span> <span class='ocrx_word' id='word_1_308' title='bbox 912 3928 1069 3993; x_wconf 85' lang='lat' dir='ltr'><strong><em>Similiter</em></strong></span> <span class='ocrx_word' id='word_1_309' title='bbox 1092 3927 1190 4006; x_wconf 91' lang='lat' dir='ltr'><strong><em>pauin</em></strong></span> <span class='ocrx_word' id='word_1_310' title='bbox 1220 3938 1292 4007; x_wconf 87' lang='lat' dir='ltr'><strong><em>post</em></strong></span> 
     </span>
     <span class='ocr_line' id='line_1_36' title="bbox 165 4030 1292 4108; baseline -0.004 -11"><span class='ocrx_word' id='word_1_311' title='bbox 165 4054 201 4097; x_wconf 88' lang='lat' dir='ltr'><strong><em>n.</em></strong></span> <span class='ocrx_word' id='word_1_312' title='bbox 224 4030 256 4096; x_wconf 79' lang='lat' dir='ltr'><strong><em>t.</em></strong></span> <span class='ocrx_word' id='word_1_313' title='bbox 280 4034 363 4096; x_wconf 89' lang='lat' dir='ltr'><strong><em>idem</em></strong></span> <span class='ocrx_word' id='word_1_314' title='bbox 387 4035 610 4098; x_wconf 88' lang='lat' dir='ltr'><strong><em>testimouium</em></strong></span> <span class='ocrx_word' id='word_1_315' title='bbox 634 4032 753 4096; x_wconf 89' lang='lat' dir='ltr'><strong><em>eisdem</em></strong></span> <span class='ocrx_word' id='word_1_316' title='bbox 776 4031 970 4094; x_wconf 89' lang='lat' dir='ltr'><strong><em>dictionibus</em></strong></span> <span class='ocrx_word' id='word_1_317' title='bbox 1003 4031 1126 4108; x_wconf 84' lang='lat' dir='ltr'><strong><em>graecis</em></strong></span> <span class='ocrx_word' id='word_1_318' title='bbox 1159 4048 1292 4108; x_wconf 84' lang='lat' dir='ltr'><strong><em>expres·</em></strong></span> 
     </span>
     <span class='ocr_line' id='line_1_37' title="bbox 162 4129 1294 4213; baseline -0.006 -12"><span class='ocrx_word' id='word_1_319' title='bbox 162 4153 241 4201; x_wconf 84' lang='lat' dir='ltr'><strong><em>sum</em></strong></span> <span class='ocrx_word' id='word_1_320' title='bbox 264 4135 359 4198; x_wconf 86' lang='lat' dir='ltr'><strong><em>citat:</em></strong></span> <span class='ocrx_word' id='word_1_321' title='bbox 378 4133 539 4208; x_wconf 87' lang='lat' dir='ltr'><strong><em>dimittens</em></strong></span> <span class='ocrx_word' id='word_1_322' title='bbox 561 4153 689 4198; x_wconf 81' lang='lat' dir='ltr'><strong><em>acorem</em></strong></span> <span class='ocrx_word' id='word_1_323' title='bbox 708 4152 801 4196; x_wconf 85' lang='lat' dir='ltr'><strong><em>snam</em></strong></span> <span class='ocrx_word' id='word_1_324' title='bbox 821 4142 951 4211; x_wconf 76' lang='lat' dir='ltr'><strong><em>eccepto</em></strong></span> <span class='ocrx_word' id='word_1_325' title='bbox 971 4129 1196 4213; x_wconf 75' lang='lat' dir='ltr'><strong><em>fornicationis</em></strong></span> <span class='ocrx_word' id='word_1_326' title='bbox 1217 4151 1294 4194; x_wconf 86' lang='lat' dir='ltr'><strong><em>ean·</em></strong></span> 
     </span>
     <span class='ocr_line' id='line_1_38' title="bbox 162 4232 1293 4321; baseline -0.004 -19"><span class='ocrx_word' id='word_1_327' title='bbox 162 4258 214 4314; x_wconf 86' lang='lat' dir='ltr'><strong><em>sa,</em></strong></span> <span class='ocrx_word' id='word_1_328' title='bbox 237 4235 409 4321; x_wconf 86' lang='lat' dir='ltr'><strong><em>faciteam</em></strong></span> <span class='ocrx_word' id='word_1_329' title='bbox 433 4235 604 4305; x_wconf 77' lang='lat' dir='ltr'><strong><em>moechari.</em></strong></span> <span class='ocrx_word' id='word_1_330' title='bbox 630 4235 667 4304; x_wconf 90' lang='lat' dir='ltr'><strong><em>iu</em></strong></span> <span class='ocrx_word' id='word_1_331' title='bbox 687 4236 802 4302; x_wconf 88' lang='lat' dir='ltr'><strong><em>eodem</em></strong></span> <span class='ocrx_word' id='word_1_332' title='bbox 824 4233 939 4313; x_wconf 82' lang='lat' dir='ltr'><strong><em>Temo,</em></strong></span> <span class='ocrx_word' id='word_1_333' title='bbox 957 4233 1117 4300; x_wconf 79' lang='lat' dir='ltr'><strong><em>-Serorone</em></strong></span> <span class='ocrx_word' id='word_1_334' title='bbox 1142 4233 1185 4296; x_wconf 77' lang='lat' dir='ltr'><strong><em>ite</em></strong></span> <span class='ocrx_word' id='word_1_335' title='bbox 1206 4232 1293 4298; x_wconf 81' lang='lat' dir='ltr'><strong><em>tttet-</em></strong></span> 
     </span>
    </p>
   </div>
   <div class='ocr_carea' id='block_1_2' title="bbox 0 0 1454 4784">
    <p class='ocr_par' dir='ltr' id='par_1_4' title="bbox 0 0 1454 4784">
     <span class='ocr_line' id='line_1_39' title="bbox 0 0 1454 4784; baseline 0 0"><span class='ocrx_word' id='word_1_336' title='bbox 0 0 1454 4784; x_wconf 95' lang='lat' dir='ltr'><strong><em> </em></strong></span> 
     </span>
    </p>
   </div>
  </div>
 </body>
</html>
