2886 4784
148 477 297 541 allorum
319 479 514 557 scriptorum
538 480 690 559 neglectis
715 479 901 542 testimoniis
924 478 962 541 tle
984 479 1044 542 bac
1066 481 1278 559 quaestione,

147 582 436 644 schismaticorum
460 579 628 654 Facundi,
653 581 815 657 Liberali,
849 580 987 644 Victoris
1013 599 1051 643 ae
1083 592 1268 644 ceterorum

150 682 257 762 btrjus
280 681 428 744 iactinnis
452 684 644 763 participum
667 687 822 746 cesserint
853 683 1060 746 auctoritati:
1096 683 1149 745 ubi
1179 682 1273 744 lucu·

150 786 265 848 lenter
286 784 427 863 primum
451 786 586 857 inscitia,
603 785 715 847 deinde
739 786 869 862 persidia
892 793 999 864 patent
1013 786 1043 844 in
1059 782 1166 862 Vigilii
1182 789 1271 861 iguo·

150 888 312 957 minium,
346 886 377 944 in
405 873 616 948 ¹l‘ontilicatus
648 885 784 948 [inmani
814 887 953 948 dedecus
984 895 1016 948 ct
1046 888 1076 946 iu
1107 885 1270 948 Ecclesiae

149 986 345 1050 Catholicae
366 986 564 1047 scandalum.
589 986 616 1048 Α
639 987 792 1065 praelatis
813 990 896 1049 enim
921 988 1110 1050 Pontificum
1133 989 1271 1049 obtesta-

153 1088 301 1150 tionibus
323 1105 418 1165 saepe
439 1090 567 1163 saepius
591 1089 747 1166 repetitis,
762 1106 820 1149 nec
835 1106 1027 1167 graecorum
1043 1089 1270 1166 cpiscoporum

149 1189 310 1263 ambiens,
334 1208 391 1250 ucc
412 1190 508 1251 dubia
532 1207 646 1250 corum
676 1189 772 1263 fides,
800 1208 857 1250 ncc
879 1187 1051 1251 Iustiniani
1079 1199 1272 1269 praepoten-

152 1292 216 1364 tia,
233 1309 339 1368 neque
361 1287 504 1370 ejusdem
523 1292 562 1351 ab
580 1290 742 1352 Ecclesiae
758 1291 944 1354 Catholicae
960 1293 1103 1354 doctrina
1119 1292 1269 1367 deiectio,

150 1412 216 1455 nec
239 1394 389 1454 violentia
416 1395 446 1452 iu
470 1391 643 1470 Vigilium,
673 1412 731 1454 nec
762 1394 865 1455 multo
898 1396 1001 1454 minus
1034 1394 1131 1474 hujus
1166 1395 1270 1473 Papae

150 1496 316 1564 simonia,
340 1497 495 1568 intrusio,
520 1496 682 1568 isaaresis,
713 1495 763 1556 vel
794 1497 890 1557 animi
913 1496 971 1558 vsui
1005 1498 1213 1559 inconstantia
1240 1498 1271 1558 iu

148 1597 322 1660 tractanda
348 1597 445 1658 trium
468 1596 693 1674 capitulorum
716 1599 916 1675 quaestione,
939 1610 1104 1678 apparent.

218 1695 383 1771 Totidem,
407 1701 437 1758 in
461 1701 558 1759 totins
580 1699 686 1775 operis
708 1700 926 1773 conclusione,
949 1701 974 1761 si
997 1699 1082 1762 lortc
1108 1700 1270 1762 nonnullis

150 1802 208 1862 iric
232 1799 325 1860 labor
349 1817 437 1860 meus
459 1799 638 1876 displiceat,
656 1808 713 1860 aut
727 1817 820 1860 secus
841 1799 1059 1873 offendantur,
1078 1802 1162 1862 baud
1185 1804 1271 1864 istutl

150 1901 430 1981 praetereuntium
457 1901 564 1973 duco,
589 1918 638 1960 me
661 1902 692 1960 in
713 1899 861 1977 Origcnis
882 1906 914 1960 cl
937 1901 1172 1978 discipulorum
1195 1921 1271 1962 suo·

152 2023 252 2074 rum,
276 2013 307 2063 ct
331 1999 436 2078 Vigilii
458 2010 488 2063 et
511 1999 681 2063 iustiniani
704 2003 886 2080 apologiam
909 2002 1051 2063 studiose
1076 2003 1268 2064 incubuisse.

153 2103 322 2166 Laborari
344 2120 419 2162 sane
442 2101 472 2173 in
496 2099 602 2178 Vigilii
627 2101 781 2175 vindiciis,
805 2109 972 2180 totamque
994 2104 1088 2162 animi
1113 2105 1173 2163 mei
1196 2122 1273 2180 erga

149 2225 230 2270 cum
254 2204 504 2266 sollicitudinem
528 2205 760 2264 consummavi.
787 2201 820 2264 ln
843 2203 914 2282 ejus
944 2205 1026 2264 enim
1059 2221 1216 2279 persona,
1239 2205 1271 2264 iu

149 2307 299 2388 ejusdem
323 2307 401 2366 actis
423 2313 453 2366 et
477 2303 550 2371 stile,
575 2303 692 2366 Christi
714 2304 792 2370 ‚lesu
818 2302 982 2366 Vicarium
1011 2305 1158 2383 inspexi,
1184 2303 1270 2365 Petri

150 2423 400 2478 successorem,
423 2405 476 2466 cui
500 2403 655 2465 Dominus
677 2406 779 2466 dixit:
801 2422 892 2482 posce
914 2422 984 2464 oues
1009 2422 1103 2466 meus.
1132 2403 1172 2466 Et
1197 2407 1271 2467 hine
1336 2451 1343 2460 ,

151 2509 279 2571 nullius
302 2527 379 2569 usus
402 2507 536 2567 consilio
560 2523 618 2567 nec
640 2507 799 2585 impulsu,
823 2526 864 2568 cx
885 2509 1078 2568 conscicntia
1102 2526 1193 2582 mea,
1220 2507 1269 2568 uti

150 2611 333 2688 discipulus
362 2627 437 2686 erga
469 2609 656 2686 magistrum
679 2627 794 2681 suum,
817 2611 917 2671 etuti
943 2610 1026 2670 filius
1057 2611 1087 2669 iu
1120 2606 1269 2686 patrem,

149 2711 262 2792 quoad
288 2711 449 2790 pollerent
479 2710 594 2788 ingenii
621 2711 682 2772 mei
706 2713 812 2786 vires,
836 2695 991 2774 alacriter
1020 2713 1081 2772 boc
1108 2730 1190 2789 opus
1216 2730 1270 2790 ag·

149 2831 284 2895 gressus
304 2831 388 2873 suin.

230 2913 324 2977 Circa
356 2931 434 2975 vero
464 2912 612 2991 Origenis
639 2913 774 2993 ejusque
802 2913 933 2976 scholae
962 2913 1166 2991 apologiam,
1191 2936 1265 2978 cum

148 3016 192 3079 nb
215 3017 306 3076 initio
328 3014 438 3092 plures
460 3015 625 3076 obstarent
641 3014 859 3088 difficultates,
882 3014 924 3074 ob
949 3018 1051 3075 varias
1072 3017 1110 3076 tle
1134 3017 1200 3095 ipso
1224 3018 1269 3077 in·

153 3117 353 3178 valesceutcs
374 3115 539 3194 opiniones
555 3118 638 3176 iuter
662 3117 771 3176 Patres
794 3123 825 3175 et
847 3114 1026 3192 theologos,
1045 3116 1085 3175 ita
1110 3126 1144 3177 ut
1166 3119 1269 3180 multa

148 3219 252 3309 (lubia
275 3225 411 3279 mentem
437 3236 540 3278 meam
559 3220 749 3278 turbarent:
769 3218 806 3278 ad
829 3218 884 3277 lias
902 3203 1054 3278 levandas
1076 3221 1265 3295 anxietates,

148 3341 260 3383 meuse
291 3319 369 3382 luttt
398 3317 702 3384 ann01861.adivi
731 3317 900 3380 Summum
931 3317 1116 3380 Pontificem
1147 3319 1266 3396 Papam

148 3424 246 3486 l'ium
266 3404 504 3500 intestinique
528 3423 587 3483 boc
610 3440 716 3483 mcum
740 3420 874 3499 exposui
899 3423 1110 3499 propositum.
1128 3421 1187 3485 Cui
1211 3423 1266 3485 ille

147 3525 376 3603 benignissime
398 3541 553 3599 annuens,
578 3523 661 3584 inter
682 3531 790 3585 cetera
814 3522 893 3582 baec
914 3522 1082 3602 subjunxit
1102 3522 1225 3585 rerba:

429 3725 626 3786 SAREBBE
649 3726 708 3788 UN
730 3725 854 3788 Gltttni
875 3725 986 3786 BENE

307 3873 358 3932 SE
381 3873 419 3933 Sl
441 3873 635 3933 POTliSSE
657 3873 885 3936 lllllONllRE
906 3875 964 3935 LA
984 3870 1121 3935 FAMA‘

488 4013 546 4073 ΑΙ)
567 4012 627 4073 tint
653 4013 785 4074 TANT’
807 4013 932 4076 bomo
