2886 4784
159 355 220 426 108

157 462 253 540 impia
271 459 418 539 dogmata
434 458 473 520 ds
486 454 595 519 Verbo
612 454 669 521 bet
684 457 894 536 apostolicam
910 457 1139 521 convellebant
1154 454 1283 537 lidemg

157 570 190 620 et
211 577 307 638 quam
332 557 481 637 Scriptor
501 556 573 618 aler
595 564 762 637 tantopere
784 577 819 620 ea
836 559 903 636 ipsa
920 567 1026 620 aetate
1043 557 1276 638 propugnavit,

159 658 198 736 ad
221 660 399 722 doctrinam
421 658 495 721 ideo
516 657 682 737 appellans
706 657 869 720 Ecclesiae
892 657 1068 720 Romanae.

241 758 342 822 Nemo
366 778 464 837 porro
489 761 656 832 miretur,
680 759 766 838 quod
792 761 980 842 Anongmus
1001 756 1226 842 zephyrinum
1247 768 1282 821 at

158 860 327 923 Callistum
352 862 522 924 induxerit
543 860 694 923 docentes
714 860 869 923 adversus
892 862 1030 940 priscam
1053 859 1126 922 lidei
1150 859 1283 923 formu-¹

157 959 275 1020 lumin
298 958 441 1024 Ecclesia
465 959 609 1023 Romana
632 960 800 1038 probatam
823 959 908 1023 circa
931 957 1033 1021 Verbi
1052 959 1152 1023 divini
1170 959 1277 1039 hypo·

157 1063 265 1121 stasim
289 1061 328 1120 ab
348 1061 451 1121 altera
475 1059 579 1122 Patris
601 1061 782 1123 distinctam
804 1059 982 1123 secundum
1015 1058 1160 1141 Symboli
1198 1076 1279 1138 apo·

157 1159 262 1220 stolici
285 1160 390 1221 dicta:
414 1157 481 1220 alia
501 1168 546 1221 cst
566 1157 650 1220 enini
668 1177 804 1238 persona
826 1159 937 1222 Patris
954 1202 967 1232 ,
987 1159 1057 1222 olio
1078 1155 1188 1234 Fits‘s',
1209 1155 1279 1221 clio

158 1255 299 1338 Spiritus
320 1257 439 1322 Sancti.
464 1257 567 1322 Nemo
590 1262 741 1333 miretur,
765 1263 909 1338 inquam,
932 1258 1019 1338 quod
1042 1257 1218 1337 ipsesolus
1232 1256 1277 1321 Δ·

158 1377 318 1442 nonymus
342 1359 489 1439 (cunctis
505 1357 671 1424 Ecclesiae
683 1360 897 1438 scriptoribus
913 1361 981 1423 sive
999 1358 1195 1423 orthodoxis
1207 1361 1277 1424 slve

159 1462 369 1525 heterodoxis
392 1467 469 1524 lunc
490 1459 680 1532 silentibus)
702 1460 782 1524 duos
807 1460 975 1523 Pontifices
995 1460 1034 1522 de
1056 1460 1184 1527 haeresi
1206 1459 1276 1525 cul·

159 1564 288 1639 paverit
311 1578 396 1622 nunc
417 1557 589 1636 Theodoti,
613 1560 709 1623 modo
724 1559 833 1632 Nocti,
850 1561 928 1624 alias
950 1559 1097 1634 sabellii,
1116 1566 1275 1638 corrupta

160 1660 212 1721 vel
233 1659 426 1739 ambagibus
450 1659 556 1722 velatu
580 1660 714 1724 illorum
733 1659 925 1725 Pontificum
946 1659 1147 1725 confessione
1161 1660 1203 1721 de
1217 1659 1277 1731 bos

161 1759 330 1841 Mysterio.
355 1759 388 1821 ln
411 1761 471 1822 hao
488 1761 570 1822 enim
587 1754 775 1838 quaestione
792 1769 856 1824 tam
871 1762 1058 1840 insipienter
1074 1773 1108 1823 ss
1124 1762 1223 1839 gessit
1235 1762 1275 1825 Α·

36 1902 39 1908 -
159 1878 318 1941 uonymus
332 1877 429 1939 quam
451 1860 483 1921 in
505 1860 679 1922 collatione
696 1860 894 1935 Aristotelis,
912 1861 1068 1934 Platonis,
1088 1857 1227 1923 Zenonis
1243 1867 1275 1923 el

160 1962 302 2022 aliorum
317 1960 588 2038 philosophorum
611 1979 686 2023 oum
709 1962 948 2025 haereticorum
971 1961 1130 2023 doctrina.
1146 1959 1273 2036 Quanta

161 2080 260 2142 porro
281 2063 405 2125 incuria
428 2064 459 2125 in
480 2080 520 2123 eo
541 2061 649 2124 studio
673 2079 750 2122 usus
771 2061 823 2133 sit,
847 2061 1040 2139 praemissae
1064 2060 1274 2125 discussiones

45 2191 47 2195 ¹
161 2170 321 2225 testantur
332 2182 344 2241 3
370 2163 429 2224 ubi
450 2163 578 2250 diverse
599 2163 624 2222 is
646 2161 877 2239 interpretatus
899 2171 958 2238 est,
981 2179 1065 2241 quae
1086 2161 1188 2223 ceteri
1208 2163 1273 2227 site

162 2264 288 2342 prolani
310 2263 377 2324 sive
400 2263 483 2326 sacri
505 2266 680 2341 scriptores
703 2261 742 2323 de
764 2262 826 2323 illis
849 2263 984 2340 ingenue
1002 2260 1220 2337 tradiderunt,
1238 2279 1273 2327 ao

161 2368 350 2443 praesertim
374 2365 404 2424 in
421 2362 576 2425 Heracliti
591 2363 795 2441 opinionibus
811 2363 1015 2425 conferendis
1037 2361 1134 2426 Nocti
1154 2362 1271 2429 errori.

162 2461 260 2524 altus
289 2479 365 2524 sane
393 2465 489 2524 sensit
511 2461 696 2523 Heraclitus
721 2471 752 2523 et
780 2463 868 2526 aliud
892 2460 1039 2536 Noctua,
1063 2464 1154 2525 nulla
1178 2464 1273 2525 inler-

161 2564 293 2625 cedente
314 2564 344 2623 in
366 2566 433 2623 suis
455 2563 580 2639 placitis
602 2562 787 2623 concordia.

239 2660 328 2725 Unus
350 2663 431 2723 idest
452 2659 637 2724 Heraclitus
654 2662 855 2736 tenebrosus,
872 2671 1030 2741 quantum
1045 2662 1084 2723 de
1097 2679 1136 2722 eo
1149 2680 1191 2724 ex
1205 2661 1272 2724 aliis

160 2761 358 2841 philosophis
380 2762 456 2823 licet
477 2779 628 2840 arguere,
654 2764 700 2824 uti
722 2763 844 2824 dictum
866 2772 926 2836 est,
950 2763 1054 2841 iguem
1080 2763 1272 2841 principium

161 2864 312 2939 putavit,
337 2863 568 2954 quofxtincto
591 2870 698 2923 cetera
728 2863 926 2939 gignuntur3
961 2861 1056 2940 cujus
1086 2861 1272 2925 solidiorem

162 2968 286 3040 partem
313 2963 344 3021 in
373 2980 407 3023 se
437 2969 657 3033 contractans,
681 2970 779 3038 atque
809 2964 1017 3040 constipatam
1048 2968 1169 3023 terram
1195 2960 1272 3022 lieri.

163 3060 230 3122 hut
251 3061 366 3123 aliter:
392 3081 408 3119 u
434 3060 592 3123 Mundum
608 3062 757 3122 eumdem
776 3062 1005 3123 universorum
1020 3079 1127 3139 neque
1142 3061 1274 3123 deorum

164 3160 253 3225 ullus
275 3163 362 3239 iecit,
386 3180 444 3223 nec
465 3163 652 3239 hominnm3
675 3161 728 3223 sed
747 3161 807 3223 luit
821 3180 948 3241 semper
962 3173 994 3224 et
1010 3168 1060 3224 est
1075 3172 1109 3225 et
1122 3163 1185 3225 erit
1200 3160 1274 3240 ignis

158 3280 287 3343 semper
303 3266 425 3338 vivens,
444 3280 610 3325 mensuras
632 3263 808 3324 accendens
829 3273 860 3324 et
882 3265 1071 3340 extinguens
1095 3279 1271 3334 mensuras,

161 3368 208 3425 ut·
220 3362 260 3425 de
280 3380 319 3425 eo
340 3363 386 3424 ait
407 3361 555 3426 Clemens
576 3361 805 3424 alexandrinus
835 3364 865 3423 in
900 3361 997 3425 Libro
1019 3360 1058 3424 V.
1082 3359 1271 3425 Stromctott.

161 3459 198 3522 ln
218 3479 282 3541 qua
304 3461 487 3523 delinitione
509 3460 697 3524 excluditur
717 3460 804 3524 Dens
832 3470 1004 3525 creaturae
1031 3464 1184 3540 superior
1202 3502 1212 3536 .
1234 3463 1273 3524 sl·

162 3564 232 3625 cuti
251 3579 480 3641 quaecumque
500 3560 678 3625 substantia
702 3563 902 3640 incorporea.
927 3562 1052 3626 Noetus
1075 3581 1153 3624 vero
1173 3562 1275 3626 ethni·

162 3680 232 3727 cam
254 3662 490 3741 philosophiam
514 3672 730 3736 contemnens,
747 3672 779 3725 et
795 3674 979 3726 creaturam
995 3681 1012 3724 a
1026 3661 1185 3726 Creatore
1202 3670 1275 3740 apte

160 3776 344 3841 segregans,
365 3769 398 3823 et
418 3763 643 3843 incorpoream
665 3762 706 3822 ab
721 3765 854 3824 essentia
882 3779 1061 3840 corpores,
1087 3782 1129 3823 ex
1155 3762 1272 3825 divinis

160 3860 338 3942 scripturis
354 3867 477 3925 tantum
499 3871 531 3926 et
552 3863 726 3941 praecipue
742 3881 781 3925 ex
798 3861 920 3946 Moysis
937 3863 1082 3925 doctrina
1097 3878 1192 3924 suam
1211 3872 1279 3927 stu·

160 3959 233 4023 duit
261 3978 465 4041 propugnare
488 3961 668 4033 haeresim,
699 3961 970 4040 queamdmodum
994 3962 1146 4039 superius
1169 3954 1277 4023 osteo·

161 4061 277 4125 dimus.
306 4061 396 4124 Adeo
423 4061 500 4124 vero
531 4059 656 4124 Noetus
680 4080 701 4122 a·
727 4080 841 4140 graeca
871 4061 1072 4141 philosophia
1103 4061 1281 4135 abhorruit

161 4165 193 4226 in
215 4180 292 4224 suae
314 4164 483 4225 haereseos
499 4161 709 4238 institutione,
730 4165 900 4226 mosaicam
923 4165 953 4223 in
976 4163 1124 4224 omuibus
1147 4161 1186 4223 de
1211 4160 1281 4227 Deo
