2886 4784
159 454 252 516 daret
269 448 465 532 repudium:
489 447 601 514 eadem
631 447 757 514 cantela
786 446 1016 528 praecipitur,
1038 461 1080 507 ne
1100 439 1258 507 secundnm

160 554 294 634 accipiat
312 554 428 616 virum.
448 551 489 615 Et
508 553 584 631 quia
601 552 769 628 meretrix,
786 557 817 612 et
833 566 917 628 quae
931 546 1031 611 semel
1056 545 1164 610 luerat
1183 541 1260 606 adul·

160 664 249 728 tera,
272 647 486 733 opprobrium
518 671 579 714 uon
613 651 768 720 timebat,
790 649 933 712 secundo
954 647 1157 728 praecipitur
1179 644 1256 716 siro,

159 754 261 833 quod,
284 755 310 817 si
333 753 430 815 talem
451 751 597 828 duxerit,
618 751 679 814 snb
701 752 854 813 adulterii
875 750 915 812 sit
937 749 1085 811 crimine.
1108 766 1126 804 u
1149 743 1189 825 (lt)

237 852 280 917 Et
301 853 373 917 talis
394 861 442 918 est
465 851 653 934 Hieronymi
678 853 914 931 interpretatio.
938 849 984 912 lle
1006 867 1072 929 qua
1100 856 1192 910 antea
1213 863 1258 906 nn·

159 963 268 1031 tetnr,
290 956 323 1018 iu
344 956 483 1036 antiquis
505 953 603 1036 bujus
624 953 847 1016 commentarii
875 951 1040 1016 codicibus
1061 951 1127 1030 (de
1150 949 1255 1031 quibus

157 1055 262 1132 intra)
281 1056 376 1136 juxta
401 1063 548 1119 veterum
572 1053 705 1117 Petrum
728 1071 852 1117 morem
874 1054 911 1114 in·
931 1051 1113 1116 Bibliornm
1143 1052 1257 1131 exponi·

159 1158 321 1231 tionibus,
345 1155 496 1220 versiculi
518 1154 547 1220 9.
571 1155 698 1218 initium
718 1144 852 1217 'tantum
881 1154 1018 1219 describi
1041 1155 1108 1217 ita:
1139 1173 1194 1235 epo
1212 1173 1258 1216 ou·

158 1268 217 1323 tem
238 1260 307 1323 dico
327 1258 431 1332 uobis,·
452 1256 572 1340 siquis
592 1254 751 1320 dimiserit
771 1269 832 1320 ete.
855 1256 980 1320 omissis
1006 1257 1166 1337 reliquis,
1188 1273 1259 1339 quae

159 1359 319 1428 aGodieis
334 1361 568 1444 hieronymiani
585 1362 814 1439 transcriptore
829 1358 942 1421 deinde
962 1358 1113 1438 suppleta
1135 1367 1207 1422 sunt
1225 1375 1259 1419 er

161 1464 292 1542 vulgata
312 1463 473 1526 editione:
496 1461 573 1544 quio
592 1460 782 1542 quicumque
802 1457 958 1522 dimiserit
975 1477 1110 1522 umorem
1124 1456 1262 1523 euomui-

158 1561 187 1624 si
200 1563 243 1624 ‘od
262 1559 527 1643 fornicationem,
549 1570 577 1623 et
598 1559 698 1624 alium
718 1558 868 1634 duxerit,
890 1559 1094 1634 moechetur,
1118 1561 1261 1623 adsersus

159 1673 298 1728 mentem
317 1684 343 1728 s.
366 1663 528 1741 Hectoris,
552 1666 607 1744 qui
630 1664 773 1742 legeret:
795 1661 984 1743 cuicumque
1004 1661 1168 1725 dimiserit
1194 1681 1258 1726 uro

157 1785 221 1828 rem
241 1785 357 1842 suum,
378 1775 506 1847 exceptu
535 1765 759 1837 fornicatiouis
780 1785 889 1844 causo,
911 1765 1078 1847 faciteam
1098 1764 1256 1829 moecbori.

162 1866 232 1932 Hoc
263 1878 374 1934 autem
406 1869 565 1949 probetur
596 1888 638 1932 ex
669 1870 889 1949 praecedentis
911 1887 938 1931 c.
963 1866 1001 1932 V.
1025 1869 1174 1950 analogia
1195 1885 1260 1932 cnm

160 1989 188 2031 e.
212 1968 301 2032 XtX.
324 1988 423 2050 qnam
454 1971 551 2034 sensit
582 1967 812 2054 Hieronymus,
846 1969 974 2032 dicens:
1001 1990 1018 2030 s
1042 1968 1078 2032 ln
1101 1969 1260 2049 posteriori

161 2078 252 2148 parte
273 2070 424 2135 Salvator
446 2071 571 2151 plenius
592 2071 701 2134 locum
724 2072 820 2135 istum
843 2072 1000 2151 exponit3
1022 2073 1113 2153 qnod
1147 2072 1261 2159 llloyses

157 2170 307 2232 libellum
330 2170 455 2249 repudii
477 2169 554 2233 dare
572 2171 705 2252 jusserit
737 2180 873 2251 propter
894 2172 1048 2236 duritiem
1070 2173 1180 2237 cordis
1200 2191 1257 2237 mr·

159 2275 312 2347 ritornm,
337 2291 399 2336 uon
421 2271 587 2355 discidium
610 2272 808 2346 concedens,
831 2273 984 2337 auterens
1007 2275 1259 2340 homicidium.»

158 2369 310 2447 Quocum
333 2390 429 2436 unam
453 2372 665 2452 eumdemque
686 2373 804 2436 indicat
818 2374 988 2443 lectionem
1005 2379 1037 2438 in
1055 2384 1199 2457 utroque
1217 2392 1260 2438 cai

160 2475 225 2552 pite
247 2472 284 2536 V.
309 2481 342 2537 et
362 2472 449 2537 XlX.
470 2473 565 2550 Quod
589 2475 704 2539 melius
725 2475 917 2556 intelligitur
938 2478 979 2539 ab
999 2479 1186 2545 immediata
1208 2475 1260 2542 lio·

159 2576 258 2638 ctoris
280 2577 557 2654 interpretatione.

240 2673 274 2739 ln
296 2681 528 2741 commentario
549 2696 577 2741 c.
601 2677 641 2740 V,
665 2680 769 2759 inquit
790 2678 1033 2764 Hieronymus,
1057 2692 1194 2764 propter
1212 2683 1261 2745 dn·

160 2779 265 2840 ritiem
287 2778 394 2841 cordis
417 2781 608 2842 maritorum
633 2778 778 2864 Moysem
801 2798 864 2842 uon
885 2783 1080 2845 concessisse
1104 2785 1261 2848 discidium

160 2879 216 2941 sed
238 2877 408 2943 abstulisse
431 2880 661 2958 homicidium,
685 2883 866 2961 permisisse
886 2885 1010 2947 scilicet
1035 2888 1196 2951 secundas
1214 2905 1262 2948 nn·

161 2984 256 3060 ptius,
278 2981 385 3046 adhuc
409 2984 534 3045 vivente
555 2983 715 3064 conjuge,
744 2987 969 3066 potiusquam
993 3005 1141 3052 unorum
1166 2990 1261 3055 interi·

160 3091 242 3158 ttrm,
258 3100 332 3145 cum
352 3091 383 3146 et
400 3084 466 3162 ipse
481 3083 611 3167 Moyses
627 3086 798 3166 insolubile
814 3086 1047 3152 considerasset
1062 3093 1258 3155 connubium.

160 3180 200 3244 lli
223 3184 302 3245 baec
334 3184 466 3262 quidem
499 3187 628 3248 iteravit
649 3205 674 3248 s.
700 3185 822 3250 Ductor
843 3188 873 3249 in
895 3206 923 3250 c.
947 3186 1036 3252 xlx.
1059 3192 1103 3252 ob
1126 3193 1257 3256 eamdem

160 3300 313 3364 causam;
337 3285 391 3348 obi
414 3286 556 3348 divortio
573 3286 662 3348 totali
681 3306 720 3351 ex
740 3287 860 3370 Moysis
882 3291 1105 3368 permissione,
1125 3292 1260 3373 opposuit

159 3384 262 3464 legem
285 3388 486 3451 naturalem:
512 3411 527 3448 n
544 3390 679 3468 primam
701 3392 824 3454 scilicet
846 3389 902 3454 llei
923 3396 1116 3456 sententiam
1140 3398 1178 3458 de
1198 3413 1258 3458 eon·

235 3648 268 3720 Γ)
288 3647 320 3704 Si
339 3647 404 3704 huic
417 3648 583 3724 Hieronymi
597 3651 818 3724 interpretationi
829 3652 1007 3709 conferantur
1019 3657 1144 3728 praefata
1156 3659 1257 3714 Laetan-

161 3738 193 3794 tii
213 3739 297 3808 dicta,
315 3741 359 3798 sed
376 3753 457 3800 tumen
474 3744 562 3818 nequis
581 3744 668 3801 diuino
682 3755 816 3820 praecepte
841 3747 1043 3806 eireurrsseribere
1061 3768 1087 3808 se
1101 3763 1172 3826 putet
1183 3765 1254 3825 perte,

161 3831 290 3888 addantur
306 3833 364 3898 illu,
378 3845 406 3890 ut
424 3834 504 3891 ansuis
522 3835 649 3892 culunmiu
669 3847 691 3893 et
709 3836 807 3894 oecusio
825 3837 925 3911 dandis
943 3852 1119 3910 rernoveutur,
1135 3843 1259 3900 adulterum

160 3941 223 3988 esse,
243 3926 288 3999 qui
306 3945 323 3983 o
341 3926 432 3984 merito
451 3927 578 3985 dinsissom
598 3930 715 3996 decerit,
736 3940 757 3987 et
776 3948 831 3987 eum
852 3932 1002 4017 (adulter-um
1022 3938 1083 4009 esse)
1106 3936 1152 4010 qui
1169 3943 1255 4011 propter

161 4016 254 4072 crirreeu
272 4018 391 4075 adulterii
407 4037 512 4077 osorem
530 4019 659 4087 dimiserit,
679 4033 707 4079 ut
725 4023 830 4079 alterum
842 4023 925 4092 duem,
940 4026 1076 4084 vocabulo
1089 4042 1257 4102 nempeprae·

160 4120 196 4164 ter
214 4109 266 4164 alio
285 4111 438 4166 substituto
448 4123 558 4186 propter,
572 4114 653 4170 ambo
667 4115 821 4188 Scriptores
834 4116 954 4190 perbelle
967 4118 1165 4178 coalescentia
1176 4119 1255 4178 ortho-

158 4201 231 4256 doxa
249 4201 404 4261 dominicae
421 4205 577 4268 sententiae
594 4207 797 4281 explanatione.
