2886 4784
1233 342 1272 414 tt

159 438 359 516 lectionem,
381 439 539 507 disserere
566 440 670 522 liquet
690 461 714 505 s.
738 439 984 525 Hieronymum.
1009 441 1082 507 Non
1112 442 1195 507 enim
1226 456 1275 509 est

159 541 432 620 praesumendum
455 539 691 628 Hieronymum
712 544 754 607 nb
775 545 888 620 oculos
910 545 1080 608 habentem
1107 548 1273 610 excutien-

162 647 295 720 temque
317 643 552 723 discipulorum
572 653 739 724 stuporem
762 645 804 707 ob
824 663 874 722 ea,
889 664 973 726 quae
988 645 1083 709 lesus
1098 648 1274 726 pharisaeis

161 744 333 821 respondet
355 745 395 808 de
417 748 610 810 matrimonii
632 763 842 826 quacumque
862 747 902 810 de
922 766 1018 810 causa
1042 749 1274 813 insolubilitate

158 844 338 908 secundum
371 845 526 910 Matthaei
560 849 775 911 testimoninm
798 867 838 911 ex
865 870 893 912 c.
919 846 1006 912 xlx.
1033 852 1177 914 omisisse
1202 868 1275 912 ver-

159 943 345 1011 siculumii.
364 946 462 1027 hujus
484 948 617 1027 capitis:
640 945 697 1025 qni
716 946 871 1011 dimiserit
891 967 1021 1011 acorem
1042 969 1132 1012 snam
1153 947 1219 1011 nisi
1239 947 1275 1010 ob

158 1045 426 1126 fornicationem,
447 1056 476 1110 et
495 1046 595 1111 aliam
616 1048 747 1111 duxerit
766 1050 948 1113 moechatur
969 1070 986 1108 n
1009 1057 1045 1120 nt
1065 1051 1153 1112 aliud
1179 1068 1275 1115 reru·

159 1159 253 1210 caret
278 1166 320 1210 ex
341 1167 369 1211 c.
393 1147 432 1212 V.
457 1150 617 1213 diversam
650 1151 835 1230 pra'elereos
866 1152 1063 1227 lectionem,
1097 1153 1274 1215 inconside-

160 1260 236 1312 rato
258 1250 373 1313 relicto
388 1251 492 1314 altero
514 1263 672 1315 commate
687 1252 716 1318 9.
740 1273 768 1317 c.
787 1252 872 1316 XlX.
890 1253 1042 1317 Ceterum
1057 1273 1082 1316 s.
1101 1252 1273 1317 Doctorem

160 1348 276 1414 Libros
297 1355 371 1416 nori
392 1350 586 1417 Testamenti
609 1357 867 1433 interpretatum,
885 1375 978 1417 nemo
996 1356 1121 1434 ignorat
1135 1357 1177 1420 ob
1192 1373 1270 1418 ocn-

157 1453 211 1515 los
233 1454 381 1516 habuisse
402 1454 528 1518 codices
550 1473 694 1534 graecos,
711 1457 828 1535 quibus
847 1464 969 1520 veteres
988 1455 1098 1519 Patres
1116 1459 1164 1520 nsi
1180 1464 1268 1532 sunt,

160 1573 201 1619 ac
225 1557 303 1619 tales
325 1556 462 1630 codices,
488 1557 562 1630 nbi,
585 1558 680 1619 sicuti
704 1559 949 1636 praemisimus,
973 1578 1012 1621 co
1035 1577 1139 1639 nsque
1161 1578 1272 1622 recens

160 1675 277 1736 graeca
301 1661 396 1724 lectio
418 1648 468 1748 pn*
488 1647 542 1725 ἐπὶ
565 1653 697 1760 neptrico
718 1657 784 1722 nisi
804 1657 839 1720 ob
858 1657 1117 1741 fornicationem,
1140 1659 1274 1722 deerat:

160 1773 201 1819 ec
223 1757 293 1836 ejus
315 1760 387 1822 loco
407 1763 564 1841 scriptum
587 1773 659 1825 erat
679 1780 721 1825 ex
750 1777 867 1840 graeco
895 1767 1024 1838 eccepto
1050 1755 1276 1838 fornicationis

159 1877 284 1923 cauea:
307 1862 345 1922 de
367 1881 433 1942 quo
455 1863 550 1927 inira.
708 1852 715 1870 ’

247 1961 321 2027 Post
344 1965 405 2027 hoc
426 1965 537 2044 plnres
558 1967 660 2029 sentio
681 1965 851 2042 hucusque
874 1962 965 2025 dictis
986 1961 1162 2036 contraire,
1191 1977 1277 2023 asse·

164 2072 272 2128 rentes
293 2084 318 2127 s.
344 2064 516 2130 Doctorem
539 2068 571 2129 in
592 2067 824 2130 commentario
845 2064 976 2143 speciali
1009 2063 1107 2144 hujus
1131 2060 1277 2141 Evange·
1392 2082 1432 2152 ,³

158 2165 267 2241 listas,
290 2174 469 2249 utrumqne
489 2187 615 2233 comma
638 2171 751 2232 citasse
765 2166 1038 2246 quemadmodum
1055 2183 1139 2227 nnuc
1154 2165 1276 2244 legitur

163 2270 195 2331 in
230 2265 367 2349 Vulgata
401 2271 503 2334 eidem
535 2272 697 2350 inscripta.
722 2269 805 2332 idest
827 2272 857 2332 in
879 2287 907 2331 c.
931 2266 969 2329 V.
992 2286 1046 2347 epo
1071 2277 1175 2329 antem
1204 2263 1276 2328 dico

160 2367 262 2442 vobis,
276 2368 352 2449 qaia
373 2370 485 2446 omnis,
501 2368 561 2450 qni
580 2369 736 2433 dimiserit
756 2387 887 2432 acrorem
907 2387 1012 2441 sacam,
1028 2377 1154 2448 excepta
1173 2363 1277 2448 forni-

159 2468 300 2530 cationis
320 2491 429 2546 ccnsc,
445 2473 525 2554 facit
545 2493 612 2535 eam
633 2470 808 2544 moecbcri5
824 2479 852 2533 et
872 2468 928 2552 qui
948 2468 1111 2533 dimissam
1132 2469 1276 2544 demerit,

161 2570 354 2634 moechatur.
381 2572 419 2634 Et
442 2576 472 2634 in
494 2594 521 2638 c.
544 2572 630 2637 XlX.
654 2573 725 2635 dico
744 2557 848 2636 antem
868 2569 967 2647 nohis,
990 2572 1071 2652 qnia
1089 2570 1276 2653 quicumque

161 2668 320 2734 dimiserit
340 2692 470 2736 oaorem
491 2694 606 2748 sacra,
627 2672 694 2736 nisi
713 2674 748 2735 ob
769 2673 1032 2755 fornicationem,
1055 2681 1082 2734 ct
1101 2670 1199 2736 eiiam
1220 2672 1278 2733 dre·

121 2852 127 2860 .
163 2771 271 2849 merit,
292 2775 495 2837 moechetur:
516 2786 544 2837 ct
564 2773 622 2856 qni
642 2774 804 2838 dimissam
825 2774 955 2839 demerit
965 2819 977 2850 ,
1006 2774 1196 2837 moechetur.

246 2874 280 2938 lu
303 2897 387 2957 qnae
410 2879 506 2939 verba
528 2877 659 2941 scribit:
675 2899 691 2938 a
704 2878 777 2940 Sola
802 2877 972 2940 fornicatio
987 2885 1049 2952 est,
1063 2895 1147 2956 qnae
1163 2874 1276 2938 uxoris

164 2979 271 3041 rinoat
292 2980 465 3043 affectum:
490 2983 588 3042 immo
609 2999 684 3042 cnm
707 2979 761 3040 illa
783 2994 881 3041 unam
904 2996 1034 3040 carnem
1057 2979 1089 3039 in
1110 2977 1206 3039 aliam
1229 2976 1275 3039 di·

163 3081 298 3155 viserit,
321 3090 406 3144 etse
430 3083 640 3145 fornicatione
670 3083 872 3160 separaverit
892 3098 909 3142 a
933 3081 1072 3152 marito,
1096 3098 1158 3142 uon
1180 3077 1276 3141 debet

167 3184 290 3258 teneri,
315 3201 353 3244 ne
377 3184 482 3245 virum
506 3201 639 3262 qnoque
660 3182 720 3245 snb
747 3181 971 3244 maledictione
1002 3179 1121 3255 iaciat,
1153 3180 1279 3243 dicente

162 3280 355 3363 Scriptura:
377 3281 435 3363 qni
455 3283 632 3346 adulteram
652 3292 754 3361 tenet,
777 3284 894 3346 stultns
924 3291 951 3346 et
980 3280 1096 3363 impius
1126 3291 1179 3344 eat.
1201 3281 1277 3348 Ubi·

163 3401 306 3463 onmque
328 3392 375 3446 est
397 3386 496 3464 igitur
517 3385 700 3461 fornicatio,
723 3395 755 3448 et
780 3386 1000 3449 fornicatiouis
1020 3383 1174 3463 suspicio,
1196 3384 1277 3448 libe·

169 3504 206 3546 re
229 3502 316 3548 uxor
336 3485 519 3547 dimittitur.
543 3485 584 3548 tit
605 3489 680 3566 quia
704 3497 831 3566 poterat
852 3488 1010 3562 accidere,
1030 3496 1067 3548 ut
1088 3487 1204 3566 aliquis
1226 3503 1278 3548 ca·

170 3586 327 3650 lumniam
351 3580 472 3648 laceret
488 3588 659 3663 innocenti,
676 3598 708 3651 et
729 3591 770 3651 ob
792 3591 964 3651 secundam
979 3590 1130 3667 copniarn
1153 3589 1279 3666 nuptia·

164 3705 240 3750 rum
266 3689 365 3750 reteri
388 3686 509 3767 crimen
532 3690 743 3770 impingeret,
766 3692 812 3753 sio
835 3692 975 3772 priorem
1007 3691 1167 3752 dimittere
1185 3688 1280 3770 jube·

166 3797 224 3852 tur
245 3807 398 3863 uxorem,
415 3799 452 3853 ut
471 3793 658 3867 secundam,
678 3796 780 3873 prima
801 3793 939 3864 vivente,
956 3810 1017 3853 non
1039 3791 1165 3852 habeat.
1182 3788 1278 3864 Quod

163 3893 248 3955 enim
271 3892 349 3954 dicit
371 3893 434 3954 tale
456 3902 526 3973 est;
548 3896 657 3955 sinon
679 3905 813 3974 propter
839 3895 1024 3969 libidinem,
1055 3893 1109 3955 sed
1143 3901 1278 3972 propter

163 3994 319 4075 injuriam
341 3994 474 4057 dimittis
496 4014 657 4059 uxorem:
681 4013 783 4076 quare
805 3996 959 4075 expertus
981 3994 1124 4057 infelices
1152 3995 1278 4073 priores

165 4095 309 4175 nuptias,
326 4114 485 4160 nornrnm
509 4105 538 4162 te
560 4100 705 4161 immittis
728 4097 904 4177 periculo?
918 4097 986 4162 Nec
1008 4117 1070 4161 non
1092 4101 1167 4177 qnia
1191 4103 1279 4175 pote·

165 4207 218 4264 rat
238 4201 390 4277 evenire,
413 4208 447 4265 ut
467 4200 561 4282 juxta
583 4202 727 4265 eamdem
750 4201 852 4281 legem
877 4219 965 4265 uxor
995 4219 1126 4283 quoqne
1154 4202 1272 4263 marito
