2886 4784
166 467 198 526 to
211 459 338 543 repudii
359 478 389 523 ιι.
414 459 444 526 2.
469 458 647 539 praefatam
666 461 782 540 repetit
797 464 1008 527 sententium:
1025 463 1185 532 dimittens
1202 484 1267 530 nso·

166 559 233 629 rem
255 582 346 628 snam
368 571 497 642 eccepto
516 561 744 642 fornicationis
765 583 886 641 consa,
911 566 1080 646 faciteam
1107 553 1266 640 moechari·

166 680 194 733 ct
215 669 332 730 ducens
353 665 518 727 dimissam
539 665 726 729 rriocchntnr.
745 666 784 730 m
806 670 835 729 ln
857 686 887 730 ιι.
903 668 931 733 3.
947 688 1035 744 nom,
1051 667 1110 752 qni
1130 669 1268 734 dimiserit

166 786 300 831 umorem
322 784 424 840 sunm,
448 776 573 846 eccepto
594 765 747 829 adulterii
766 787 888 845 conso,
909 778 936 831 ct
957 769 1164 852 satisfactam
1186 773 1268 835 dnm·

97 857 100 861 ⁴
165 871 223 947 rit,
250 872 375 930 visonta
399 869 480 942 viro,
502 869 652 930 similiter
672 888 746 930 cum
769 869 871 950 ejecta
894 875 1083 953 punientur.
1107 893 1124 930 ιι

250 971 330 1032 hem
354 973 383 1030 in
405 969 583 1044 Sermone,
616 970 669 1033 cui
699 972 835 1035 titulos:
859 971 945 1037 Laus
964 972 1110 1040 Maximi
1129 982 1157 1036 et
1177 972 1268 1054 qualis

166 1074 327 1136 ducendae
358 1070 425 1132 sint
455 1067 904 1139 exornatissimum
937 1077 1022 1138 enlm
1056 1078 1160 1139 multa
1185 1078 1266 1140 rerhr

164 1176 351 1236 laceremus
373 1175 413 1236 de
434 1173 587 1255 confugio
610 1214 617 1234 .
642 1219 650 1237 .
676 1220 684 1236 .
708 1183 741 1237 et
760 1175 977 1256 allegaremus
1003 1177 1114 1258 legem
1144 1180 1185 1241 ab
1210 1180 1266 1258 ipso

165 1275 296 1341 Christo
319 1277 430 1351 latam,
449 1277 503 1337 uhi
520 1276 645 1338 diserte
665 1276 787 1354 legitur
802 1298 810 1340 ι
826 1275 884 1358 qni
896 1275 1063 1342 dimissam
1078 1279 1186 1356 ducit,
1201 1297 1267 1342 con·

164 1378 262 1442 mittit
289 1377 507 1442 adulterium:
529 1389 582 1440 et:
605 1377 672 1457 qni,
694 1387 822 1459 accepta
849 1378 1080 1460 fornicationis
1101 1366 1266 1456 causandi

163 1481 261 1544 mittit
282 1500 427 1552 uxorein,
440 1478 603 1559 faciteam
623 1479 782 1542 moechari
794 1491 854 1543 etc.
869 1480 911 1544 Et
926 1486 956 1546 in
972 1502 1003 1544 ιι.
1019 1482 1050 1548 2.
1067 1485 1180 1545 eadem
1195 1484 1264 1546 dicis

165 1584 279 1660 refert,
304 1586 486 1662 postpositis
507 1593 635 1645 tameo:
658 1580 714 1663 qui
733 1583 897 1647 dimissam
917 1583 1064 1660 durarit,
1085 1586 1265 1650 moechatur.

165 1682 244 1746 llam
268 1688 298 1746 in
321 1706 352 1747 ιι.
375 1682 405 1748 l.
431 1671 513 1749 013]
537 1686 615 1747 haec
638 1694 799 1763 postrema
825 1688 920 1749 verba
936 1709 943 1748 ι
958 1685 1016 1767 qni
1034 1688 1201 1752 dimissam
1220 1689 1265 1750 da·

163 1786 271 1860 arsit,
295 1787 473 1847 insectantur
504 1784 550 1846 bis
585 1787 663 1845 citat
683 1787 817 1847 seorsim
839 1804 856 1848 a
880 1787 1043 1864 praelatis.
1066 1776 1222 1852 Similiter
1240 1789 1264 1851 is

163 1889 339 1954 Scrrttone:
366 1887 459 1954 Nulli
486 1906 550 1951 csse
578 1889 825 1967 desperandum,
848 1899 876 1951 et
897 1891 934 1951 dc
956 1909 1038 1970 pace
1064 1890 1264 1954 conservando

164 2011 237 2054 cnm
267 2011 380 2063 acore,
411 1992 601 2069 simpliciter
632 2000 743 2052 notat:
774 1988 964 2070 quicumque
993 1991 1120 2072 ejecerit
1145 2003 1263 2056 naman

163 2115 270 2168 suurn,
291 2103 418 2173 excepta
436 2091 661 2175 fornicationis
682 2112 793 2166 cansa,
815 2092 982 2173 faciteam
1003 2093 1174 2158 moechari.

246 2197 280 2259 ln
303 2196 405 2260 Tamo
428 2194 483 2257 Vl.
506 2185 841 2258 assimilatam
865 2192 1010 2258 Genesim
1032 2215 1064 2258 ιι.
1080 2195 1111 2262 2.
1128 2215 1171 2259 ox
1191 2196 1263 2276 Apo·

164 2299 238 2364 stoli
261 2300 377 2362 dictis:
399 2298 492 2377 sipon
513 2297 625 2360 mulier
653 2297 760 2360 habeat
788 2297 895 2360 sirum
912 2298 1084 2378 ,infidelem
1111 2310 1174 2363 etc.
1196 2290 1265 2365 sni·

164 2403 225 2476 tls,
250 2403 377 2481 inquit,
400 2400 565 2479 quomodo
597 2418 660 2461 ιιοιι
690 2400 860 2479 prohibeat
889 2400 1051 2462 incussam
1082 2401 1264 2481 (gentilem)

163 2506 348 2583 quempiam
368 2503 418 2563 vel
441 2502 625 2580 quampiam
650 2504 679 2562 in
702 2502 905 2563 contubernii
929 2502 1031 2579 legem
1055 2505 1188 2564 assumi.
1210 2502 1263 2565 alu·

164 2608 196 2671 di
220 2607 337 2666 iterum
361 2605 464 2684 ipsum
488 2604 652 2665 Christum
675 2604 833 2664 discentem
865 2604 1056 2680 discipulis:
1082 2604 1154 2665 dico
1178 2596 1263 2665 auten

162 2705 263 2779 vohis,
277 2703 379 2766 omnis
400 2700 458 2782 qui
478 2701 634 2765 dinsiscrit
655 2721 784 2764 amorem
799 2722 900 2777 sunm,
915 2714 1044 2783 excepta
1058 2701 1264 2784 fornicationis

162 2826 272 2879 causa,
293 2804 373 2886 facit
394 2823 460 2866 eam
481 2803 646 2865 moechari.
672 2805 784 2881 lugens
807 2806 1068 2882 benignitas‘etc.
1092 2828 1108 2863 ι

245 2907 278 2970 ln
302 2905 403 2968 Tomo
427 2905 496 2966 Vll.
522 2903 662 2967 llomilia
685 2903 788 2967 xvh.
811 2905 847 2967 in
868 2905 1069 2970 Mantineam
1090 2926 1122 2969 ιι.
1145 2906 1174 2973 3.
1198 2907 1262 2970 scri·

161 3011 229 3075 bit:
248 3007 314 3088 Epo
335 3015 439 3068 antem
460 3007 530 3067 dico
550 3005 655 3078 aohis;
670 3005 855 3086 quicumque
868 3005 1026 3069 dimiserit
1040 3027 1176 3071 uxorem
1187 3024 1262 3070 suan

161 3121 288 3193 eccepto
308 3106 534 3191 fornicationis
556 3125 675 3182 cansa,
700 3108 782 3187 facit
810 3129 875 3171 eam
906 3110 1085 3183 moecham
1107 3123 1137 3174 ct
1157 3113 1211 3192 pai
1226 3107 1263 3172 di·

160 3215 290 3278 missam
320 3208 469 3283 duxerit,
490 3209 683 3272 moechatur.
707 3209 742 3272 ln
771 3209 873 3273 'lomo
897 3209 984 3273 Vlll.
1008 3209 1156 3276 Homilia
1177 3209 1261 3276 LXll.

162 3316 203 3380 In
224 3315 377 3378 Jonnncm
399 3331 431 3374 n.
453 3309 482 3376 lt.
508 3332 523 3370 a
546 3309 628 3375 Nam
649 3309 742 3392 siqua
763 3311 886 3392 fidelis,
910 3313 1014 3391 inquit
1025 3357 1036 3387 ‚
1060 3314 1154 3378 habet
1176 3315 1263 3378 airum

162 3416 329 3497 infidelem,
346 3425 372 3475 et
386 3411 452 3493 ipse
467 3410 619 3474 consentit
641 3413 783 3474 hahitare
805 3433 875 3475 cnm
896 3414 969 3487 itta,
984 3432 1022 3474 ne
1036 3414 1182 3480 dimittat
1195 3434 1260 3488 enm,

152 3517 212 3580 ‘De
233 3517 382 3579 adultera
403 3532 496 3576 secus
510 3534 518 3574 z
534 3512 587 3575 sed
611 3515 687 3592 quid
700 3513 717 3578 t
732 3511 842 3594 Siquis
856 3513 1015 3578 dimiserit
1035 3536 1170 3581 amarem
1189 3533 1262 3582 man

158 3628 284 3699 praeter
303 3635 434 3681 cansam
461 3614 705 3694 fornicationis,
726 3617 894 3698 faciteam
914 3617 1085 3680 moechari.
1109 3639 1127 3678 ιι
1153 3619 1261 3684 Pariter

163 3724 224 3783 hac
245 3719 381 3798 simplici
406 3719 572 3779 locutione
594 3717 843 3800 Chrysostomus
866 3719 986 3784 Christi
1015 3725 1207 3787 sententiam
1227 3721 1261 3782 ci·

162 3829 209 3883 tal
230 3823 262 3885 in
283 3819 385 3882 Tamo
407 3815 446 3878 X.
470 3815 609 3879 Homilia
638 3817 741 3882 XXX.
763 3817 799 3882 in
829 3819 1008 3901 Epistulam
1031 3821 1075 3884 ΙΙ.
1098 3826 1143 3886 nd
1168 3819 1260 3886 Corin·

161 3923 242 3985 thies
264 3940 299 4002 ιι.ν
317 3921 346 3984 3.
371 3943 387 3982 s
412 3921 476 3997 (iai
496 3932 597 3983 antem
617 3918 751 3985 dimittit
771 3942 914 3999 nuaram,
938 3934 1068 4004 accepta
1091 3920 1260 4007 fornicatio·

160 4023 211 4087 nis
234 4042 353 4099 consa,
375 4023 540 4105 faciteam
561 4022 729 4086 moechari.
754 4022 789 4086 lu
811 4023 913 4089 Tamo
935 4025 992 4090 Xl.
1016 4025 1163 4091 Homilia
1186 4024 1218 4089 V.
1236 4025 1259 4086 in

162 4126 339 4205 Epistolam
364 4124 388 4186 Ι.
411 4126 450 4186 ad
474 4123 770 4188 Thessalonicenses
791 4145 825 4188 n.
847 4125 879 4190 2.
903 4126 960 4209 qni
991 4126 1177 4205 dimiserit,
1204 4129 1257 4200 sit,

159 4243 290 4289 acorem
311 4245 413 4302 snam,
430 4235 560 4306 accepta
578 4225 804 4304 fornicationis
825 4249 934 4306 cansa,
950 4231 1030 4310 facit
1044 4251 1121 4295 cam
1136 4229 1259 4295 maccla·

156 4328 187 4390 ri
199 4349 207 4390 s
231 4336 258 4389 ct
278 4326 333 4406 pai
354 4325 515 4391 dimissam
536 4328 678 4403 durarit,
700 4330 890 4396 triocclsatnr.
