2886 4784
59 484 125 539 tatc
146 473 330 540 Demetrius
352 473 492 539 noudum
516 475 609 540 illum
635 473 897 552 condemnassot;
921 490 979 537 noc
1005 470 1079 536 idco
1106 365 1171 534 RH-

55 597 107 673 ιιιιΙ
131 577 312 640 consentire
333 580 490 657 potuisset
509 575 656 656 ejusdcm
677 575 820 638 decreto.

135 677 167 741 st
186 696 263 739 reru
278 678 482 754 admittatur,
498 678 537 738 ad
555 694 655 758 quam
669 675 872 756 confugiunt,
889 675 1087 758 hypothesis,
1106 673 1170 737 llo

58 782 143 841 mam
160 779 327 866 advenisse
337 778 512 860 Oripeucm
527 787 697 860 postquam
710 776 866 842 Demetrii
878 778 1027 839 subiisset
1040 794 1169 840 excom-

58 880 324 953 municationem,
340 888 416 944 tunc
436 882 606 946 dicendum
628 892 724 960 esset,
746 884 853 947 denuo
877 882 1010 946 Romam
1032 883 1169 959 ventsse3

56 980 140 1043 idest
162 990 334 1061 postquam
365 982 407 1043 ab
429 980 576 1066 Aegypto
607 983 774 1062 proiectus
800 989 848 1046 est
879 987 909 1046 in
946 983 1174 1045 Palaestinam.

55 1080 134 1156 Quo
155 1088 301 1160 tempore
318 1079 386 1161 jam
407 1083 450 1145 ab
470 1082 615 1148 Ecclesia
637 1084 847 1148 alexandrina
876 1091 1004 1147 amotus
1029 1083 1167 1147 Romam

57 1192 220 1262 repetens,
244 1189 277 1246 ct
297 1199 408 1246 coram
429 1183 527 1249 utero
548 1203 684 1249 romano
704 1187 882 1260 disserens,
901 1188 998 1249 uliam
1019 1186 1168 1248 subiisset

57 1282 311 1359 damnationem,
333 1287 518 1366 etquidem
540 1289 583 1351 ob
602 1289 748 1350 eamdem
770 1289 909 1353 invidiae
930 1306 1084 1363 censam,
1107 1306 1174 1367 qua

58 1385 266 1451 aDcmatrio
287 1388 457 1451 damnatus
478 1399 559 1452 erut.
583 1389 679 1465 Quod
701 1390 985 1454 omninodissuuat
999 1391 1041 1452 ab
1056 1387 1172 1451 Hiero-

60 1491 150 1574 nymi
172 1494 278 1551 monta
299 1488 492 1568 etamplius
513 1491 554 1552 ab
575 1491 669 1553 istius
689 1492 870 1553 reverentia
892 1507 969 1570 erga
997 1489 1175 1554 Ecclesiam

61 1587 256 1654 Humanum.
298 1590 451 1654 Ceterum
483 1589 633 1655 Ruffinus
668 1591 857 1674 Hieronymi
891 1593 974 1655 dictu
1012 1610 1175 1673 exponens

59 1711 123 1757 uon
145 1695 213 1768 ait,
233 1693 301 1774 jam
323 1700 431 1755 aetate
451 1691 607 1756 Demetrii
630 1693 847 1769 Alexandrina
868 1701 901 1756 ct
921 1691 1046 1757 Romae
1067 1695 1109 1756 ob
1131 1695 1177 1755 in-

60 1794 182 1857 vidiam
194 1795 384 1858 damnatum
397 1795 573 1874 origenem
588 1795 699 1859 luisse.
714 1793 837 1859 Verum
853 1793 1088 1878 Hieronymum
1104 1812 1176 1858 cor·

55 1897 160 1974 ripit,
184 1895 274 1976 quud
296 1894 396 1959 vellet
418 1904 506 1971 tunc,
534 1895 616 1959 idest
639 1914 691 1958 an.
718 1890 790 1962 tob.
819 1894 942 1958 Romae
970 1897 1119 1958 innovari
1148 1897 1179 1957 in

57 1996 235 2076 origenem
261 2006 357 2060 antea
393 1996 611 2060 Alexandriae
641 2015 659 2060 a
691 1996 865 2060 Demetrio.
887 1996 1056 2076 expletum
1091 1999 1176 2059 circa

59 2115 114 2160 aa.
136 2095 208 2162 ⁸335.

143 2196 187 2261 Et
203 2216 240 2261 re
251 2199 383 2280 quidem
396 2218 489 2272 vere,
501 2202 526 2264 si
542 2199 703 2278 Rudinus,
716 2218 814 2282 quem
828 2199 914 2265 bend
926 2201 1023 2265 latuit
1038 2199 1176 2272 lactum,

61 2299 254 2384 Hieronymi
275 2303 382 2365 verbis
403 2303 560 2367 insertum
582 2305 710 2384 legisset
734 2305 930 2368 vocabulum
951 2300 1071 2381 Homa3
1100 2308 1176 2363 tnnc

60 2423 137 2468 cum
160 2404 261 2482 paolo
282 2412 355 2484 post
375 2404 476 2483 ipsius
498 2425 523 2468 s.
547 2405 696 2469 Doctoris
722 2406 806 2469 dicta
837 2407 976 2483 repetit,
1008 2422 1072 2467 uon
1103 2405 1180 2465 scri·

62 2506 198 2584 paiaset:
221 2504 316 2581 bunc,
338 2523 429 2587 quem
449 2523 546 2585 nepos
567 2527 588 2570 o
610 2506 764 2570 Demetrio
783 2506 821 2570 ia
840 2518 937 2570 caasa
957 2503 1032 2587 fidei
1045 2503 1178 2565 domnu-

61 2615 144 2677 tam,
165 2612 195 2667 et
213 2603 310 2681 bunc,
331 2624 423 2686 qoem
442 2623 537 2686 nepos
555 2623 614 2686 pro
634 2607 813 2688 dopmctam
834 2606 972 2671 novitate
995 2592 1178 2669 lamentum

27 2776 31 2784 ,
62 2717 128 2770 etc.
147 2706 218 2781 sed,
239 2707 346 2770 addita
371 2713 450 2772 vo'ce
470 2705 572 2771 Romu
591 2708 686 2788 juxta
711 2709 885 2773 locutionis
907 2711 1065 2783 ordinem,
1082 2707 1179 2769 dixis·

62 2817 134 2871 set:
156 2807 252 2885 bunc,
275 2827 366 2889 quem
387 2828 484 2890 nepae
504 2829 525 2872 u
547 2809 702 2872 Demetrio
716 2808 751 2872 in
767 2828 865 2873 causo
883 2810 958 2890 fidei
978 2809 1178 2876 damnatum,

62 2919 93 2972 et
112 2910 200 2973 banc
210 2954 224 2987 ,
244 2929 335 2991 qum
355 2929 452 2993 nepos
470 2930 529 2992 pro
550 2913 733 2992 coemeram
753 2910 890 2974 novitate
910 2907 1028 2974 Romae
1046 2930 1067 2971 n
1091 2907 1180 2972 Claro

60 3030 195 3076 romano
214 3011 417 3076 incusatum.-
441 3014 570 3077 duobus
602 3031 717 3093 nempe
739 3014 845 3076 uitatis
868 3010 1079 3074 damnationis
1100 3010 1179 3073 locis

65 3111 267 3178 Alexandria
283 3124 314 3178 et
329 3112 446 3189 Roma,
459 3116 554 3178 sicuti
576 3113 702 3178 duabus
717 3116 860 3193 personis
879 3110 1035 3193 Episcopo
1047 3112 1179 3174 eleana-

61 3213 158 3278 drino
179 3226 213 3279 et
235 3213 378 3280 Romano
393 3214 558 3296 Pontinos,
579 3217 635 3297 qui
657 3217 787 3279 decreto
808 3216 1082 3293 subscripsissent.

144 3317 334 3394 Praeterea,
350 3317 411 3381 bac
433 3319 536 3399 posita
553 3319 691 3383 lectione
710 3318 860 3398 genuina,
877 3334 965 3391 oum,
982 3314 1081 3395 paulo
1095 3321 1180 3393 post·

64 3437 163 3500 quum
189 3421 231 3482 ab
258 3419 406 3502 Aegypto
431 3421 634 3496 discesserit,
664 3430 742 3484 teste
768 3418 909 3484 Eusebio
938 3420 969 3481 in
997 3415 1097 3480 Libro
1122 3413 1177 3479 Vl.
1260 3478 1263 3482 .

66 3519 148 3584 Hist.
173 3520 262 3584 Eccl.
281 3537 319 3586 c.
343 3521 462 3586 xxix.
491 3532 615 3586 constet
639 3523 811 3602 Origenem
837 3522 876 3584 nd
902 3522 1067 3601 episcopos
1088 3528 1121 3584 et
1141 3516 1180 3582 ad

66 3620 246 3684 Fabianum
269 3620 388 3701 Papam
410 3623 562 3702 epistolas
585 3623 705 3686 misisse
727 3624 765 3685 de
786 3620 843 3684 su'a
866 3621 1075 3697 orthodoxia,
1095 3619 1182 3684 vide·

67 3729 160 3785 retur
182 3723 249 3800 ipse
270 3723 361 3800 prius
384 3722 522 3787 Rumam
547 3725 680 3800 venisse,
704 3724 758 3786 ubi
782 3723 951 3784 damnatus
975 3730 1046 3796 est,
1068 3738 1106 3783 ac
1127 3738 1184 3798 po·

64 3832 132 3890 sica
155 3823 194 3884 ud
219 3820 398 3887 Fabianum
420 3827 585 3904 scripsisse
597 3844 608 3903 3
632 3833 690 3888 aut
711 3844 751 3888 ex
773 3823 910 3887 adverso
935 3830 1027 3885 antea
1056 3820 1182 3885 litteras

65 3924 220 4001 dedisse,
240 3943 279 3988 ec
306 3925 420 3989 deinde
448 3923 569 3990 Urbem
604 3926 770 4006 proiectus
795 3924 975 4003 disputasse
999 3941 1109 3986 coram
1133 3940 1183 3987 sc·

68 4034 148 4089 natu
165 4043 311 4090 romano.
329 4025 421 4103 Quae
440 4028 702 4091 circumstantiae
717 4032 926 4108 praesumpto
942 4023 1029 4088 illius
1046 4023 1181 4088 Romam

66 4126 176 4192 itineri
196 4128 293 4192 sicuti
316 4137 348 4191 et
368 4131 400 4194 iu
423 4130 482 4192 hac
506 4130 589 4194 urbe
611 4127 807 4191 damnationi
834 4126 990 4206 majorem
1014 4124 1186 4190 conferunt

69 4227 306 4294 difficultatem.
