2886 4784
274 333 335 404 110

270 442 335 502 listi
357 437 562 502 doctrinae?
583 433 698 503 Nonne
717 436 793 521 jure
815 441 905 506 nohis
927 441 1200 524 praesumendum
1223 442 1288 509 erit
1311 458 1398 509 eant·

274 541 347 604 dem
371 541 576 624 Anonymum
599 543 782 606 adhibuisse
804 541 971 622 perfidiam
1001 544 1032 605 in
1065 547 1310 623 corrumpenda
1333 549 1394 609 sin·

275 661 348 704 nera
373 642 444 704 fidei
468 645 579 722 rogulo
601 645 641 706 do
665 641 828 706 Trinitatis
856 641 1012 728 Mysterio
1042 646 1082 706 ah
1112 654 1254 724 utroque
1288 645 1395 709 Ponti·

276 742 336 805 lice
356 745 468 807 emissa
491 746 670 807 secuudum
692 745 901 833 apostolicam
920 744 1156 810 traditionem?

355 842 424 908 Nec
438 853 487 908 est
502 846 674 919 silendum,
692 847 856 924 quomodo
879 845 1066 926 Anonymns
1089 844 1261 910 Callistum
1284 863 1392 908 erron-

278 950 341 1005 tam
356 946 523 1024 corripiat.
548 947 599 1007 Ah
620 948 723 1017 initio,
741 946 838 1007 titulo
851 943 881 1009 3.
899 946 977 1008 dicit
998 945 1185 1009 Pontiticem
1208 946 1390 1008 commixtis

275 1042 371 1108 Nocti
387 1055 418 1108 et
433 1045 590 1109 Theodoti
612 1047 749 1124 placitis,
772 1047 868 1107 aliam
892 1047 1106 1108 recentiorem
1129 1047 1303 1109 excudisse
1321 1047 1389 1108 han·

276 1146 383 1224 resipu.
404 1143 509 1222 Quam
531 1151 719 1210 seutentiam
739 1156 848 1226 postca
864 1146 1025 1221 emendat,
1042 1148 1189 1226 inquiens
1204 1144 1385 1220 Callistum,

276 1247 369 1324 quasi
391 1246 504 1308 lolium
529 1265 547 1307 a
571 1253 664 1308 vento
688 1255 829 1324 raptum,
852 1245 1059 1307 sabellianam
1083 1247 1242 1307 haeresim
1270 1263 1386 1326 propu-

278 1363 389 1425 gnasse
400 1366 411 1423 3
434 1364 472 1408 ac
493 1365 608 1409 rursus
629 1346 758 1427 adjecit,
777 1364 834 1407 nec
849 1345 955 1419 istam,
972 1364 1030 1408 nec
1044 1347 1132 1407 illam
1155 1347 1334 1409 admisisse.
1353 1343 1387 1411 Et

277 1448 304 1508 si
324 1447 364 1508 do
384 1455 472 1510 tauto
496 1448 648 1510 Pontifioe
671 1449 732 1510 hoc
753 1447 814 1510 dici
836 1449 970 1526 nequit:
996 1447 1099 1509 multo
1116 1450 1215 1527 magis
1230 1446 1382 1510 arbitrari

276 1548 376 1609 nolim
399 1549 498 1627 ipsios
518 1549 692 1627 discipulos
714 1559 745 1610 et
766 1547 897 1626 quidem
920 1549 1123 1623 innumeros,
1146 1557 1183 1609 ut
1204 1549 1274 1627 ipse
1298 1551 1385 1627 putat

279 1646 480 1730 Anonymus,
503 1649 542 1711 ad
565 1651 756 1712 diuturnum
780 1659 906 1727 tempus
928 1660 1150 1727 perseverasse
1172 1648 1203 1709 in
1227 1649 1291 1711 hac
1315 1666 1384 1711 ooo·

279 1747 423 1822 ditione,
447 1748 557 1810 eadem
579 1750 762 1812 laborantes
784 1750 1036 1824 incertitudine,
1059 1747 1138 1812 alias
1158 1746 1290 1826 Deum,
1312 1749 1386 1813 alias

279 1867 399 1928 purum
421 1851 581 1911 hominem
604 1849 792 1911 coufitentes
814 1847 992 1912 Christum.

358 1947 567 2029 Quapropter
587 1968 661 2013 oum
683 1949 852 2013 Callistum
875 1942 1103 2027 disceptantem
1119 1949 1244 2013 inducit
1260 1948 1385 2030 Anony-

278 2069 348 2114 mns
370 2051 409 2113 de
431 2051 498 2114 Deo
523 2050 616 2113 Patre
638 2060 670 2114 et
692 2052 730 2112 de
753 2050 861 2112 Verbo
882 2049 953 2130 ejus
975 2048 1058 2113 Filio
1070 2071 1081 2128 3
1103 2051 1259 2130 nobisque
1279 2050 1386 2131 objicit

277 2151 464 2215 Pontificem
486 2154 517 2213 in
538 2172 595 2214 sua
619 2153 680 2214 tide
702 2150 897 2227 instabilem,
917 2152 1097 2226 dementem,
1120 2171 1158 2213 oo
1179 2170 1281 2232 supro
1295 2161 1325 2214 et
1340 2148 1385 2215 in·

275 2255 330 2332 fro
357 2253 580 2333 disperpontom
609 2253 831 2331 blasphemias,
852 2271 904 2315 ex.
928 2271 957 2331 g.
980 2252 1160 2326 docentem,
1181 2252 1292 2316 omnio
1319 2270 1385 2316 sor·

278 2373 347 2417 sum
368 2364 396 2416 et
416 2355 561 2415 deorsum
582 2353 744 2415 abundare
765 2352 875 2414 divino
897 2350 1047 2431 Spiritu,
1072 2353 1121 2415 vel
1144 2353 1274 2416 Putrem
1303 2351 1386 2434 deifl-

276 2464 396 2517 motem
416 2472 555 2527 carnem,
571 2452 631 2515 sibi
640 2453 789 2532 punxisse
811 2462 839 2515 ot
858 2453 967 2532 secisse
987 2472 1112 2525 nnuma
1124 2473 1208 2517 nunc
1223 2455 1385 2518 Christum

279 2553 382 2617 Deum
404 2555 627 2626 affirmantem,
653 2556 747 2616 modo
765 2555 913 2616 absolute
929 2572 1001 2617 cum
1019 2552 1188 2616 Theodoto
1203 2566 1384 2635 negantem,

279 2657 375 2720 modo
396 2654 643 2718 contundentem
666 2673 739 2717 cum
762 2654 858 2716 Patre
882 2654 952 2715 Filii
976 2656 1170 2738 hypostasim
1193 2663 1226 2716 et
1249 2656 1383 2734 similia3

280 2776 318 2819 ao
333 2775 395 2819 una
412 2756 632 2831 consideratis,
647 2773 732 2833 qnae
747 2757 800 2818 h'io
816 2757 883 2818 illic
904 2757 1030 2820 diverse
1049 2759 1146 2817 sensit
1162 2763 1193 2817 et
1207 2757 1337 2836 scripsit
1357 2756 1385 2817 iu

279 2877 340 2921 suo
361 2855 461 2919 Libro
483 2857 621 2933 Auctor3
644 2856 720 2916 mihi
746 2857 943 2927 viderentur,
968 2862 1092 2917 retorto
1107 2863 1314 2934 argumento,
1330 2856 1387 2918 hu·

275 2959 417 3039 jusmodi
439 2959 521 3020 dicta
539 2960 567 3019 ei
583 2959 732 3036 magisne
745 2956 821 3035 jure
837 2958 900 3016 hoc
922 2956 1001 3018 illuc
1017 2959 1047 3018 iu
1063 2975 1123 3018 suo
1137 2974 1232 3018 seusu
1247 2957 1384 3027 erranti,

280 3058 442 3131 dementi,
468 3066 648 3137 cunctaque
676 3055 802 3119 talsanti
827 3057 1085 3131 accommodari,
1107 3073 1204 3135 quam
1233 3055 1387 3134 Callist03

281 3157 374 3237 cnjus
396 3158 599 3221 sanctitudini
622 3158 663 3220 oh
683 3173 762 3218 suae
784 3156 857 3218 fidei
878 3159 1093 3235 iutegritatem
1117 3158 1248 3221 traditio
1273 3175 1389 3236 peren·

279 3276 318 3320 ue
340 3259 474 3321 encomii
496 3258 644 3321 exhihuit
667 3274 769 3333 usquo
791 3256 885 3319 modo
910 3259 1137 3322 testimouium.
