2886 4784
156 362 199 430 98
246 464 343 526 lidern
365 465 467 527 libelli
489 472 563 526 sunt
585 465 624 525 ah
645 472 751 527 aetate
782 463 940 542 Pamphili
966 464 1112 544 vulgati,
1133 483 1248 544 quorun

160 569 374 628 summarium
398 568 476 645 legit
498 561 697 643 Theophilus
716 568 748 628 iu
763 566 892 649 Synodo
908 567 1132 640 alexandrine,
1148 576 1177 629 et
1190 586 1249 648 quo·

162 682 236 727 rum
259 676 423 747 syntagma
447 667 614 747 descripsit
634 685 729 746 saepe
751 667 834 730 idem
856 664 1087 747 Hieronymus.
1105 665 1172 731 Nisi
1186 666 1251 748 qnod

161 763 360 847 Theophilus
383 779 534 848 tanquam
558 788 598 831 ox
622 769 670 830 his
694 778 948 848 consequentes,
971 769 1054 831 alios
1082 779 1253 832 commente-

164 876 215 931 tus
237 878 286 931 est
307 888 449 944 errores,
475 880 510 933 ut
531 873 631 948 magis
654 871 874 933 infirmaretur
891 851 1055 932 ductoris
1069 871 1165 933 lame.
1186 869 1254 946 Qus·

164 980 298 1051 propter
319 990 395 1033 cuns
417 974 494 1033 satis
515 990 680 1051 superque
710 973 830 1036 luerint
850 972 890 1033 ab
912 971 1026 1032 eodem
1054 969 1198 1056 Martyra
1220 988 1257 1034 re·

162 1073 284 1134 tutatae
307 1073 492 1151 praedictae
514 1075 752 1136 criminationes
774 1090 833 1150 per
852 1089 961 1134 sanam
983 1069 1135 1149 Origeuis
1159 1071 1256 1135 doetri-

161 1191 234 1235 nam
256 1177 288 1236 in
311 1168 455 1253 genuiuIs
477 1178 576 1256 ipsius
600 1175 692 1237 libris
713 1177 907 1254 expositam,
929 1171 1135 1252 superfluum
1151 1173 1257 1236 videbe·

163 1285 229 1350 tur,
251 1278 338 1355 quod
361 1276 560 1357 Theophilus
582 1286 712 1340 centnm
736 1277 804 1340 iere
824 1293 924 1339 eunus
949 1281 1040 1354 post,
1062 1275 1197 1353 sopitum
1215 1292 1258 1337 sn·

162 1379 290 1439 uitasset
310 1378 467 1441 adversus
488 1395 563 1440 eum
585 1386 618 1438 et
638 1377 739 1440 libros
759 1375 831 1455 ey'us
852 1376 1068 1448 aversionem,
1085 1375 1255 1436 eorumden

163 1478 395 1540 maledicorum
418 1480 536 1541 eisdem
566 1478 734 1540 Innovatis.
749 1476 950 1549 maledictis,
981 1475 1089 1538 denuo
1114 1475 1258 1538 insidiatus

161 1580 249 1641 illius
272 1579 399 1656 lamse;
421 1580 615 1658 etamplius
638 1579 834 1658 impossibile
862 1576 1062 1657 putabatur,
1085 1578 1173 1656 quud
1202 1578 1256 1654 plu·

163 1700 215 1743 res
236 1679 406 1762 Theophili
430 1683 607 1744 meledictIs
630 1683 810 1744 crederent.
832 1680 984 1742 Attamen
1011 1688 1080 1740 tum
1113 1698 1153 1742 ex
1176 1678 1256 1758 ipsius

160 1781 330 1860 Theophili
347 1783 480 1862 pertidia
498 1802 535 1846 ae
551 1785 786 1861 praepotentia,
805 1799 879 1844 cunr
901 1799 942 1843 ex
964 1779 1183 1859 quorumdem
1201 1781 1256 1841 siu·

163 1885 295 1962 plinium
319 1884 483 1960 illusione,
501 1902 538 1945 ae
556 1896 738 1962 temporum
754 1883 937 1946 calamitate
959 1882 1057 1944 eliter
1077 1881 1197 1945 lectum
1212 1886 1254 1942 cst.

162 1988 222 2051 Sed
246 1988 285 2049 de
307 1987 370 2049 hoe
391 1985 487 2048 infra.

244 2088 293 2151 dc
307 2089 451 2162 interim,
466 2098 503 2152 ut
519 2095 643 2152 constet
657 2086 735 2166 quid
752 2085 929 2164 profecerit
942 2087 973 2147 iu
987 2084 1134 2150 Ecclesia
1147 2102 1172 2148 s.
1187 2082 1256 2148 Pau·

160 2188 239 2266 phili
262 2196 295 2250 et
316 2187 448 2252 Ilusebii
474 2188 632 2269 Apologia
655 2206 714 2269 pro
735 2185 897 2266 Origene,
926 2186 1015 2249 testis
1037 2195 1087 2248 esi
1107 2205 1133 2248 s.
1152 2183 1255 2248 Mathe

161 2290 233 2351 dius
255 2285 373 2371 Lyciae
393 2291 583 2368 episeopus:
607 2290 663 2367 qui
686 2290 811 2367 primns
826 2274 1033 2360 numeratur,
1049 2286 1148 2366 qu'us
1161 2285 1256 2364 scripte

161 2388 207 2452 De
227 2389 458 2452 resurreetione
479 2400 511 2453 et
534 2389 577 2452 De
597 2392 727 2463 crectis,
750 2400 924 2462 eruentem,
946 2389 1000 2450 sed
1024 2406 1205 2468 perperam,
1220 2402 1256 2449 ιι·

163 2500 267 2570 gaunt
281 2490 472 2570 Origeuem3
490 2493 603 2554 deiude
620 2509 698 2554 sero
715 2490 908 2570 palinodiam
925 2490 1070 2552 recinens
1088 2492 1192 2554 sirum
1205 2489 1257 2550 lsu·

162 2590 263 2652 davit.
284 2591 316 2655 S.
333 2590 553 2675 Hieronymus
574 2595 606 2655 in
629 2589 726 2654 Libro
744 2590 768 2653 I.
786 2609 816 2652 n.
839 2591 877 2653 II.
894 2599 1005 2653 eontra
1023 2589 1187 2654 Ilnffinum
1200 2587 1258 2653 scri·

162 2692 229 2754 bit:
252 2710 269 2750 n
293 2692 454 2755 Eusebius
475 2695 682 2757 caesariensis
703 2695 885 2773 episeopus,
908 2692 1003 2772 cujus
1024 2683 1125 2770 supra
1148 2687 1256 2755 memini

160 2796 192 2855 iu
214 2790 312 2857 Libro
330 2791 384 2856 Vl.
405 2795 586 2876 Apologiae
606 2795 768 2874 Origenis,
786 2795 848 2857 hoe
869 2795 952 2856 idern
975 2793 1090 2873 objicit
1110 2790 1257 2856 hlethodh

160 2895 312 2975 episeopo
333 2906 366 2960 et
387 2901 521 2983 martyri
545 2899 654 2978 (quod
679 2905 713 2959 tu
736 2899 768 2960 in
790 2899 868 2960 meis
888 2894 1041 2958 laudibus
1071 2889 1256 2963 criminaris)

161 3108 281 3173 textum,
300 3107 330 3160 in
349 3106 517 3178 quibusdam
535 3107 589 3162 etsi
605 3106 743 3162 Immerito
763 3104 926 3178 exprobrare
941 3109 1023 3178 putei
1034 3097 1254 3178 ongeniunui.

162 3213 337 3268 nequaquam
356 3208 495 3255 cessasset
512 3199 629 3254 ulterius
647 3198 739 3270 ipsius
757 3204 852 3253 notare
870 3196 957 3270 impla
975 3197 1013 3252 de
1033 3196 1096 3252 Deo
1123 3195 1252 3268 dogmata.

161 3287 297 3345 absurdus
315 3292 460 3363 opiniones
478 3292 513 3347 de
531 3293 686 3346 animarum
705 3290 797 3363 lapsu,
818 3278 1086 3356 de'resurrectioue,
1099 3290 1136 3345 de
1154 3282 1254 3344 secuml

161 3383 362 3455 redemptione,
384 3385 418 3439 de
435 3384 589 3456 impiorum
608 3393 637 3439 et
654 3385 821 3440 daemonum
841 3388 933 3450 sorte,
953 3389 982 3437 et
1000 3385 1035 3438 de
1053 3381 1117 3438 allis
1139 3373 1253 3455 ejusmodi

164 3474 319 3544 erroribus,
346 3476 470 3554 quibus,
490 3483 523 3531 ut
541 3477 601 3532 vult
628 3476 839 3550 Hieronymus,
867 3476 1071 3549 insperguntur
1097 3475 1173 3530 citati
1195 3467 1254 3533 libri.

162 3565 188 3622 si
215 3584 311 3640 reapse
339 3569 408 3625 tales
434 3569 611 3625 exhibuisset
635 3587 754 3643 graecus
779 3569 924 3642 origiuaIIs
949 3575 1053 3623 textus.
1080 3569 1196 3641 Insuper
1215 3561 1254 3618 se

165 3667 254 3716 cretes
273 3661 302 3718 in
322 3662 406 3718 Libro
427 3663 465 3718 11.
486 3682 510 3718 c.
530 3663 669 3718 XXVIII.
690 3670 718 3718 et
741 3663 913 3718 Sozomenus
940 3663 970 3717 in
997 3661 1083 3717 Libro
1108 3661 1158 3717 IV.
1176 3677 1200 3716 c.
1215 3650 1251 3712 XI·

163 3751 199 3806 de
211 3755 293 3808 Aetio
309 3754 406 3823 locuti,
427 3761 556 3810 statuunt
574 3755 650 3810 hune
669 3754 783 3810 etheum
802 3773 867 3810 eum
885 3755 952 3810 Ario
971 3755 1099 3830 ejusdem
1117 3754 1200 3810 luIsss
1212 3744 1253 3819 opi·

162 3846 255 3900 uiduis
273 3853 444 3903 asserentem
464 3848 567 3903 Filium
586 3848 637 3902 Dei
656 3859 779 3904 ereetum
798 3865 870 3917 esse,
889 3865 925 3904 ex
943 3848 1030 3903 nihilo
1048 3856 1140 3904 ortum
1156 3853 1183 3902 ei
1198 3835 1251 3898 Pstri

95 3955 97 3960 ’
163 3937 337 4009 dissimilem,
356 3941 465 3996 acideo
485 3941 667 4009 Clementem,
683 3941 883 4012 Aphricanum,
899 3948 928 3996 et
946 3941 1099 4014 OrIgensm
1112 3943 1251 4013 prorsus&

165 4031 264 4086 lutere.
285 4032 325 4087 Ui
343 4034 412 4106 quid
430 4051 499 4108 ergo
517 4035 618 4090 Aetius
637 4033 769 4090 refutauit
786 4033 949 4108 Origenem,
969 4034 995 4090 si
1012 4034 1086 4090 isin
1103 4027 1249 4091 sconelo,

166 4132 198 4181 ut
216 4125 302 4182 velius
320 4127 491 4201 Theophilus
509 4134 538 4184 et
556 4127 768 4201 HIeronymus,
792 4127 917 4186 eamdem
947 4144 1013 4186 cum
1032 4127 1115 4185 Aetio
1132 4125 1165 4182 de
1180 4112 1248 4176 stb⁰

164 4219 216 4276 Dei
235 4215 635 4294 propuguein‘Impietatemi
