<?xml version="1.0" encoding="UTF-8"?>
<!DOCTYPE html PUBLIC "-//W3C//DTD XHTML 1.0 Transitional//EN"
    "http://www.w3.org/TR/xhtml1/DTD/xhtml1-transitional.dtd">
<html xmlns="http://www.w3.org/1999/xhtml" xml:lang="en" lang="en">
 <head>
  <title>
</title>
<meta http-equiv="Content-Type" content="text/html;charset=utf-8" />
  <meta name='ocr-system' content='tesseract 3.04.00' />
  <meta name='ocr-capabilities' content='ocr_page ocr_carea ocr_par ocr_line ocrx_word'/>
</head>
<body>
  <div class='ocr_page' id='page_1' title='image "./insgregoriinyss00vincgoog/insgregoriinyss00vincgoog_0450.png"; bbox 0 0 2886 4784; ppageno 0'>
   <div class='ocr_carea' id='block_1_1' title="bbox 1127 352 1169 423">
    <p class='ocr_par' dir='ltr' id='par_1_1' title="bbox 1127 352 1169 423">
     <span class='ocr_line' id='line_1_1' title="bbox 1127 352 1169 423; baseline -0.071 0"><span class='ocrx_word' id='word_1_1' title='bbox 1127 352 1169 423; x_wconf 77' lang='lat' dir='ltr'><strong>tn</strong></span> 
     </span>
    </p>
   </div>
   <div class='ocr_carea' id='block_1_2' title="bbox 51 423 1168 536">
    <p class='ocr_par' dir='ltr' id='par_1_2' title="bbox 51 423 1168 536">
     <span class='ocr_line' id='line_1_2' title="bbox 51 423 1168 536; baseline 0.004 -19"><span class='ocrx_word' id='word_1_2' title='bbox 51 453 87 518; x_wconf 90' lang='lat' dir='ltr'><strong>ln</strong></span> <span class='ocrx_word' id='word_1_3' title='bbox 109 472 175 536; x_wconf 85' lang='lat' dir='ltr'><strong>qna</strong></span> <span class='ocrx_word' id='word_1_4' title='bbox 196 457 402 535; x_wconf 75' lang='lat' dir='ltr'><strong>expositione</strong></span> <span class='ocrx_word' id='word_1_5' title='bbox 428 457 683 536; x_wconf 69' lang='lat' dir='ltr'><strong>compertissima</strong></span> <span class='ocrx_word' id='word_1_6' title='bbox 717 457 826 522; x_wconf 88' lang='lat' dir='ltr'><strong>elucet</strong></span> <span class='ocrx_word' id='word_1_7' title='bbox 846 473 872 520; x_wconf 90' lang='lat' dir='ltr'><strong>s.</strong></span> <span class='ocrx_word' id='word_1_8' title='bbox 896 452 1046 521; x_wconf 83' lang='lat' dir='ltr'><strong>ll&#39;octoris</strong></span> <span class='ocrx_word' id='word_1_9' title='bbox 1078 423 1168 522; x_wconf 77' lang='lat' dir='ltr'><strong>meris</strong></span> 
     </span>
    </p>
   </div>
   <div class='ocr_carea' id='block_1_3' title="bbox 46 558 1203 4282">
    <p class='ocr_par' dir='ltr' id='par_1_3' title="bbox 46 558 1169 823">
     <span class='ocr_line' id='line_1_3' title="bbox 49 558 1164 641; baseline 0.001 -19"><span class='ocrx_word' id='word_1_10' title='bbox 49 558 91 622; x_wconf 84' lang='lat' dir='ltr'><strong>tle</strong></span> <span class='ocrx_word' id='word_1_11' title='bbox 113 558 234 621; x_wconf 81' lang='lat' dir='ltr'><strong>vinculi</strong></span> <span class='ocrx_word' id='word_1_12' title='bbox 257 558 438 640; x_wconf 74' lang='lat' dir='ltr'><strong>coniugalis</strong></span> <span class='ocrx_word' id='word_1_13' title='bbox 460 560 660 638; x_wconf 69' lang='lat' dir='ltr'><strong>perennitate</strong></span> <span class='ocrx_word' id='word_1_14' title='bbox 691 578 796 639; x_wconf 84' lang='lat' dir='ltr'><strong>usqua</strong></span> <span class='ocrx_word' id='word_1_15' title='bbox 822 558 865 621; x_wconf 77' lang='lat' dir='ltr'><strong>&#39;ad</strong></span> <span class='ocrx_word' id='word_1_16' title='bbox 898 559 994 620; x_wconf 89' lang='lat' dir='ltr'><strong>unius</strong></span> <span class='ocrx_word' id='word_1_17' title='bbox 1016 560 1164 641; x_wconf 78' lang='lat' dir='ltr'><strong>conjugis</strong></span> 
     </span>
     <span class='ocr_line' id='line_1_4' title="bbox 46 659 1169 741; baseline 0.001 -19"><span class='ocrx_word' id='word_1_18' title='bbox 46 659 188 733; x_wconf 87' lang='lat' dir='ltr'><strong>obitum,</strong></span> <span class='ocrx_word' id='word_1_19' title='bbox 211 662 361 738; x_wconf 83' lang='lat' dir='ltr'><strong>quamvis</strong></span> <span class='ocrx_word' id='word_1_20' title='bbox 384 662 478 723; x_wconf 87' lang='lat' dir='ltr'><strong>instet</strong></span> <span class='ocrx_word' id='word_1_21' title='bbox 500 677 559 739; x_wconf 92' lang='lat' dir='ltr'><strong>pro</strong></span> <span class='ocrx_word' id='word_1_22' title='bbox 583 659 716 723; x_wconf 80' lang='lat' dir='ltr'><strong>thalami</strong></span> <span class='ocrx_word' id='word_1_23' title='bbox 741 660 945 741; x_wconf 76' lang='lat' dir='ltr'><strong>separatione</strong></span> <span class='ocrx_word' id='word_1_24' title='bbox 976 659 1018 722; x_wconf 90' lang='lat' dir='ltr'><strong>nb</strong></span> <span class='ocrx_word' id='word_1_25' title='bbox 1052 663 1169 725; x_wconf 84' lang='lat' dir='ltr'><strong>uxoris</strong></span> 
     </span>
     <span class='ocr_line' id='line_1_5' title="bbox 49 758 265 823; baseline 0.009 -2"><span class='ocrx_word' id='word_1_26' title='bbox 49 758 265 823; x_wconf 74' lang='lat' dir='ltr'><strong>miniterium.</strong></span> 
     </span>
    </p>

    <p class='ocr_par' dir='ltr' id='par_1_4' title="bbox 46 856 1171 2258">
     <span class='ocr_line' id='line_1_6' title="bbox 129 856 1169 940; baseline 0.007 -18"><span class='ocrx_word' id='word_1_27' title='bbox 129 856 364 936; x_wconf 84' lang='lat' dir='ltr'><strong>Quamobrem,</strong></span> <span class='ocrx_word' id='word_1_28' title='bbox 387 861 511 925; x_wconf 90' lang='lat' dir='ltr'><strong>cunctis</strong></span> <span class='ocrx_word' id='word_1_29' title='bbox 532 861 581 925; x_wconf 92' lang='lat' dir='ltr'><strong>bis</strong></span> <span class='ocrx_word' id='word_1_30' title='bbox 600 861 729 927; x_wconf 89' lang='lat' dir='ltr'><strong>intentis</strong></span> <span class='ocrx_word' id='word_1_31' title='bbox 756 861 1105 940; x_wconf 79' lang='lat' dir='ltr'><strong>animadversionibus,</strong></span> <span class='ocrx_word' id='word_1_32' title='bbox 1127 881 1169 929; x_wconf 85' lang='lat' dir='ltr'><strong>na</strong></span> 
     </span>
     <span class='ocr_line' id='line_1_7' title="bbox 49 951 1167 1045; baseline 0.009 -25"><span class='ocrx_word' id='word_1_33' title='bbox 49 959 182 1024; x_wconf 83' lang='lat' dir='ltr'><strong>dicatur</strong></span> <span class='ocrx_word' id='word_1_34' title='bbox 204 979 303 1023; x_wconf 90' lang='lat' dir='ltr'><strong>ununr</strong></span> <span class='ocrx_word' id='word_1_35' title='bbox 322 951 545 1042; x_wconf 74' lang='lat' dir='ltr'><strong>Erang&#39;elistaa</strong></span> <span class='ocrx_word' id='word_1_36' title='bbox 566 981 690 1027; x_wconf 91' lang='lat' dir='ltr'><strong>comma</strong></span> <span class='ocrx_word' id='word_1_37' title='bbox 715 965 802 1026; x_wconf 83' lang='lat' dir='ltr'><strong>varia</strong></span> <span class='ocrx_word' id='word_1_38' title='bbox 825 963 963 1028; x_wconf 88' lang='lat' dir='ltr'><strong>lectione</strong></span> <span class='ocrx_word' id='word_1_39' title='bbox 984 965 1167 1045; x_wconf 83' lang='lat' dir='ltr'><strong>praeditum</strong></span> 
     </span>
     <span class='ocr_line' id='line_1_8' title="bbox 46 1062 1167 1149; baseline 0.006 -25"><span class='ocrx_word' id='word_1_40' title='bbox 46 1072 82 1124; x_wconf 89' lang='lat' dir='ltr'><strong>et</strong></span> <span class='ocrx_word' id='word_1_41' title='bbox 102 1062 343 1141; x_wconf 85' lang='lat' dir='ltr'><strong>quodammodo</strong></span> <span class='ocrx_word' id='word_1_42' title='bbox 363 1082 457 1126; x_wconf 88' lang='lat' dir='ltr'><strong>sensu</strong></span> <span class='ocrx_word' id='word_1_43' title='bbox 479 1065 625 1145; x_wconf 90' lang='lat' dir='ltr'><strong>opposita</strong></span> <span class='ocrx_word' id='word_1_44' title='bbox 647 1066 848 1128; x_wconf 88' lang='lat' dir='ltr'><strong>consuluisse</strong></span> <span class='ocrx_word' id='word_1_45' title='bbox 875 1063 1107 1149; x_wconf 74' lang='lat' dir='ltr'><strong>Hieronymus,</strong></span> <span class='ocrx_word' id='word_1_46' title='bbox 1134 1074 1167 1131; x_wconf 90' lang='lat' dir='ltr'><strong>at</strong></span> 
     </span>
     <span class='ocr_line' id='line_1_9' title="bbox 50 1163 1170 1248; baseline 0.005 -24"><span class='ocrx_word' id='word_1_47' title='bbox 50 1163 127 1225; x_wconf 93' lang='lat' dir='ltr'><strong>hinc</strong></span> <span class='ocrx_word' id='word_1_48' title='bbox 149 1165 244 1226; x_wconf 85' lang='lat' dir='ltr'><strong>mota</strong></span> <span class='ocrx_word' id='word_1_49' title='bbox 265 1165 379 1226; x_wconf 84' lang='lat' dir='ltr'><strong>istam:</strong></span> <span class='ocrx_word' id='word_1_50' title='bbox 404 1163 462 1246; x_wconf 85' lang='lat' dir='ltr'><strong>qui</strong></span> <span class='ocrx_word' id='word_1_51' title='bbox 481 1163 636 1228; x_wconf 79' lang='lat' dir='ltr'><strong>dimiserit</strong></span> <span class='ocrx_word' id='word_1_52' title='bbox 656 1184 789 1228; x_wconf 77' lang='lat' dir='ltr'><strong>oaorem</strong></span> <span class='ocrx_word' id='word_1_53' title='bbox 809 1183 899 1229; x_wconf 81' lang='lat' dir='ltr'><strong>satam</strong></span> <span class='ocrx_word' id='word_1_54' title='bbox 927 1165 993 1229; x_wconf 84' lang='lat' dir='ltr'><strong>nisi</strong></span> <span class='ocrx_word' id='word_1_55' title='bbox 1011 1167 1048 1230; x_wconf 84' lang='lat' dir='ltr'><strong>ob</strong></span> <span class='ocrx_word' id='word_1_56' title='bbox 1066 1167 1170 1248; x_wconf 67' lang='lat' dir='ltr'><strong>sarni·</strong></span> 
     </span>
     <span class='ocr_line' id='line_1_10' title="bbox 50 1265 1171 1351; baseline 0.004 -23"><span class='ocrx_word' id='word_1_57' title='bbox 50 1265 223 1340; x_wconf 83' lang='lat' dir='ltr'><strong>cntionem,</strong></span> <span class='ocrx_word' id='word_1_58' title='bbox 243 1275 272 1329; x_wconf 85' lang='lat' dir='ltr'><strong>et</strong></span> <span class='ocrx_word' id='word_1_59' title='bbox 293 1265 393 1328; x_wconf 87' lang='lat' dir='ltr'><strong>aliam</strong></span> <span class='ocrx_word' id='word_1_60' title='bbox 414 1266 545 1329; x_wconf 76' lang='lat' dir='ltr'><strong>duxerit</strong></span> <span class='ocrx_word' id='word_1_61' title='bbox 565 1267 746 1345; x_wconf 68' lang='lat' dir='ltr'><strong>moechatam</strong></span> <span class='ocrx_word' id='word_1_62' title='bbox 766 1277 828 1331; x_wconf 88' lang='lat' dir='ltr'><strong>cto.</strong></span> <span class='ocrx_word' id='word_1_63' title='bbox 852 1270 949 1332; x_wconf 88' lang='lat' dir='ltr'><strong>modo</strong></span> <span class='ocrx_word' id='word_1_64' title='bbox 976 1269 1091 1332; x_wconf 85' lang='lat' dir='ltr'><strong>aliam:</strong></span> <span class='ocrx_word' id='word_1_65' title='bbox 1113 1266 1171 1351; x_wconf 84' lang='lat' dir='ltr'><strong>qui</strong></span> 
     </span>
     <span class='ocr_line' id='line_1_11' title="bbox 48 1364 1168 1451; baseline 0.006 -24"><span class='ocrx_word' id='word_1_66' title='bbox 48 1364 209 1429; x_wconf 80' lang='lat' dir='ltr'><strong>dimiserit</strong></span> <span class='ocrx_word' id='word_1_67' title='bbox 227 1385 354 1431; x_wconf 80' lang='lat' dir='ltr'><strong>acorem</strong></span> <span class='ocrx_word' id='word_1_68' title='bbox 376 1387 482 1439; x_wconf 83' lang='lat' dir='ltr'><strong>suam,</strong></span> <span class='ocrx_word' id='word_1_69' title='bbox 498 1380 625 1450; x_wconf 78' lang='lat' dir='ltr'><strong>excepta</strong></span> <span class='ocrx_word' id='word_1_70' title='bbox 639 1368 864 1451; x_wconf 73' lang='lat' dir='ltr'><strong>fornicationis</strong></span> <span class='ocrx_word' id='word_1_71' title='bbox 874 1389 987 1445; x_wconf 76' lang='lat' dir='ltr'><strong>sassa,</strong></span> <span class='ocrx_word' id='word_1_72' title='bbox 1003 1369 1082 1451; x_wconf 67' lang='lat' dir='ltr'><strong>tacit</strong></span> <span class='ocrx_word' id='word_1_73' title='bbox 1100 1380 1168 1434; x_wconf 87' lang='lat' dir='ltr'><strong>eam</strong></span> 
     </span>
     <span class='ocr_line' id='line_1_12' title="bbox 50 1460 1170 1549; baseline 0.009 -23"><span class='ocrx_word' id='word_1_74' title='bbox 50 1464 212 1529; x_wconf 77' lang='lat' dir='ltr'><strong>moecliari</strong></span> <span class='ocrx_word' id='word_1_75' title='bbox 233 1475 298 1541; x_wconf 90' lang='lat' dir='ltr'><strong>etc,</strong></span> <span class='ocrx_word' id='word_1_76' title='bbox 320 1467 537 1546; x_wconf 80' lang='lat' dir='ltr'><strong>complexus,</strong></span> <span class='ocrx_word' id='word_1_77' title='bbox 559 1479 591 1531; x_wconf 89' lang='lat' dir='ltr'><strong>et</strong></span> <span class='ocrx_word' id='word_1_78' title='bbox 613 1489 652 1532; x_wconf 91' lang='lat' dir='ltr'><strong>ne</strong></span> <span class='ocrx_word' id='word_1_79' title='bbox 677 1471 805 1533; x_wconf 83' lang='lat' dir='ltr'><strong>slicatur</strong></span> <span class='ocrx_word' id='word_1_80' title='bbox 836 1460 922 1533; x_wconf 84' lang='lat' dir='ltr'><strong>band</strong></span> <span class='ocrx_word' id='word_1_81' title='bbox 955 1473 1022 1549; x_wconf 90' lang='lat' dir='ltr'><strong>ipse</strong></span> <span class='ocrx_word' id='word_1_82' title='bbox 1049 1471 1170 1536; x_wconf 83' lang='lat' dir='ltr'><strong>discre-</strong></span> 
     </span>
     <span class='ocr_line' id='line_1_13' title="bbox 51 1569 1166 1652; baseline 0.006 -24"><span class='ocrx_word' id='word_1_83' title='bbox 51 1571 198 1648; x_wconf 87' lang='lat' dir='ltr'><strong>pantiam</strong></span> <span class='ocrx_word' id='word_1_84' title='bbox 216 1569 352 1633; x_wconf 83' lang='lat' dir='ltr'><strong>sensisse</strong></span> <span class='ocrx_word' id='word_1_85' title='bbox 375 1571 569 1651; x_wconf 84' lang='lat' dir='ltr'><strong>utriusque3</strong></span> <span class='ocrx_word' id='word_1_86' title='bbox 592 1573 634 1636; x_wconf 94' lang='lat' dir='ltr'><strong>ob</strong></span> <span class='ocrx_word' id='word_1_87' title='bbox 660 1574 740 1636; x_wconf 90' lang='lat' dir='ltr'><strong>haec</strong></span> <span class='ocrx_word' id='word_1_88' title='bbox 768 1580 801 1635; x_wconf 91' lang='lat' dir='ltr'><strong>et</strong></span> <span class='ocrx_word' id='word_1_89' title='bbox 828 1571 946 1636; x_wconf 89' lang='lat' dir='ltr'><strong>similia</strong></span> <span class='ocrx_word' id='word_1_90' title='bbox 975 1583 1166 1652; x_wconf 83' lang='lat' dir='ltr'><strong>argumenta</strong></span> 
     </span>
     <span class='ocr_line' id='line_1_14' title="bbox 49 1669 1168 1757; baseline 0.003 -24"><span class='ocrx_word' id='word_1_91' title='bbox 49 1669 314 1757; x_wconf 83' lang='lat' dir='ltr'><strong>concludendum</strong></span> <span class='ocrx_word' id='word_1_92' title='bbox 347 1679 418 1745; x_wconf 90' lang='lat' dir='ltr'><strong>est,</strong></span> <span class='ocrx_word' id='word_1_93' title='bbox 449 1674 672 1753; x_wconf 78' lang='lat' dir='ltr'><strong>evangelicam</strong></span> <span class='ocrx_word' id='word_1_94' title='bbox 705 1671 861 1738; x_wconf 82' lang='lat' dir='ltr'><strong>Matthaei</strong></span> <span class='ocrx_word' id='word_1_95' title='bbox 897 1675 1113 1738; x_wconf 88' lang='lat' dir='ltr'><strong>testimonium</strong></span> <span class='ocrx_word' id='word_1_96' title='bbox 1136 1677 1168 1737; x_wconf 89' lang='lat' dir='ltr'><strong>in</strong></span> 
     </span>
     <span class='ocr_line' id='line_1_15' title="bbox 51 1767 1165 1855; baseline 0.003 -20"><span class='ocrx_word' id='word_1_97' title='bbox 51 1787 82 1835; x_wconf 81' lang='lat' dir='ltr'><strong>m</strong></span> <span class='ocrx_word' id='word_1_98' title='bbox 103 1767 192 1833; x_wconf 85' lang='lat' dir='ltr'><strong>XlX.</strong></span> <span class='ocrx_word' id='word_1_99' title='bbox 208 1767 238 1835; x_wconf 76' lang='lat' dir='ltr'><strong>ll.</strong></span> <span class='ocrx_word' id='word_1_100' title='bbox 253 1789 314 1835; x_wconf 92' lang='lat' dir='ltr'><strong>suo</strong></span> <span class='ocrx_word' id='word_1_101' title='bbox 336 1773 547 1849; x_wconf 87' lang='lat' dir='ltr'><strong>praemissum</strong></span> <span class='ocrx_word' id='word_1_102' title='bbox 563 1777 807 1848; x_wconf 87' lang='lat' dir='ltr'><strong>commentario,</strong></span> <span class='ocrx_word' id='word_1_103' title='bbox 825 1777 952 1853; x_wconf 86' lang='lat' dir='ltr'><strong>riteque</strong></span> <span class='ocrx_word' id='word_1_104' title='bbox 974 1793 1165 1855; x_wconf 84' lang='lat' dir='ltr'><strong>expensum,</strong></span> 
     </span>
     <span class='ocr_line' id='line_1_16' title="bbox 52 1870 1168 1955; baseline 0.002 -22"><span class='ocrx_word' id='word_1_105' title='bbox 52 1870 153 1934; x_wconf 88' lang='lat' dir='ltr'><strong>aliter</strong></span> <span class='ocrx_word' id='word_1_106' title='bbox 174 1871 215 1932; x_wconf 86' lang='lat' dir='ltr'><strong>ab</strong></span> <span class='ocrx_word' id='word_1_107' title='bbox 237 1871 486 1935; x_wconf 86' lang='lat' dir='ltr'><strong>amanuensibus</strong></span> <span class='ocrx_word' id='word_1_108' title='bbox 509 1870 608 1936; x_wconf 82' lang='lat' dir='ltr'><strong>inisse</strong></span> <span class='ocrx_word' id='word_1_109' title='bbox 630 1877 882 1955; x_wconf 89' lang='lat' dir='ltr'><strong>transcriptum,</strong></span> <span class='ocrx_word' id='word_1_110' title='bbox 907 1875 948 1935; x_wconf 81' lang='lat' dir='ltr'><strong>its</strong></span> <span class='ocrx_word' id='word_1_111' title='bbox 982 1881 1041 1950; x_wconf 92' lang='lat' dir='ltr'><strong>ut,</strong></span> <span class='ocrx_word' id='word_1_112' title='bbox 1067 1874 1168 1937; x_wconf 85' lang='lat' dir='ltr'><strong>veluti</strong></span> 
     </span>
     <span class='ocr_line' id='line_1_17' title="bbox 53 1971 1168 2053; baseline 0.002 -16"><span class='ocrx_word' id='word_1_113' title='bbox 53 1972 204 2047; x_wconf 87' lang='lat' dir='ltr'><strong>ostendi,</strong></span> <span class='ocrx_word' id='word_1_114' title='bbox 227 1971 372 2053; x_wconf 81' lang='lat' dir='ltr'><strong>ejusdem</strong></span> <span class='ocrx_word' id='word_1_115' title='bbox 395 1974 618 2051; x_wconf 89' lang='lat' dir='ltr'><strong>interpretatio</strong></span> <span class='ocrx_word' id='word_1_116' title='bbox 640 1977 744 2038; x_wconf 87' lang='lat' dir='ltr'><strong>minus</strong></span> <span class='ocrx_word' id='word_1_117' title='bbox 767 1975 871 2037; x_wconf 81' lang='lat' dir='ltr'><strong>textui</strong></span> <span class='ocrx_word' id='word_1_118' title='bbox 891 1991 986 2036; x_wconf 86' lang='lat' dir='ltr'><strong>sacro</strong></span> <span class='ocrx_word' id='word_1_119' title='bbox 1014 1975 1168 2039; x_wconf 85' lang='lat' dir='ltr'><strong>cobaere-</strong></span> 
     </span>
     <span class='ocr_line' id='line_1_18' title="bbox 56 2073 1168 2157; baseline 0.004 -21"><span class='ocrx_word' id='word_1_120' title='bbox 56 2081 122 2148; x_wconf 84' lang='lat' dir='ltr'><strong>ret,</strong></span> <span class='ocrx_word' id='word_1_121' title='bbox 138 2073 227 2137; x_wconf 85' lang='lat' dir='ltr'><strong>aliud</strong></span> <span class='ocrx_word' id='word_1_122' title='bbox 249 2074 372 2137; x_wconf 88' lang='lat' dir='ltr'><strong>scilicet</strong></span> <span class='ocrx_word' id='word_1_123' title='bbox 393 2073 529 2138; x_wconf 85' lang='lat' dir='ltr'><strong>docente</strong></span> <span class='ocrx_word' id='word_1_124' title='bbox 549 2074 732 2157; x_wconf 90' lang='lat' dir='ltr'><strong>Scriptura,</strong></span> <span class='ocrx_word' id='word_1_125' title='bbox 744 2074 833 2139; x_wconf 87' lang='lat' dir='ltr'><strong>aliud</strong></span> <span class='ocrx_word' id='word_1_126' title='bbox 849 2083 1030 2156; x_wconf 86' lang='lat' dir='ltr'><strong>exponente</strong></span> <span class='ocrx_word' id='word_1_127' title='bbox 1051 2075 1168 2141; x_wconf 90' lang='lat' dir='ltr'><strong>Hiero·</strong></span> 
     </span>
     <span class='ocr_line' id='line_1_19' title="bbox 52 2193 164 2258; baseline -0.009 -21"><span class='ocrx_word' id='word_1_128' title='bbox 52 2193 164 2258; x_wconf 85' lang='lat' dir='ltr'><strong>aymo.</strong></span> 
     </span>
    </p>

    <p class='ocr_par' dir='ltr' id='par_1_5' title="bbox 51 2276 1203 2663">
     <span class='ocr_line' id='line_1_20' title="bbox 135 2276 1167 2362; baseline 0.003 -20"><span class='ocrx_word' id='word_1_129' title='bbox 135 2276 197 2343; x_wconf 78' lang='lat' dir='ltr'><strong>Sat</strong></span> <span class='ocrx_word' id='word_1_130' title='bbox 219 2280 466 2362; x_wconf 72' lang='lat' dir='ltr'><strong>‹licet-aliquis:</strong></span> <span class='ocrx_word' id='word_1_131' title='bbox 491 2280 596 2355; x_wconf 85' lang='lat' dir='ltr'><strong>unde,</strong></span> <span class='ocrx_word' id='word_1_132' title='bbox 618 2288 650 2344; x_wconf 92' lang='lat' dir='ltr'><strong>et</strong></span> <span class='ocrx_word' id='word_1_133' title='bbox 670 2280 835 2361; x_wconf 85' lang='lat' dir='ltr'><strong>quomodo</strong></span> <span class='ocrx_word' id='word_1_134' title='bbox 857 2279 1038 2361; x_wconf 90' lang='lat' dir='ltr'><strong>probatur,</strong></span> <span class='ocrx_word' id='word_1_135' title='bbox 1062 2290 1167 2345; x_wconf 91' lang='lat' dir='ltr'><strong>muta·</strong></span> 
     </span>
     <span class='ocr_line' id='line_1_21' title="bbox 55 2381 1164 2461; baseline 0.005 -20"><span class='ocrx_word' id='word_1_136' title='bbox 55 2387 126 2442; x_wconf 92' lang='lat' dir='ltr'><strong>tum</strong></span> <span class='ocrx_word' id='word_1_137' title='bbox 149 2381 248 2446; x_wconf 85' lang='lat' dir='ltr'><strong>inisse</strong></span> <span class='ocrx_word' id='word_1_138' title='bbox 270 2381 427 2446; x_wconf 78' lang='lat' dir='ltr'><strong>Matthaei</strong></span> <span class='ocrx_word' id='word_1_139' title='bbox 450 2385 680 2458; x_wconf 87' lang='lat' dir='ltr'><strong>testimonium,</strong></span> <span class='ocrx_word' id='word_1_140' title='bbox 697 2386 765 2446; x_wconf 89' lang='lat' dir='ltr'><strong>sive</strong></span> <span class='ocrx_word' id='word_1_141' title='bbox 786 2383 889 2447; x_wconf 85' lang='lat' dir='ltr'><strong>eidem</strong></span> <span class='ocrx_word' id='word_1_142' title='bbox 911 2385 1034 2446; x_wconf 88' lang='lat' dir='ltr'><strong>intrusa</strong></span> <span class='ocrx_word' id='word_1_143' title='bbox 1053 2384 1164 2461; x_wconf 89' lang='lat' dir='ltr'><strong>rerba,</strong></span> 
     </span>
     <span class='ocr_line' id='line_1_22' title="bbox 51 2480 1203 2569; baseline 0.003 -26"><span class='ocrx_word' id='word_1_144' title='bbox 51 2480 188 2544; x_wconf 83' lang='lat' dir='ltr'><strong>aliunde</strong></span> <span class='ocrx_word' id='word_1_145' title='bbox 210 2484 242 2545; x_wconf 90' lang='lat' dir='ltr'><strong>in</strong></span> <span class='ocrx_word' id='word_1_146' title='bbox 263 2484 348 2550; x_wconf 87' lang='lat' dir='ltr'><strong>hunc</strong></span> <span class='ocrx_word' id='word_1_147' title='bbox 369 2483 480 2549; x_wconf 90' lang='lat' dir='ltr'><strong>locum</strong></span> <span class='ocrx_word' id='word_1_148' title='bbox 503 2483 674 2561; x_wconf 89' lang='lat' dir='ltr'><strong>traducta,</strong></span> <span class='ocrx_word' id='word_1_149' title='bbox 704 2500 742 2547; x_wconf 89' lang='lat' dir='ltr'><strong>ac</strong></span> <span class='ocrx_word' id='word_1_150' title='bbox 771 2484 944 2562; x_wconf 89' lang='lat' dir='ltr'><strong>praemissa</strong></span> <span class='ocrx_word' id='word_1_151' title='bbox 975 2483 1165 2569; x_wconf 76' lang='lat' dir='ltr'><strong>Hieronymi</strong></span> <span class='ocrx_word' id='word_1_152' title='bbox 1200 2486 1203 2495; x_wconf 92' lang='lat'>&#39;</span> 
     </span>
     <span class='ocr_line' id='line_1_23' title="bbox 52 2581 347 2663; baseline 0.017 -21"><span class='ocrx_word' id='word_1_153' title='bbox 52 2582 316 2663; x_wconf 87' lang='lat' dir='ltr'><strong>interpretationi</strong></span> <span class='ocrx_word' id='word_1_154' title='bbox 330 2581 347 2648; x_wconf 74' lang='lat' dir='ltr'><strong>&#39;l</strong></span> 
     </span>
    </p>

    <p class='ocr_par' dir='ltr' id='par_1_6' title="bbox 46 2683 1169 4282">
     <span class='ocr_line' id='line_1_24' title="bbox 134 2683 1169 2766; baseline 0.004 -18"><span class='ocrx_word' id='word_1_155' title='bbox 134 2683 227 2748; x_wconf 90' lang='lat' dir='ltr'><strong>Circa</strong></span> <span class='ocrx_word' id='word_1_156' title='bbox 251 2688 332 2748; x_wconf 89' lang='lat' dir='ltr'><strong>banc</strong></span> <span class='ocrx_word' id='word_1_157' title='bbox 353 2689 595 2766; x_wconf 86' lang='lat' dir='ltr'><strong>quaestionem,</strong></span> <span class='ocrx_word' id='word_1_158' title='bbox 618 2685 649 2747; x_wconf 94' lang='lat' dir='ltr'><strong>in</strong></span> <span class='ocrx_word' id='word_1_159' title='bbox 672 2685 782 2766; x_wconf 90' lang='lat' dir='ltr'><strong>primis</strong></span> <span class='ocrx_word' id='word_1_160' title='bbox 807 2704 901 2748; x_wconf 91' lang='lat' dir='ltr'><strong>nemo</strong></span> <span class='ocrx_word' id='word_1_161' title='bbox 922 2689 1068 2750; x_wconf 86' lang='lat' dir='ltr'><strong>nesciis.</strong></span> <span class='ocrx_word' id='word_1_162' title='bbox 1091 2685 1169 2752; x_wconf 89' lang='lat' dir='ltr'><strong>Hie·</strong></span> 
     </span>
     <span class='ocr_line' id='line_1_25' title="bbox 53 2787 1167 2868; baseline 0.008 -24"><span class='ocrx_word' id='word_1_163' title='bbox 53 2801 228 2868; x_wconf 85' lang='lat' dir='ltr'><strong>ronymnnt</strong></span> <span class='ocrx_word' id='word_1_164' title='bbox 245 2787 282 2848; x_wconf 90' lang='lat' dir='ltr'><strong>in</strong></span> <span class='ocrx_word' id='word_1_165' title='bbox 305 2787 365 2850; x_wconf 88' lang='lat' dir='ltr'><strong>hon</strong></span> <span class='ocrx_word' id='word_1_166' title='bbox 386 2788 618 2850; x_wconf 89' lang='lat' dir='ltr'><strong>commentario</strong></span> <span class='ocrx_word' id='word_1_167' title='bbox 636 2788 732 2850; x_wconf 85' lang='lat' dir='ltr'><strong>sicuti</strong></span> <span class='ocrx_word' id='word_1_168' title='bbox 753 2790 785 2850; x_wconf 91' lang='lat' dir='ltr'><strong>in</strong></span> <span class='ocrx_word' id='word_1_169' title='bbox 813 2787 941 2860; x_wconf 86' lang='lat' dir='ltr'><strong>ceteris,</strong></span> <span class='ocrx_word' id='word_1_170' title='bbox 968 2804 1031 2850; x_wconf 93' lang='lat' dir='ltr'><strong>non</strong></span> <span class='ocrx_word' id='word_1_171' title='bbox 1054 2789 1167 2853; x_wconf 81' lang='lat' dir='ltr'><strong>solum</strong></span> 
     </span>
     <span class='ocr_line' id='line_1_26' title="bbox 51 2885 1167 2966; baseline 0.004 -16"><span class='ocrx_word' id='word_1_172' title='bbox 51 2885 173 2950; x_wconf 88' lang='lat' dir='ltr'><strong>latinae</strong></span> <span class='ocrx_word' id='word_1_173' title='bbox 191 2885 369 2952; x_wconf 81' lang='lat' dir='ltr'><strong>bibliorum</strong></span> <span class='ocrx_word' id='word_1_174' title='bbox 393 2889 593 2952; x_wconf 89' lang='lat' dir='ltr'><strong>translationi</strong></span> <span class='ocrx_word' id='word_1_175' title='bbox 609 2890 744 2964; x_wconf 85' lang='lat' dir='ltr'><strong>vacarit,</strong></span> <span class='ocrx_word' id='word_1_176' title='bbox 759 2888 813 2950; x_wconf 87' lang='lat' dir='ltr'><strong>sed</strong></span> <span class='ocrx_word' id='word_1_177' title='bbox 835 2896 868 2950; x_wconf 90' lang='lat' dir='ltr'><strong>et</strong></span> <span class='ocrx_word' id='word_1_178' title='bbox 887 2904 1019 2966; x_wconf 79' lang='lat' dir='ltr'><strong>graecos</strong></span> <span class='ocrx_word' id='word_1_179' title='bbox 1039 2891 1167 2955; x_wconf 86' lang='lat' dir='ltr'><strong>codices</strong></span> 
     </span>
     <span class='ocr_line' id='line_1_27' title="bbox 58 2988 1166 3066; baseline 0.005 -16"><span class='ocrx_word' id='word_1_180' title='bbox 58 2988 239 3066; x_wconf 90' lang='lat' dir='ltr'><strong>consuluit,</strong></span> <span class='ocrx_word' id='word_1_181' title='bbox 253 2989 351 3052; x_wconf 89' lang='lat' dir='ltr'><strong>latine</strong></span> <span class='ocrx_word' id='word_1_182' title='bbox 375 2996 516 3062; x_wconf 76' lang='lat' dir='ltr'><strong>vertens,</strong></span> <span class='ocrx_word' id='word_1_183' title='bbox 534 2991 704 3053; x_wconf 77' lang='lat' dir='ltr'><strong>varietates</strong></span> <span class='ocrx_word' id='word_1_184' title='bbox 726 3000 852 3064; x_wconf 91' lang='lat' dir='ltr'><strong>notans,</strong></span> <span class='ocrx_word' id='word_1_185' title='bbox 870 2997 1017 3053; x_wconf 84' lang='lat' dir='ltr'><strong>veterum</strong></span> <span class='ocrx_word' id='word_1_186' title='bbox 1035 2990 1166 3056; x_wconf 90' lang='lat' dir='ltr'><strong>Patrum</strong></span> 
     </span>
     <span class='ocr_line' id='line_1_28' title="bbox 54 3089 1167 3172; baseline 0.004 -21"><span class='ocrx_word' id='word_1_187' title='bbox 54 3099 90 3151; x_wconf 87' lang='lat' dir='ltr'><strong>ct</strong></span> <span class='ocrx_word' id='word_1_188' title='bbox 112 3091 252 3154; x_wconf 78' lang='lat' dir='ltr'><strong>maxime</strong></span> <span class='ocrx_word' id='word_1_189' title='bbox 273 3091 421 3172; x_wconf 79' lang='lat' dir='ltr'><strong>Origenis</strong></span> <span class='ocrx_word' id='word_1_190' title='bbox 445 3091 613 3155; x_wconf 82' lang='lat' dir='ltr'><strong>conserens</strong></span> <span class='ocrx_word' id='word_1_191' title='bbox 635 3092 792 3169; x_wconf 82' lang='lat' dir='ltr'><strong>exposita.</strong></span> <span class='ocrx_word' id='word_1_192' title='bbox 815 3089 977 3165; x_wconf 88' lang='lat' dir='ltr'><strong>Secundo,</strong></span> <span class='ocrx_word' id='word_1_193' title='bbox 994 3109 1054 3171; x_wconf 89' lang='lat' dir='ltr'><strong>pro</strong></span> <span class='ocrx_word' id='word_1_194' title='bbox 1076 3110 1167 3156; x_wconf 89' lang='lat' dir='ltr'><strong>more</strong></span> 
     </span>
     <span class='ocr_line' id='line_1_29' title="bbox 56 3192 1167 3272; baseline 0.004 -19"><span class='ocrx_word' id='word_1_195' title='bbox 56 3209 253 3272; x_wconf 74' lang='lat' dir='ltr'><strong>graecorum</strong></span> <span class='ocrx_word' id='word_1_196' title='bbox 275 3201 307 3254; x_wconf 90' lang='lat' dir='ltr'><strong>et</strong></span> <span class='ocrx_word' id='word_1_197' title='bbox 327 3193 502 3257; x_wconf 88' lang='lat' dir='ltr'><strong>latinorum</strong></span> <span class='ocrx_word' id='word_1_198' title='bbox 525 3194 751 3271; x_wconf 89' lang='lat' dir='ltr'><strong>interpretum,</strong></span> <span class='ocrx_word' id='word_1_199' title='bbox 773 3192 829 3272; x_wconf 86' lang='lat' dir='ltr'><strong>qui</strong></span> <span class='ocrx_word' id='word_1_200' title='bbox 849 3209 914 3254; x_wconf 90' lang='lat' dir='ltr'><strong>non</strong></span> <span class='ocrx_word' id='word_1_201' title='bbox 934 3192 1074 3272; x_wconf 72' lang='lat' dir='ltr'><strong>integros</strong></span> <span class='ocrx_word' id='word_1_202' title='bbox 1096 3210 1167 3257; x_wconf 87' lang='lat' dir='ltr'><strong>rer·</strong></span> 
     </span>
     <span class='ocr_line' id='line_1_30' title="bbox 54 3293 1167 3373; baseline 0.002 -18"><span class='ocrx_word' id='word_1_203' title='bbox 54 3293 203 3371; x_wconf 87' lang='lat' dir='ltr'><strong>siculos,</strong></span> <span class='ocrx_word' id='word_1_204' title='bbox 226 3313 284 3356; x_wconf 89' lang='lat' dir='ltr'><strong>nec</strong></span> <span class='ocrx_word' id='word_1_205' title='bbox 304 3294 447 3370; x_wconf 73' lang='lat' dir='ltr'><strong>singulus</strong></span> <span class='ocrx_word' id='word_1_206' title='bbox 467 3295 622 3356; x_wconf 80' lang='lat' dir='ltr'><strong>dictiones</strong></span> <span class='ocrx_word' id='word_1_207' title='bbox 643 3293 805 3373; x_wconf 84' lang='lat' dir='ltr'><strong>cujusque</strong></span> <span class='ocrx_word' id='word_1_208' title='bbox 825 3293 992 3356; x_wconf 89' lang='lat' dir='ltr'><strong>commatis</strong></span> <span class='ocrx_word' id='word_1_209' title='bbox 1015 3297 1167 3373; x_wconf 90' lang='lat' dir='ltr'><strong>praemit·</strong></span> 
     </span>
     <span class='ocr_line' id='line_1_31' title="bbox 55 3394 1169 3474; baseline 0.001 -16"><span class='ocrx_word' id='word_1_210' title='bbox 55 3394 166 3458; x_wconf 85' lang='lat' dir='ltr'><strong>tabant</strong></span> <span class='ocrx_word' id='word_1_211' title='bbox 188 3395 389 3468; x_wconf 87' lang='lat' dir='ltr'><strong>discussioni,</strong></span> <span class='ocrx_word' id='word_1_212' title='bbox 410 3395 465 3462; x_wconf 82' lang='lat' dir='ltr'><strong>set</strong></span> <span class='ocrx_word' id='word_1_213' title='bbox 489 3395 694 3474; x_wconf 84' lang='lat' dir='ltr'><strong>plerumque,</strong></span> <span class='ocrx_word' id='word_1_214' title='bbox 713 3395 767 3458; x_wconf 85' lang='lat' dir='ltr'><strong>vix</strong></span> <span class='ocrx_word' id='word_1_215' title='bbox 783 3396 927 3458; x_wconf 86' lang='lat' dir='ltr'><strong>indicatis</strong></span> <span class='ocrx_word' id='word_1_216' title='bbox 949 3395 1059 3472; x_wconf 91' lang='lat' dir='ltr'><strong>primis</strong></span> <span class='ocrx_word' id='word_1_217' title='bbox 1082 3397 1169 3459; x_wconf 85' lang='lat' dir='ltr'><strong>soci·</strong></span> 
     </span>
     <span class='ocr_line' id='line_1_32' title="bbox 53 3491 1167 3576; baseline 0 -18"><span class='ocrx_word' id='word_1_218' title='bbox 53 3495 117 3561; x_wconf 87' lang='lat' dir='ltr'><strong>bus</strong></span> <span class='ocrx_word' id='word_1_219' title='bbox 145 3513 221 3559; x_wconf 90' lang='lat' dir='ltr'><strong>cum</strong></span> <span class='ocrx_word' id='word_1_220' title='bbox 253 3504 328 3558; x_wconf 90' lang='lat' dir='ltr'><strong>nota</strong></span> <span class='ocrx_word' id='word_1_221' title='bbox 350 3505 379 3558; x_wconf 85' lang='lat' dir='ltr'><strong>et</strong></span> <span class='ocrx_word' id='word_1_222' title='bbox 398 3493 544 3576; x_wconf 83' lang='lat' dir='ltr'><strong>reliqua,</strong></span> <span class='ocrx_word' id='word_1_223' title='bbox 572 3513 701 3557; x_wconf 89' lang='lat' dir='ltr'><strong>sensum</strong></span> <span class='ocrx_word' id='word_1_224' title='bbox 733 3494 937 3573; x_wconf 82' lang='lat' dir='ltr'><strong>exponebant</strong></span> <span class='ocrx_word' id='word_1_225' title='bbox 965 3491 1167 3573; x_wconf 78' lang='lat' dir='ltr'><strong>scripturae,</strong></span> 
     </span>
     <span class='ocr_line' id='line_1_33' title="bbox 53 3594 1169 3681; baseline 0 -21"><span class='ocrx_word' id='word_1_226' title='bbox 53 3597 120 3660; x_wconf 93' lang='lat' dir='ltr'><strong>hoc</strong></span> <span class='ocrx_word' id='word_1_227' title='bbox 141 3597 224 3660; x_wconf 89' lang='lat' dir='ltr'><strong>idem</strong></span> <span class='ocrx_word' id='word_1_228' title='bbox 247 3599 278 3661; x_wconf 93' lang='lat' dir='ltr'><strong>in</strong></span> <span class='ocrx_word' id='word_1_229' title='bbox 300 3599 531 3661; x_wconf 89' lang='lat' dir='ltr'><strong>commentario</strong></span> <span class='ocrx_word' id='word_1_230' title='bbox 553 3594 788 3681; x_wconf 77' lang='lat' dir='ltr'><strong>Hieronymum</strong></span> <span class='ocrx_word' id='word_1_231' title='bbox 818 3597 942 3675; x_wconf 77' lang='lat' dir='ltr'><strong>egisse:</strong></span> <span class='ocrx_word' id='word_1_232' title='bbox 972 3596 1026 3659; x_wconf 90' lang='lat' dir='ltr'><strong>cui</strong></span> <span class='ocrx_word' id='word_1_233' title='bbox 1051 3595 1169 3660; x_wconf 81' lang='lat' dir='ltr'><strong>sullra·</strong></span> 
     </span>
     <span class='ocr_line' id='line_1_34' title="bbox 53 3694 1168 3779; baseline 0.001 -20"><span class='ocrx_word' id='word_1_234' title='bbox 53 3705 175 3779; x_wconf 73' lang='lat' dir='ltr'><strong>gantur</strong></span> <span class='ocrx_word' id='word_1_235' title='bbox 195 3698 292 3778; x_wconf 90' lang='lat' dir='ltr'><strong>prisci</strong></span> <span class='ocrx_word' id='word_1_236' title='bbox 314 3699 451 3762; x_wconf 88' lang='lat' dir='ltr'><strong>codices.</strong></span> <span class='ocrx_word' id='word_1_237' title='bbox 471 3695 532 3760; x_wconf 84' lang='lat' dir='ltr'><strong>Ex.</strong></span> <span class='ocrx_word' id='word_1_238' title='bbox 548 3715 578 3776; x_wconf 75' lang='lat' dir='ltr'><strong>y.</strong></span> <span class='ocrx_word' id='word_1_239' title='bbox 602 3715 643 3760; x_wconf 84' lang='lat' dir='ltr'><strong>ex</strong></span> <span class='ocrx_word' id='word_1_240' title='bbox 665 3715 694 3760; x_wconf 87' lang='lat' dir='ltr'><strong>c.</strong></span> <span class='ocrx_word' id='word_1_241' title='bbox 711 3694 800 3760; x_wconf 83' lang='lat' dir='ltr'><strong>xlx.</strong></span> <span class='ocrx_word' id='word_1_242' title='bbox 817 3694 859 3758; x_wconf 82' lang='lat' dir='ltr'><strong>Et</strong></span> <span class='ocrx_word' id='word_1_243' title='bbox 877 3698 997 3778; x_wconf 77' lang='lat' dir='ltr'><strong>sactum</strong></span> <span class='ocrx_word' id='word_1_244' title='bbox 1017 3704 1076 3768; x_wconf 87' lang='lat' dir='ltr'><strong>est,</strong></span> <span class='ocrx_word' id='word_1_245' title='bbox 1097 3714 1168 3768; x_wconf 83' lang='lat' dir='ltr'><strong>cum</strong></span> 
     </span>
     <span class='ocr_line' id='line_1_35' title="bbox 51 3794 1164 3876; baseline -0.005 -13"><span class='ocrx_word' id='word_1_246' title='bbox 51 3807 297 3863; x_wconf 82' lang='lat' dir='ltr'><strong>consommosset</strong></span> <span class='ocrx_word' id='word_1_247' title='bbox 317 3796 408 3862; x_wconf 80' lang='lat' dir='ltr'><strong>Iesus</strong></span> <span class='ocrx_word' id='word_1_248' title='bbox 429 3808 484 3861; x_wconf 84' lang='lat' dir='ltr'><strong>ets.</strong></span> <span class='ocrx_word' id='word_1_249' title='bbox 506 3797 630 3860; x_wconf 88' lang='lat' dir='ltr'><strong>omissis</strong></span> <span class='ocrx_word' id='word_1_250' title='bbox 650 3794 871 3876; x_wconf 86' lang='lat' dir='ltr'><strong>sequentibus,</strong></span> <span class='ocrx_word' id='word_1_251' title='bbox 892 3812 1048 3858; x_wconf 84' lang='lat' dir='ltr'><strong>sermones</strong></span> <span class='ocrx_word' id='word_1_252' title='bbox 1064 3795 1164 3873; x_wconf 88' lang='lat' dir='ltr'><strong>istos,</strong></span> 
     </span>
     <span class='ocr_line' id='line_1_36' title="bbox 51 3893 1167 3982; baseline -0.007 -16"><span class='ocrx_word' id='word_1_253' title='bbox 51 3899 210 3982; x_wconf 80' lang='lat' dir='ltr'><strong>miprauit</strong></span> <span class='ocrx_word' id='word_1_254' title='bbox 222 3920 244 3962; x_wconf 93' lang='lat' dir='ltr'><strong>a</strong></span> <span class='ocrx_word' id='word_1_255' title='bbox 259 3895 408 3964; x_wconf 77' lang='lat' dir='ltr'><strong>Galilaea</strong></span> <span class='ocrx_word' id='word_1_256' title='bbox 427 3908 456 3962; x_wconf 84' lang='lat' dir='ltr'><strong>et</strong></span> <span class='ocrx_word' id='word_1_257' title='bbox 474 3899 562 3962; x_wconf 82' lang='lat' dir='ltr'><strong>serait</strong></span> <span class='ocrx_word' id='word_1_258' title='bbox 574 3896 609 3962; x_wconf 86' lang='lat' dir='ltr'><strong>in</strong></span> <span class='ocrx_word' id='word_1_259' title='bbox 624 3899 702 3976; x_wconf 80' lang='lat' dir='ltr'><strong>fines</strong></span> <span class='ocrx_word' id='word_1_260' title='bbox 712 3894 852 3959; x_wconf 80' lang='lat' dir='ltr'><strong>taaasas</strong></span> <span class='ocrx_word' id='word_1_261' title='bbox 878 3905 969 3958; x_wconf 85' lang='lat' dir='ltr'><strong>trans</strong></span> <span class='ocrx_word' id='word_1_262' title='bbox 982 3893 1167 3971; x_wconf 77' lang='lat' dir='ltr'><strong>lardariam,</strong></span> 
     </span>
     <span class='ocr_line' id='line_1_37' title="bbox 52 3994 1167 4078; baseline -0.003 -15"><span class='ocrx_word' id='word_1_263' title='bbox 52 4000 152 4064; x_wconf 86' lang='lat' dir='ltr'><strong>lacile</strong></span> <span class='ocrx_word' id='word_1_264' title='bbox 172 4017 190 4062; x_wconf 90' lang='lat' dir='ltr'><strong>a</strong></span> <span class='ocrx_word' id='word_1_265' title='bbox 210 3999 336 4062; x_wconf 87' lang='lat' dir='ltr'><strong>lectore</strong></span> <span class='ocrx_word' id='word_1_266' title='bbox 354 3998 552 4078; x_wconf 83' lang='lat' dir='ltr'><strong>supplendis.</strong></span> <span class='ocrx_word' id='word_1_267' title='bbox 570 3995 639 4062; x_wconf 80' lang='lat' dir='ltr'><strong>Nisi</strong></span> <span class='ocrx_word' id='word_1_268' title='bbox 658 3995 746 4078; x_wconf 84' lang='lat' dir='ltr'><strong>quod</strong></span> <span class='ocrx_word' id='word_1_269' title='bbox 767 3994 898 4058; x_wconf 89' lang='lat' dir='ltr'><strong>serioris</strong></span> <span class='ocrx_word' id='word_1_270' title='bbox 913 3994 1026 4058; x_wconf 89' lang='lat' dir='ltr'><strong>aetatis</strong></span> <span class='ocrx_word' id='word_1_271' title='bbox 1047 3996 1167 4060; x_wconf 88' lang='lat' dir='ltr'><strong>incauti</strong></span> 
     </span>
     <span class='ocr_line' id='line_1_38' title="bbox 52 4094 1165 4180; baseline -0.004 -16"><span class='ocrx_word' id='word_1_272' title='bbox 52 4098 210 4164; x_wconf 65' lang='lat' dir='ltr'><strong>coelicum,</strong></span> <span class='ocrx_word' id='word_1_273' title='bbox 228 4099 499 4180; x_wconf 88' lang='lat' dir='ltr'><strong>transcriptores,</strong></span> <span class='ocrx_word' id='word_1_274' title='bbox 521 4099 570 4163; x_wconf 93' lang='lat' dir='ltr'><strong>bis</strong></span> <span class='ocrx_word' id='word_1_275' title='bbox 591 4098 770 4164; x_wconf 78' lang='lat' dir='ltr'><strong>defectibus</strong></span> <span class='ocrx_word' id='word_1_276' title='bbox 797 4095 968 4159; x_wconf 89' lang='lat' dir='ltr'><strong>consulere</strong></span> <span class='ocrx_word' id='word_1_277' title='bbox 995 4094 1165 4174; x_wconf 88' lang='lat' dir='ltr'><strong>arbitrati,</strong></span> 
     </span>
     <span class='ocr_line' id='line_1_39' title="bbox 46 4194 1168 4282; baseline -0.005 -16"><span class='ocrx_word' id='word_1_278' title='bbox 46 4218 117 4266; x_wconf 88' lang='lat' dir='ltr'><strong>non</strong></span> <span class='ocrx_word' id='word_1_279' title='bbox 137 4199 245 4264; x_wconf 92' lang='lat' dir='ltr'><strong>solnm</strong></span> <span class='ocrx_word' id='word_1_280' title='bbox 268 4200 361 4281; x_wconf 88' lang='lat' dir='ltr'><strong>plura</strong></span> <span class='ocrx_word' id='word_1_281' title='bbox 384 4198 551 4282; x_wconf 76' lang='lat' dir='ltr'><strong>Evangelii</strong></span> <span class='ocrx_word' id='word_1_282' title='bbox 571 4205 730 4265; x_wconf 89' lang='lat' dir='ltr'><strong>commata</strong></span> <span class='ocrx_word' id='word_1_283' title='bbox 750 4213 769 4261; x_wconf 93' lang='lat' dir='ltr'><strong>a</strong></span> <span class='ocrx_word' id='word_1_284' title='bbox 792 4194 992 4276; x_wconf 84' lang='lat' dir='ltr'><strong>Hieronymo</strong></span> <span class='ocrx_word' id='word_1_285' title='bbox 1022 4206 1168 4276; x_wconf 27' lang='lat' dir='ltr'><strong>praeter-⁴</strong></span> 
     </span>
    </p>
   </div>
   <div class='ocr_carea' id='block_1_4' title="bbox 0 0 1452 4784">
    <p class='ocr_par' dir='ltr' id='par_1_7' title="bbox 0 0 1452 4784">
     <span class='ocr_line' id='line_1_40' title="bbox 0 0 1452 4784; baseline 0 0"><span class='ocrx_word' id='word_1_286' title='bbox 0 0 1452 4784; x_wconf 95' lang='lat' dir='ltr'><strong> </strong></span> 
     </span>
    </p>
   </div>
  </div>
 </body>
</html>
