2886 4784
289 448 359 511 Non
382 458 430 511 cst
452 450 585 512 dubium
609 454 686 529 quin
710 453 739 513 in
757 453 815 513 bac
837 451 1035 514 confessione
1051 448 1188 515 Callisto
1202 449 1322 512 adseri·

205 563 274 631 pta,
296 555 354 613 etsi
382 553 508 614 diverse
530 555 560 614 in
586 561 728 632 utroque
761 554 833 616 loco
860 545 1019 634 exposita,
1039 553 1197 631 dogmatis
1224 551 1322 612 mani·

209 654 346 715 testetur
367 655 512 732 impietas
535 655 576 715 nb
598 656 819 717 exclusionem
838 657 934 718 trium
958 672 1170 733 personarum
1196 660 1229 714 et
1254 652 1323 714 uui·

208 756 407 836 uscujusque
430 758 665 836 proprietatum
683 777 699 818 a
716 759 821 820 divina
846 767 960 822 natura
979 767 1010 819 et
1025 758 1179 819 essentias
1203 761 1236 816 et
1257 771 1322 816 ma·

209 862 296 919 aime
320 878 393 920 cum
417 860 536 921 dicitur
559 858 659 921 Filius
682 879 744 921 non
766 871 857 922 antea
881 861 942 921 hoc
964 876 1078 921 nomen
1093 866 1324 919 assecutuscs·

208 979 242 1020 se
264 963 322 1022 nisi
347 963 376 1020 in
400 969 558 1037 tempore,
581 977 643 1020 non
666 961 705 1019 ab
727 968 875 1034 aeterno,
895 961 948 1021 sed
974 969 1049 1021 tunc
1070 959 1177 1020 solum
1193 956 1323 1037 quando

212 1062 309 1124 bomo
327 1065 483 1142 apparuit
505 1062 534 1122 iu
558 1063 677 1123 mundo
700 1071 732 1122 ct
754 1063 840 1125 visus
862 1072 893 1123 et
915 1080 1026 1137 passus
1048 1068 1115 1133 est,
1143 1061 1185 1120 ita
1208 1066 1246 1120 ut
1266 1056 1323 1119 ali·

209 1165 339 1243 qnando
362 1173 444 1224 esset
468 1162 573 1237 Pater,
595 1163 770 1241 aliqnando
792 1162 917 1225 Filius:
945 1161 1040 1224 Pater
1061 1161 1101 1221 ab
1123 1168 1271 1233 aeterno,
1293 1166 1324 1220 et

210 1262 311 1326 Filius
333 1264 374 1324 ab
396 1265 629 1330 incarnationis.
648 1273 804 1343 tempore,
820 1266 954 1327 exclusa
976 1263 1098 1326 scilicet
1121 1270 1253 1323 aeterna
1275 1258 1326 1323 pq,

208 1365 243 1425 lii
267 1367 484 1444 generatione.

292 1465 441 1526 Attamen
467 1483 544 1544 vaga
568 1467 766 1529 accusatoris
789 1464 963 1545 ponderata
986 1462 1166 1536 locutione,
1182 1474 1325 1540 quacum

150 1618 152 1622 a
209 1583 357 1626 errorem
380 1566 533 1644 exprimit
556 1566 739 1641 pontilicis,
763 1568 899 1646 ejusque
921 1564 1028 1643 arguit
1058 1563 1323 1638 inconstantiam,

210 1687 268 1729 nec
293 1669 432 1747 amplius
454 1670 482 1729 ei
507 1687 598 1730 suam
630 1669 749 1748 objecit
778 1668 967 1748 Anonymus
995 1667 1066 1728 fidei
1093 1665 1323 1728 contessionem

210 1771 241 1830 in
264 1770 433 1830 haereseos
450 1769 690 1844 refutationem,
707 1771 886 1831 revocanda
904 1772 967 1831 buc
985 1777 1070 1841 sunt,
1086 1785 1171 1844 qnae
1188 1770 1218 1827 in
1237 1783 1325 1844 prae·

211 1873 313 1933 missis
335 1871 424 1931 librls
445 1872 567 1933 notavit
590 1873 627 1931 de
652 1873 849 1949 pbilosophis
871 1880 902 1933 et
923 1872 962 1932 de
986 1870 1177 1932 baereticisc
1196 1869 1252 1929 ubi
1268 1884 1323 1929 nec

210 1991 401 2050 graecorum
425 1976 654 2034 convenienter
675 1976 826 2051 exposuit
846 1981 1032 2057 systemata,
1056 1991 1114 2034 nec
1141 1971 1248 2033 multo
1271 1969 1324 2030 mi·

213 2092 272 2136 nus
293 2075 433 2135 aliorum
457 2075 610 2153 explicite
632 2076 795 2134 enarravit
819 2093 949 2136 errores
961 2119 973 2149 ‚
998 2085 1031 2136 et
1056 2075 1109 2138 ubi
1140 2092 1179 2134 ne
1209 2071 1324 2134 doctri·
1397 2150 1417 2159 -.

210 2194 282 2238 nam
306 2175 436 2255 quidem
459 2175 676 2236 orthodoxam
693 2176 743 2237 eis
765 2176 917 2253 opposuit
939 2177 969 2236 in
991 2176 1181 2239 eorumdem
1198 2175 1325 2235 damna·

214 2277 353 2337 tionem:
372 2275 458 2354 quod
476 2276 573 2353 magis
589 2277 618 2335 in
636 2277 813 2336 novissimis
830 2276 968 2354 patefiet.
986 2275 1130 2355 Ideoque
1145 2276 1171 2337 si
1187 2275 1218 2335 in
1236 2289 1325 2353 prae·

171 2352 181 2371 ⁰
211 2377 282 2438 latis
304 2376 553 2438 discussionibus
577 2387 639 2437 tam
656 2378 853 2454 negligenter
868 2387 982 2440 cuncta
1001 2379 1153 2440 tractavit
1170 2375 1298 2438 eluctor
1309 2393 1318 2451 ;

212 2478 287 2557 quid
312 2477 488 2556 putandum
512 2476 574 2538 erit
595 2478 633 2538 dc
657 2478 808 2557 hisquae
832 2480 861 2538 in
884 2481 944 2539 hoc
968 2477 1065 2540 Libro
1082 2478 1195 2539 scribit
1213 2478 1252 2539 de
1268 2472 1321 2538 Ze·

213 2581 340 2660 phyrini
377 2586 408 2640 ei
443 2577 566 2640 Callisti
600 2576 743 2640 doctrina
780 2598 854 2658 erga
891 2581 1017 2642 divinae
1052 2578 1219 2641 Trinitatis
1257 2575 1324 2659 aty-

212 2677 374 2741 sterium?

295 2779 351 2842 His
373 2781 494 2857 positis,
521 2782 551 2841 in
573 2780 712 2843 duorum
732 2774 920 2845 Pontificum
940 2783 1091 2844 vindicias
1113 2787 1227 2843 contra
1246 2779 1326 2842 bno·

216 2883 302 2961 nymi
326 2883 593 2943 insimulationem
618 2885 846 2958 praemittenda
871 2894 918 2944 est
941 2885 979 2944 de
996 2884 1056 2945 hoc
1087 2881 1248 2962 Mystcrio
1276 2897 1329 2941 ca·

219 2982 336 3043 tholica
361 2983 448 3043 fides.
474 2981 565 3058 Quae
587 2986 644 3045 etsi
667 3003 705 3045 ex
730 2993 820 3061 parte
844 2985 1012 3060 utriusque
1037 2983 1202 3044 Pontificis
1225 2981 1326 3060 expli·

217 3086 279 3146 cita
304 3079 516 3155 desideretur,
541 3085 645 3146 abeis
667 3090 788 3161 scripto
813 3086 948 3145 tradita:
973 3084 1126 3160 implicite
1150 3092 1258 3145 tumen
1275 3099 1329 3143 seu

214 3185 349 3263 oblique
372 3186 482 3246 eadem
505 3185 634 3263 patefiet
657 3186 823 3263 perillam
846 3203 1048 3246 communem
1073 3184 1146 3244 fidei
1176 3194 1329 3246 tesseram

216 3286 257 3346 ab
279 3286 485 3365 evangelicae
512 3286 756 3364 praedicationis
787 3288 875 3346 initio
903 3286 1093 3364 probatam:
1125 3304 1233 3362 eaque
1260 3285 1332 3346 sim.-

216 3388 290 3467 plici
315 3389 489 3449 vorborum
514 3388 651 3448 lormula
669 3405 866 3464 expressam,
881 3405 977 3464 quam
993 3385 1089 3447 lesus
1105 3386 1226 3448 obtulit
1246 3385 1334 3464 Apo·

214 3488 320 3560 stolis,
342 3488 471 3549 dicens:
494 3495 602 3549 euntes
622 3505 694 3566 erpo
714 3488 819 3547 docctc'
836 3504 940 3547 omnes
970 3495 1074 3564 peotes
1094 3529 1105 3559 ,
1133 3484 1345 3565 baptizantes,

214 3607 264 3650 cos
286 3587 320 3647 io
344 3584 471 3648 nominc
489 3584 599 3647 Petris
619 3597 647 3646 et
668 3585 750 3648 Filii
770 3598 797 3648 et
821 3584 959 3664 Spiritus
980 3584 1100 3648 Sancti.
1121 3586 1156 3647 ln
1176 3589 1238 3650 bac
1253 3589 1336 3649 enim

214 3689 358 3752 Ecclesia
384 3687 561 3759 eoirclusit,
584 3689 799 3767 exposuitque
822 3688 969 3748 fidelibus
994 3687 1194 3750 credendum
1226 3689 1330 3751 Deum

216 3807 318 3854 unum
337 3792 365 3849 in
385 3789 485 3850 tribus
508 3789 650 3864 personis
673 3790 870 3862 distinctum,
888 3806 981 3848 unam
1003 3787 1128 3849 scilicet
1149 3787 1208 3850 Dei
1232 3800 1337 3851 e'ssen·

220 3892 296 3950 tiam
319 3900 347 3950 et
372 3899 534 3958 naturam,
557 3907 594 3949 ac
618 3897 680 3949 tres
703 3890 889 3968 hypostases
912 3886 962 3948 vel
985 3905 1137 3964 personas
1153 3887 1289 3950 Patrem
1305 3895 1336 3947 et

204 3991 336 4071 -Filium
358 4001 390 4050 et
413 3988 567 4065 Spiritum
591 3990 756 4062 Sanctum,
779 3991 819 4048 ab
841 3989 975 4049 invicem
998 3988 1177 4062 distinctas,
1199 3993 1335 4068 suisque

215 4090 379 4169 praeditas
403 4087 623 4164 peculiaribus
645 4087 909 4166 operationibus:
933 4086 1013 4146 adeo
1037 4094 1072 4146 ut
1096 4087 1196 4149 Pater
1218 4089 1340 4149 nonsit

214 4187 318 4250 Filius
342 4205 399 4248 nec
422 4185 559 4262 Spiritus
582 4185 736 4258 Sanctus,
761 4186 801 4244 ita
827 4203 884 4245 neo
907 4181 1008 4244 Filius
1029 4184 1071 4243 sit
1095 4185 1194 4248 Pater
1214 4194 1247 4248 et
1269 4184 1339 4265 Spi-

127 4273 129 4278 ’
214 4289 297 4351 ritus
319 4269 454 4352 Sanctus
467 4307 478 4365 3
501 4304 559 4348 acc
580 4288 655 4348 item
678 4284 818 4364 Spiritus
841 4281 976 4346 Sanctus
998 4283 1037 4343 sit
1055 4280 1152 4346 Pater
1168 4292 1202 4348 et
1219 4283 1245 4349 F
1249 4285 1336 4349 ilius.
