2886 4784
257 379 313 450 m
335 483 480 558 interim,
495 482 581 562 quod
605 483 643 544 de
667 481 832 545 Alcibiade
854 483 920 545 dixi
944 478 1078 545 Romam
1102 479 1265 561 proiecto,
1284 499 1378 563 prae.

253 586 344 665 stigia
366 603 424 647 sua
446 584 571 645 serendi
594 601 703 654 causa,
727 601 824 662 quarn
848 593 952 644 tamen
970 584 1244 646 circumstantiam
1262 604 1305 647 cx
1324 587 1372 646 hi-

252 688 379 749 storicia
402 704 493 746 nemo
515 686 679 757 indicavit,
704 685 912 762 repetentum
932 685 1060 746 videtur
1074 684 1112 746 de
1129 683 1279 763 Epigono
1292 705 1372 749 noe·

255 790 341 849 tiano
363 796 395 848 et
416 785 455 847 do
477 785 629 857 Sabellio,
653 802 735 863 quos
758 787 832 844 item
848 786 910 845 hnc
928 784 1116 867 anonymus
1133 786 1293 857 traduxit,
1312 786 1371 847 im·

253 891 320 969 pias
343 890 504 951 doctrinas
527 886 745 962 profusurus,
767 884 950 968 zephyrino
972 896 1002 947 et
1024 887 1158 949 Callisto
1188 885 1369 949 Ecclesiam

250 991 434 1069 regentibus
442 1008 453 1066 3
478 1006 550 1049 cum
574 988 780 1049 nihilominus
803 1006 861 1047 nac
883 985 1107 1048 Theodoretus
1129 989 1167 1049 dc
1191 989 1240 1049 bis
1264 990 1371 1052 tribus

251 1090 383 1151 locutus
407 1088 502 1161 viris,
526 1088 619 1146 sicuti
644 1106 700 1147 nec
722 1085 967 1160 Tertullianus,
989 1105 1047 1149 nec
1070 1087 1228 1149 Eusebius
1262 1106 1370 1168 nequa

251 1200 278 1274 s.
302 1189 499 1266 Epiphanius
521 1189 551 1248 in
576 1188 687 1248 urbem
712 1191 829 1251 horum
853 1190 1053 1263 meminerint
1076 1190 1246 1251 adventus.

257 1320 260 1325 ·
302 1300 307 1313 “
334 1293 408 1352 Post
432 1292 493 1351 hoc
517 1308 577 1350 non
600 1298 645 1350 est
667 1291 795 1352 silentio
819 1289 1091 1368 praetereundum
1114 1291 1199 1369 quod
1217 1292 1249 1351 in
1267 1289 1369 1353 Libro

251 1391 290 1455 Χ.
314 1411 342 1453 c.
368 1389 438 1452 XX.
462 1389 539 1452 (licit
565 1392 751 1474 anonymus
773 1392 811 1451 dc
832 1390 951 1451 eisdem
966 1390 1169 1452 helcesaitis:
1189 1391 1244 1453 ubi
1261 1392 1369 1454 breri-

254 1506 304 1555 ter
326 1494 521 1553 innovantur
544 1493 573 1551 in
596 1491 693 1553 Libro
718 1491 772 1554 tx.
796 1498 904 1554 notata
918 1511 929 1569 3
951 1500 982 1551 ct
1004 1491 1058 1552 ubi
1081 1491 1204 1565 (lutici,
1222 1493 1366 1573 quadarn

251 1597 370 1656 intenta
395 1594 564 1654 concordia
592 1613 665 1655 cunr
691 1591 885 1655 Theodnrcti
913 1594 1117 1654 enarratione
1144 1595 1183 1655 de
1211 1596 1261 1655 bis
1290 1597 1367 1657 haa-

250 1697 372 1767 roticis,
388 1695 534 1755 arbitrati
550 1703 623 1755 sunt
643 1693 834 1772 Episcopum
851 1695 1089 1776 obtempero,
1106 1713 1168 1756 non
1187 1714 1266 1759 vero
1280 1697 1368 1759 Ano·

252 1814 384 1879 nymntn
408 1795 448 1856 ab
469 1796 574 1856 altero
596 1814 653 1856 sua
677 1805 861 1856 mutuatum
885 1814 952 1856 esse
975 1796 1071 1868 dicta,
1094 1796 1187 1857 sicuti
1209 1815 1251 1859 ex
1276 1814 1367 1875 prae·

248 1896 435 1958 cedentibus
458 1905 603 1973 apparet.
633 1895 721 1958 Haec
743 1898 869 1958 interim
894 1915 1008 1973 graece
1030 1897 1139 1958 scribit
1163 1895 1367 1981 Euonymus.

246 1992 360 2116 Eupo:
397 1982 431 2058 δὲ
465 1987 548 2068 τίνες
582 1985 626 2069 ὡς
659 1987 771 2058 καινόν
806 2011 838 2058 τι
872 1985 1143 2082 παρεισάγοντες
1179 1987 1216 2059 ἐκ
1252 1990 1368 2062 πασῶν

244 2090 396 2196 αἱρέσεων
423 2089 721 2220 ἔμανιοάμενοιᾈξ
723 2090 793 2172 ε’νην
824 2090 942 2183 platon
973 2090 1182 2162 cumulamus
1205 2092 1368 2185 Ηλχασαΐ

243 2199 331 2280 τίνος
347 2187 700 2321 ἐπονομαζομένην·
661 2223 750 2268 ουτοι
765 2196 822 2277 τοὶς
838 2219 897 2287 μεν
914 2192 1021 2300 ἀμχοὶς
1035 2197 1092 2265 τοῦ
1103 2220 1228 2281 οεοεντος
1246 2195 1370 2292 ὁμοίως

245 2298 308 2394 ὁμο
293 2299 501 2395 λογοῦοιν
484 2325 545 2369 ono
567 2303 623 2369 τοῦ
651 2303 731 2373 Θεοῦ
760 2325 863 2396 γεγονε
859 2301 946 2374 ’,ναι
945 2299 1119 2430 Χρισλὸν
1149 2296 1226 2370 δὲ’
1210 2327 1270 2376 ενα
1301 2301 1366 2399 οὐχ

245 2404 480 2499 ομολογοῦσιν,
505 2397 618 2476 ἀλλ’
594 2429 676 2476 ειναι
700 2432 753 2476 τον
777 2402 836 2499 μὲν
860 2404 923 2477 ἅνω
943 2403 1011 2491 ἕνα,
1035 2403 1191 2476 αὑτὸνδὲ
1215 2432 1370 2503 peruna-

244 2512 378 2605 ξάμενον
396 2511 427 2583 ἐν
442 2536 575 2604 σωμασι
591 2514 755 2599 [ωολλοῦς]
770 2513 941 2595 ενολλοὲκις,
956 2509 1014 2584 καὶ
1029 2515 1083 2583 νῦν
1100 2505 1135 2582 δέ
1148 2512 1180 2581 ἐν
1195 2521 1241 2581 τῶ
1256 2515 1366 2596 laconi,

244 2613 369 2710 ομοίως
394 2617 502 2704 [chri
527 2612 586 2710 μὲν
609 2617 644 2688 ἐκ
668 2617 725 2687 τοῦ
747 2621 828 2690 Θεοῦ
849 2620 1048 2712 γεγενῆσθαι,
1068 2615 1147 2687 uara*
1171 2618 1206 2688 δὲ
1230 2617 1368 2713 Πνεῦμα

245 2720 421 2816 γεγονέναι,
445 2717 526 2790 uara*
547 2719 583 2795 δὲ
607 2722 641 2792 ἐκ
665 2724 840 2827 Παρθένον,
865 2718 943 2791 ucri
967 2722 1003 2792 δέ
1025 2722 1073 2791 οῦ.
1101 2717 1169 2792 Καὶ
1193 2725 1310 2794 τοῦτον
1332 2725 1368 2794 δὲ

245 2826 412 2919 μετέπειτα
435 2827 485 2898 uisi
509 2826 540 2897 ἓν
564 2826 701 2920 σοῖμασι
726 2827 974 2922 μεταγγίζεσθαε
990 2827 1052 2899 ’καὶ
1070 2827 1102 2898 ἐν
1122 2829 1260 2910 πολλοῖς
1282 2821 1369 2902 nati

243 2951 377 3058 καιμονς
394 2931 587 3003 δείκνυσθαι.
610 2933 757 3054 Χμῶνταε
775 2933 811 3002 δὲ
823 2932 1027 3019 ἔπα[οε]δαις
1048 2958 1105 3003 και
1129 2933 1241 3024 finali
1240 2957 1368 3026 σμασνν

243 3031 295 3108 ἐπι
319 3062 357 3133 τῃ
382 3047 443 3107 τῶν
466 3035 638 3131 σλοεχείων
661 3035 833 3132 ὁμολογίᾳ.
861 3037 1062 3118 &eobanci
1086 3034 1119 3107 δὲ
1143 3036 1221 3139 usp?
1251 3037 1370 3144 ἀσΊμο-

241 3140 357 3236 λογίαν
380 3167 436 3213 και
465 3140 714 3237 ααθηματικην,
739 3142 796 3214 καὶ
820 3168 978 3238 μαγικοις
1004 3153 1120 3247 [αμοσε
1114 3140 1267 3239 Ἣχονοι]
1283 3169 1368 3247 σμο-

245 3245 503 3342 γνωολικοῦςδέ
527 3249 662 3331 ἔαυτοιλς
681 3247 872 3343 λέγουσιν.
864 3277 887 3319 ι.
912 3277 941 3320 c

329 3356 484 3421 Nonnulli
506 3359 573 3430 alii,
595 3360 683 3421 velut
699 3377 819 3420 novum
842 3358 963 3436 aliquid
988 3357 1242 3431 introducentes,
1267 3377 1310 3421 cx
1332 3378 1365 3421 o·

210 3481 213 3489 ’
247 3458 374 3519 mnibus
409 3459 595 3518 haeresibus
631 3459 757 3536 placitis
787 3478 901 3521 eorum
933 3458 1100 3529 collectis,
1134 3465 1249 3536 parato
1279 3458 1367 3520 libro

247 3560 431 3635 peregrino,
455 3561 510 3636 qui
534 3578 648 3620 nenton
673 3558 819 3620 Helos-sai
842 3559 1010 3639 cuiusdam
1035 3559 1262 3636 praelerebat,
1286 3578 1364 3622 uon·

246 3658 549 3721 htentursimiliter
572 3661 725 3738 principia
750 3663 891 3722 uniuersi
918 3679 933 3718 a
963 3657 1030 3720 Deo
1059 3670 1129 3720 orta
1160 3677 1243 3720 esse.
1271 3658 1366 3723 Chri·

245 3769 330 3821 stunr
353 3769 461 3821 autem
485 3778 585 3821 unum
609 3780 676 3821 csse
700 3771 814 3838 negant
827 3781 838 3838 ;
861 3762 916 3821 sed
939 3779 1006 3821 csse
1039 3778 1138 3822 unum
1162 3761 1192 3822 i'n
1213 3762 1367 3840 superlo-

247 3861 290 3936 ri;
315 3861 417 3936 ipsum
441 3868 550 3919 antem
576 3863 758 3922 transivisse
779 3862 907 3937 saepius
929 3860 960 3921 in
983 3878 1121 3939 corpora
1145 3859 1263 3933 multa,
1278 3879 1367 3923 nunc

246 3969 354 4020 autem
377 3961 407 4020 iu
429 3957 563 4037 lesuin3
586 3961 736 4022 similiter
758 3962 953 4038 quandoque
975 3982 1015 4023 ex
1039 3960 1106 4023 Deo
1129 3971 1240 4022 natum
1271 3979 1365 4039 casc3

136 4107 138 4112 ,
245 4058 420 4137 aliquando
447 4078 523 4120 vero
545 4060 701 4138 Spiritum
726 4060 847 4122 lactum
870 4081 954 4140 essc3
979 4061 1056 4124 alias
1072 4072 1181 4125 autem
1197 4080 1240 4122 ex
1260 4057 1368 4140 Virgi-

245 4177 298 4230 ne,
320 4158 398 4220 alias
423 4178 499 4220 vcro
522 4177 596 4220 nou.
623 4158 663 4221 Et
685 4163 787 4236 ipsunt
812 4161 924 4222 deinde
957 4161 1146 4238 (latentur)
1179 4178 1312 4238 semper
1333 4163 1366 4224 ia

247 4278 383 4339 corpora
417 4262 665 4339 transmigrare:
691 4271 721 4323 et
747 4263 776 4322 iu
804 4262 915 4323 uiuitis
945 4266 1122 4328 secunlum
1153 4271 1301 4341 tempora
1330 4278 1366 4325 sc
