2886 4784
160 422 223 482 hoc
240 418 522 496 dogmatizantes,
546 417 591 479 uti
614 416 789 481 excludent
810 417 947 479 salutem
970 416 1086 478 carnis'
1101 421 1133 479 et
1159 422 1292 496 repro*

161 524 237 584 bent
259 521 502 628 ptapmationem
525 517 593 582 Dei.
617 539 633 575 a
658 518 760 600 Cujus
782 538 807 582 s.
833 518 982 598 Episcopi
1003 535 1079 581 eum
1100 518 1145 581 ob
1159 520 1281 583 oculos

120 704 123 708 1
162 622 277 695 libros,
304 622 358 683 ubi
382 622 613 698 sapientissime
635 621 822 699 disputavit,
845 623 964 701 quippe
988 620 1092 699 magni
1120 621 1278 683 momenti

162 741 227 797 res,
252 722 384 792 realem,
408 741 466 783 nec
484 722 714 800 phantasticam
737 721 854 783 docens
877 720 995 785 Christi
1020 722 1279 783 incarnationem

163 824 194 884 in
217 824 344 883 divinae
367 821 607 900 Redemptionis
621 823 908 901 complementum,
925 821 1278 907 baberethnouymus,

165 926 223 987 hos
244 925 412 1003 neglexit,
434 925 465 985 in
488 923 637 988 futilibus
659 942 775 988 eorum
797 923 1057 988 enarrationibus
1084 923 1280 1000 enarrapdis

168 1024 289 1086 trustra
315 1025 476 1087 laborans.
500 1023 531 1087 Si
554 1029 638 1086 enim
661 1026 827 1104 proposito
848 1025 1075 1102 satisfecisset,
1097 1041 1214 1105 reapse
1232 1023 1284 1087 ‹li-

165 1125 284 1187 micaus
306 1125 336 1184 in
358 1124 500 1197 docetes,
525 1133 600 1186 tunc
613 1125 690 1204 jure
704 1126 933 1189 conclusisset:
950 1137 976 1187 ct
992 1122 1280 1198 demonstrauimus

157 1243 203 1288 ‚aa
223 1224 282 1285 boc
302 1223 374 1304 ipsa
394 1221 544 1296 motoria,
559 1225 673 1287 trabem
694 1223 731 1288 in
751 1227 843 1290 oculo
864 1245 970 1288 eornm
991 1226 1105 1301 inesse,
1120 1235 1156 1289 ut
1175 1210 1283 1288 sidere

160 1325 297 1407 possint,
319 1325 349 1387 si
367 1326 450 1406 forts
469 1334 629 1406 possunt,
651 1336 679 1388 st
699 1337 779 1390 certe
799 1347 864 1390 nors
885 1338 997 1391 cetcrm
1018 1327 1194 1409 obsessore.
1219 1325 1284 1390 Ve-

165 1448 239 1492 rum
261 1447 354 1490 secus
376 1447 472 1508 agens
494 1429 633 1503 Auctor,
656 1433 793 1492 lectores
815 1433 846 1493 iu
868 1431 1024 1493 coecitate
1046 1428 1201 1491 firmarit.
1285 1468 1292 1477 -

250 1526 372 1590 Eodem
395 1547 494 1608 porro
511 1537 622 1594 tenore
638 1530 824 1613 Anonymus
841 1549 869 1592 c.
887 1530 928 1593 ll.
951 1528 1100 1592 incedens
1119 1527 1280 1593 Monuimi

165 1631 298 1692 discutit
319 1631 491 1706 baeresim,
508 1631 547 1693 de
562 1650 625 1711 qua
642 1630 867 1694 Theodoretus
883 1633 914 1693 in
924 1630 1022 1693 Libro
1038 1630 1061 1692 Ι.
1075 1628 1278 1694 Fabularum

165 1730 395 1794 hoereticorum
416 1735 482 1809 ait,
505 1733 597 1796 illum
621 1753 662 1796 cx
692 1735 892 1796 arithmetica
924 1734 1054 1795 scientia
1076 1750 1167 1795 suam
1192 1731 1283 1797 effin·
1313 1796 1318 1805 ,

165 1835 251 1895 sisse
273 1832 463 1908 doctrinam,
487 1852 584 1913 qnam
608 1835 662 1896 ille
677 1835 827 1913 ampliori
847 1842 986 1896 tractatu
1003 1834 1146 1912 exponit.
1165 1831 1281 1896 Postea

164 1933 244 1994 haec
266 1941 377 1994 narrat
397 1933 436 1994 de
457 1931 615 1996 Tatiano:
640 1955 656 1993 «
679 1931 832 1995 Tatianus
854 1932 1032 2012 discipulus
1053 1930 1171 1995 lustini
1195 1949 1282 1994 mar·

168 2035 246 2117 tyris
268 2051 331 2096 non
352 2034 464 2097 eedem
487 2035 652 2114 protessus
673 2044 744 2106 est,
778 2052 862 2114 quae
894 2035 1047 2113 magister
1067 2033 1202 2095 docuitr
1224 2032 1281 2094 sed

166 2153 248 2196 nova
272 2136 431 2215 quaedam
454 2154 637 2215 aggressus,
661 2138 705 2197 ait
727 2136 853 2199 Aeones
867 2136 1025 2216 quosdam
1041 2134 1219 2197 invisibiles
1233 2153 1284 2198 es·

166 2255 224 2300 se:
248 2238 442 2319 tabulasque
463 2239 584 2301 similas
606 2240 663 2310 cis,
686 2258 769 2318 quoe
791 2257 809 2300 a
831 2236 1003 2300 Valentino
1024 2243 1175 2299 narratae
1189 2243 1279 2310 sunt,

167 2348 369 2401 commentus
390 2347 447 2401 est.
471 2338 674 2403 Connubium
698 2359 766 2402 esse
788 2340 1030 2418 corruptionem
1061 2337 1213 2400 similiter
1242 2355 1283 2399 sc

166 2437 326 2516 Marcion,
350 2439 436 2501 dicit.
462 2440 621 2504 ananum
644 2450 752 2501 autem
775 2439 913 2503 affirmat
941 2458 1117 2519 numquam
1150 2439 1281 2500 salsum

167 2539 250 2612 loro,
274 2540 360 2620 qnod
385 2542 509 2619 primus
530 2558 592 2601 non
613 2540 781 2602 obediendi
804 2540 989 2617 exemplum
1005 2540 1171 2600 dederit.»
1189 2535 1281 2599 llaec

168 2640 237 2703 iere
258 2641 370 2703 eadem
392 2643 567 2719 scripserat
587 2659 612 2702 s.
637 2639 788 2703 irenaeus
811 2644 841 2702 in
858 2660 885 2703 c.
903 2638 1056 2702 xxvitt.
1075 2638 1163 2701 Libri
1181 2638 1205 2699 Ι.
1223 2641 1283 2701 nisi
1300 2635 1303 2641 ’

168 2741 256 2823 quod
281 2743 469 2825 Euonymus
490 2739 614 2804 Tatiani
638 2742 795 2805 haeresim
817 2742 963 2804 distinxit
977 2741 1017 2802 ab
1031 2738 1198 2803 eamotitis
1214 2740 1285 2803 sire

165 2841 425 2916 continentibus,
453 2845 492 2906 dc
522 2844 641 2923 quibus
673 2845 772 2927 paulo
803 2853 884 2923 post,
905 2842 1052 2923 loquitur
1086 2845 1116 2902 in
1149 2859 1177 2903 e.
1208 2839 1281 2904 Vll.

168 2946 278 3020 «tilii,
302 2947 364 3019 ait,
387 2945 442 3025 qui
465 2946 523 3005 sibi
546 2963 661 3006 nomen
683 2946 867 3007 indiderunt
891 2943 1077 3018 encratitae,
1100 2947 1139 3004 de
1158 2941 1229 3006 Deo
1250 2951 1285 3006 et

167 3050 206 3109 de
229 3046 369 3120 Christo,
386 3065 469 3125 qnae
493 3047 607 3107 tradita
630 3047 765 3107 suntab
789 3045 946 3119 Ecclesia,
963 3063 1025 3107 nna
1047 3062 1123 3106 eum
1144 3061 1181 3106 aa
1205 3062 1284 3108 eon·

170 3149 312 3210 fitentur.
334 3168 350 3204 s
375 3145 485 3222 Quare
506 3145 656 3211 Cruioius
677 3147 809 3208 scribit:
826 3166 842 3205 s
858 3145 947 3208 llaec
973 3154 1082 3208 noster
1097 3162 1215 3208 rursus
1238 3148 1285 3207 vi·

168 3250 265 3313 detur
286 3251 416 3311 aliunde
439 3257 631 3321 mutuatus,
668 3247 752 3309 male
784 3248 1033 3309 consarcinasse.
1064 3245 1114 3308 Ex
1146 3243 1286 3310 Tatiano

168 3351 264 3422 enim,
282 3350 321 3412 de
335 3367 402 3428 quo
423 3366 521 3426 supra
545 3348 766 3408 brevissimam
789 3350 981 3409 mentionem
1003 3349 1079 3426 egit,
1103 3348 1299 3411 encratitae*

169 3451 317 3530 prognati
339 3455 443 3522 eraut,
468 3455 505 3510 ut
525 3447 642 3510 docent
665 3445 830 3523 irenaeus,
855 3447 1027 3522 Eusebius,
1049 3446 1286 3530 Hieronymus,

170 3549 408 3622 Theodorctus,
432 3549 580 3627 plerique
602 3548 666 3609 alii.
691 3546 779 3611 Unus
803 3547 1001 3628 Epiphanius
1022 3548 1155 3609 seorsim
1181 3565 1198 3608 a
1223 3546 1288 3610 Tr·

169 3655 255 3713 tiano
278 3654 316 3711 de
338 3649 503 3711 encratitis
525 3648 665 3722 disserit,
680 3658 711 3711 et
729 3650 785 3710 hos
807 3651 851 3710 ait
872 3650 976 3711 omnia
1000 3648 1039 3710 ab
1062 3651 1129 3726 ipso
1151 3657 1288 3727 accepta

169 3761 329 3826 sectatos,¹
340 3750 393 3812 scd
410 3756 442 3811 et
457 3750 487 3810 iu
503 3748 663 3812 deteriora
685 3768 754 3812 esse
776 3750 953 3829 prolapsos.
968 3768 983 3806 a
1000 3748 1068 3812 Cur
1083 3766 1182 3828 porro
1196 3749 1289 3813 dicat

169 3854 359 3933 Anrrnymns
381 3866 474 3912 encra
482 3850 552 3911 titas
574 3868 647 3912 cnm
664 3848 809 3913 Ecclesia
827 3850 1045 3912 conventreio
1061 3849 1110 3924 iis,
1127 3865 1213 3928 qnae
1229 3848 1289 3912 du·

169 3963 243 4014 cent
264 3953 302 4013 de
319 3950 385 4013 lleo
407 3961 438 4012 et
461 3952 499 4012 de
520 3946 662 4026 Christo,
686 3951 805 4012 nescio.
828 3949 910 4014 Nam
933 3948 1130 4028 Epiphanius
1146 3948 1287 4013 Haeresi

170 4049 221 4122 td.
246 4073 277 4113 n.
295 4050 319 4112 l.
342 4070 434 4114 secus
449 4051 581 4114 scribits
600 4072 616 4110 s
637 4049 794 4130 Principia
817 4052 914 4114 etiam
936 4051 984 4112 illi
1007 4050 1102 4128 plura
1125 4051 1286 4113 coustitu-

167 4162 238 4229 uut,
262 4163 292 4216 et
315 4154 397 4217 inter
419 4171 455 4216 ca
478 4153 643 4216 diabolum
662 4151 827 4230 referunt,
851 4169 946 4231 quem
969 4149 1204 4235 Deiooperibus
1227 4151 1296 4214 aa:
