2886 4784
1149 389 1188 462 ll

67 504 104 548 sc
126 495 236 567 partas
257 495 290 550 ct
310 487 562 564 condemnasse,
585 505 670 567 quae
699 506 810 552 coram
836 491 978 555 Ecclesia
1000 504 1032 557 at
1054 498 1190 574 imperio

68 589 211 655 fideliter
233 590 397 672 protessus
416 601 509 653 crat:
535 609 572 654 aa
594 594 727 669 insuper
748 593 854 655 dcduo
878 603 1082 670 retractasse,
1106 614 1192 676 quae

68 693 183 757 coram
206 693 355 772 Agapeto
375 693 558 753 sanciverat
579 692 617 752 de
641 692 784 753 Anthimi
809 693 962 757 haeretici
984 696 1189 775 expulsione.

71 797 246 859 Praeterea
269 813 329 858 nec
359 795 479 869 lateat,
503 792 797 873 quaeuhnastasina
821 797 874 858 lr'tc
895 807 1007 859 narrat
1028 799 1067 860 da
1089 798 1189 863 lusti·

70 901 157 960 niani
179 911 211 960 et
233 895 425 960 Theodorae
447 896 709 958 contentionibus
731 905 763 959 et
786 898 878 959 minis
900 900 930 958 in
953 896 1131 978 vigiliam,
1154 910 1193 965 ut

70 998 309 1077 acephalorum
331 996 455 1060 haeresi
477 996 697 1059 subscriberet
728 1006 761 1060 et
783 996 972 1060 hothimnm
1005 1002 1193 1064 restitueret

70 1103 101 1160 in
124 1102 232 1160 sedam
264 1115 379 1173 snam,
402 1096 513 1160 eadem
535 1097 598 1175 legi
621 1097 651 1158 in
673 1094 746 1160 Vita
770 1097 906 1176 Agapeti
928 1099 1048 1161 eisdem
1077 1108 1187 1164 notata

69 1203 333 1264 circumstantiis.
358 1199 539 1280 dgepetum
562 1199 646 1258 enim
668 1200 789 1261 inducit
813 1197 994 1264 llistoricns
1020 1219 1094 1264 cum
1130 1201 1192 1265 lm·

68 1311 223 1382 peratore
244 1308 418 1379 qnestnm,
441 1300 527 1379 qood
551 1316 614 1362 oon
636 1300 674 1360 ad
699 1301 873 1376 principem
896 1301 1109 1364 christianum
1134 1321 1188 1365 ve·

67 1405 167 1464 nisset
187 1402 242 1466 sed
264 1403 304 1465 ad
328 1399 578 1464 Diocletianum.
597 1399 676 1464 ltern
700 1398 855 1479 vigilium
877 1419 988 1464 coram
1003 1403 1117 1465 eodem
1131 1402 1192 1467 Ju-

67 1505 207 1566 stiniano
228 1512 261 1566 et
282 1499 455 1565 Theodora
485 1501 706 1581 alloquentem
739 1500 885 1579 proteri,
918 1503 1007 1582 quod
1039 1522 1102 1567 oon
1130 1505 1190 1568 bos

69 1606 244 1669 invenisset
266 1605 424 1683 piissimos
434 1625 447 1685 3
472 1620 521 1667 ast
545 1622 587 1666 ex
616 1602 755 1665 adverso
787 1604 817 1665 iu
852 1603 916 1667 illis
950 1603 1189 1669 Diocletianum

71 1705 248 1786 reperisset
269 1713 302 1767 ot
323 1703 559 1768 Eleutheriam·
603 1730 606 1737 ·
998 1753 1005 1758 .

149 1805 303 1870 Ceterum
325 1823 428 1867 nonne
450 1805 586 1868 stultum
609 1813 703 1879 esset,
727 1813 895 1887 postquam
917 1806 1132 1885 lastinianus,
1148 1816 1192 1873 te·

67 1909 173 1972 stibus
195 1907 341 1986 Agapeto
365 1905 464 1986 Papa,
487 1906 586 1969 Petro
608 1907 907 1990 hierosolymitano,
932 1906 1046 1971 bienna
1063 1909 1189 1974 eidon-

67 2010 136 2071 cilii
161 2007 311 2072 Patribus
332 2009 374 2069 ab
395 2027 434 2070 eo
457 2007 626 2083 adunatis,
649 2017 681 2070 et
703 2009 801 2087 ipsius
833 2008 989 2088 Principis
1021 2010 1188 2088 epistolis,

67 2111 238 2177 conlassus
260 2116 307 2172 cst
332 2109 427 2171 fldem
450 2101 643 2172 catholicam
666 2118 697 2171 et
720 2111 1003 2172 anathematizavit
1019 2112 1192 2192 acephalo·

67 2230 145 2275 rom
168 2212 326 2274 haeresim
348 2219 380 2274 at
402 2228 627 2292 quascumque
660 2210 757 2288 alias3
789 2219 820 2272 et
851 2219 1021 2289 postquam
1056 2219 1190 2276 testatos

66 2319 118 2375 est
137 2331 172 2374 sa
191 2312 327 2377 illusum
349 2312 448 2376 luisse
469 2330 533 2374 non
556 2313 595 2374 ah
611 2313 772 2374 haeretice
791 2312 1111 2388 dnthtmtdoctrtna,
1129 2315 1190 2378 ite-

67 2432 143 2478 rum
167 2414 251 2489 dieo,
274 2432 336 2477 non
359 2415 400 2475 ab
422 2415 581 2477 haeretica
608 2415 749 2475 dnthimi
772 2413 931 2489 doctrina,
954 2416 1046 2495 quasi
1074 2417 1188 2479 haere·

67 2515 142 2590 sim,
159 2515 284 2578 etiamsi
305 2515 430 2591 nolens,
453 2515 663 2592 adprobasset
686 2516 884 2594 imperator;
906 2516 960 2578 sad
981 2517 1127 2595 inquiens
1149 2533 1185 2579 sc

65 2615 111 2676 ab
133 2614 275 2678 dothimi
298 2616 442 2697 eiusdem
465 2615 671 2677 simulatione
693 2624 837 2695 captum,
862 2620 1031 2678 asserentis
1051 2637 1085 2679 se
1105 2636 1186 2697 qun·

67 2724 147 2779 taor
169 2717 382 2779 conciliorum
404 2716 549 2795 profiteri
572 2715 681 2791 tidem,
705 2735 778 2778 cum
796 2735 910 2780 revera
930 2718 1185 2782 chalcedonense

68 2817 240 2881 decretum
262 2827 295 2880 at
314 2837 338 2881 s.
362 2815 477 2882 Leonis
499 2818 667 2898 epistolam
689 2817 871 2896 relutare13
895 2837 1010 2895 nonne,
1033 2821 1087 2901 ajo
1104 2819 1187 2883 stul·
1205 2870 1212 2882 ,

69 2928 139 2982 tum
161 2928 257 2993 esset,
279 2928 327 2982 tot
347 2930 378 2982 et
400 2927 563 2983 tantorum
588 2924 716 2985 testium
739 2917 912 2982 detrahere
933 2920 1019 2995 ddei,
1037 2929 1074 2983 nt
1095 2921 1181 2984 dica·

70 3029 126 3082 tur
156 3038 231 3084 cum
254 3020 423 3085 Anastasio
448 3019 649 3083 lastinianus
677 3021 859 3083 haereticus
881 3023 1074 3101 etamplius
1102 3021 1184 3083 Pon·

70 3121 193 3185 tilicnm
216 3120 440 3185 Romanorum
465 3122 564 3184 hostis
585 3133 617 3184 et
639 3119 860 3202 persecutor?

151 3218 222 3282 lloc
242 3228 352 3283 antem
375 3221 474 3299 magis
495 3239 538 3283 ex
568 3222 715 3300 sequenti
746 3220 877 3300 patefiet
908 3216 1017 3298 vigilii
1049 3221 1184 3299 epistole

68 3319 107 3380 ad
131 3317 353 3382 lastinianum
375 3319 461 3383 circa
484 3337 535 3383 an.
558 3314 629 3389 540.
650 3321 794 3400 scriptas
817 3321 934 3400 inqua
960 3318 1109 3382 Pontifex
1131 3319 1185 3381 lit·
1238 3365 1240 3367 -

70 3430 156 3480 teras
179 3429 338 3482 memorat
358 3421 417 3482 sibi
439 3421 481 3481 ab
502 3438 541 3483 eo
562 3420 652 3482 datas
675 3421 714 3482 da
744 3439 801 3483 sua
835 3419 896 3481 lide
924 3419 1132 3492 orthodoxa,
1154 3427 1188 3482 ct

69 3520 125 3583 ubi
147 3522 232 3582 inter
252 3521 332 3582 alios
356 3523 548 3593 haereticos,
568 3521 609 3581 ab
623 3540 662 3582 eo
677 3521 992 3584 anathematizantur
1014 3520 1186 3583 hntbimus

68 3629 101 3683 et
123 3638 236 3683 ornnes
257 3622 415 3701 acephali.
441 3621 497 3684 ait
514 3618 669 3701 vigilius:
695 3619 817 3684 «Unde
838 3640 895 3684 nos
916 3624 947 3682 in
965 3619 1102 3683 Domino
1116 3621 1185 3701 glo·

67 3725 149 3785 riari
173 3723 308 3786 nimium
330 3724 481 3786 convenit
501 3722 589 3802 quod
612 3740 675 3785 non
706 3723 905 3801 imperialem
938 3723 1045 3784 solum
1075 3723 1131 3784 sed
1152 3742 1187 3786 a·

68 3825 145 3885 tiam
169 3825 405 3888 sacerdotalem
430 3825 518 3888 vobis
539 3827 683 3888 animum
705 3825 962 3904 concederesne
983 3825 1188 3888 miseratione

67 3924 319 4004 dignatusest.
345 3971 353 3990 .
380 3974 387 3988 .
412 3970 420 3988 .
445 3925 495 3989 Ex
518 3942 582 4006 qua
606 3943 641 3988 re
659 3926 850 3988 venerabilis
874 3924 1054 4004 imperator
1066 3926 1185 3989 devota

69 4029 288 4092 venerationis
309 4029 527 4108 gratulatione
547 4029 764 4106 suscipimus,
787 4028 874 4108 quod
907 4027 1025 4089 ardore
1058 4028 1131 4091 lidei
1153 4041 1185 4091 et
1256 4062 1261 4070 -

66 4131 179 4191 suasis
200 4130 388 4192 iracundiae
411 4132 626 4192 commotione
647 4130 792 4193 succensi
815 4129 905 4192 nobis
927 4129 1023 4193 etiam
1048 4131 1119 4209 pios
1141 4130 1188 4192 di·
1210 4191 1213 4196 ,

67 4231 200 4295 rexistis
220 4230 358 4328 aliattnsJ
380 4231 412 4294 in
432 4232 551 4311 quibus
573 4231 686 4294 beatae
708 4230 941 4296 recordationis
963 4221 1188 4296 Caelestinum
