2886 4784
152 510 224 583 post
248 499 278 561 in
302 517 331 560 n.
356 494 405 562 83.
430 495 631 559 Domitianus
653 504 685 559 et
707 495 901 561 Theodorus
924 498 1040 562 hscida
1065 396 1279 566 monachiihh

152 603 269 668 deindo
291 601 430 679 episcopi
452 597 631 678 hypocritae
653 600 693 661 ab
709 600 777 679 ipso
793 601 918 682 Cyrillo
944 609 1113 675 vocantur,
1129 604 1271 683 eoquod

151 706 272 768 occulte
295 722 393 783 prava
416 701 565 780 Origenis
582 703 729 781 dogmata
748 703 990 781 profiterentur.
1013 703 1053 766 lli
1078 722 1176 782 porro
1199 724 1275 768 non·

155 809 255 879 nulli,
279 824 361 886 quos
384 813 472 866 notat
494 802 649 885 Cyrinus,
674 805 769 866 iidem
791 813 879 881 sunt,
902 825 983 884 quos
1005 824 1184 888 anonymus
1207 806 1274 870 Au·
1356 824 1368 886 j
1436 844 1440 850 ·

154 919 228 973 ntor
244 907 417 970 Tractatns
434 905 611 969 iustiniani
633 906 671 966 ati
697 903 846 968 hionnam
869 905 946 968 dicit
967 906 1006 968 ad
1030 926 1064 969 se
1087 916 1278 986 perventum

157 1031 226 1075 esse
249 1027 358 1072 serere
374 1011 599 1086 origenianam
622 1009 814 1071 doctrinam.

235 1110 331 1175 Nune
353 1121 462 1172 autem
486 1127 587 1188 rogo,
610 1110 635 1170 si
659 1126 772 1169 revera
797 1110 933 1188 praelati
956 1113 1104 1173 monachi
1139 1111 1273 1190 prolana
1321 1171 1325 1178 .

155 1213 305 1293 Origenis
328 1215 476 1291 dogmate
501 1210 747 1289 profitebantur,
771 1230 873 1290 quare
889 1231 905 1273 a
923 1211 1075 1275 Facundo
1098 1223 1129 1274 et
1152 1211 1275 1298 Cyrillo

157 1317 349 1397 hypocritae
371 1324 401 1377 et
422 1315 629 1376 simulatores
651 1314 833 1378 dicuntur?
858 1314 896 1376 m
918 1317 994 1394 quid
1017 1317 1075 1376 sibi
1101 1316 1171 1377 vult
1201 1317 1271 1378 talis

157 1429 282 1481 secreta
306 1425 337 1480 et
359 1417 489 1488 occulta
513 1416 635 1478 erroris
658 1414 844 1495 professio?
866 1415 936 1478 Hoc
960 1417 1126 1478 manileste
1142 1418 1274 1492 indicat,

158 1521 335 1583 monachos
357 1520 550 1598 palaestinos
573 1520 688 1597 (sicuti
711 1528 803 1580 antea
827 1520 1001 1581 monachos
1030 1520 1221 1598 nitrienses)
1244 1521 1291 1582 in'

157 1632 335 1703 conspectu
360 1622 534 1694 Ecclesiae,
558 1624 682 1684 cunctis
706 1623 851 1696 testibus,
877 1623 1021 1700 profiteri
1044 1622 1137 1684 iidem
1162 1623 1274 1686 catho-

156 1726 252 1788 licam
265 1745 277 1803 ;
300 1727 386 1788 intus
410 1742 500 1797 vero,
525 1725 556 1784 in
578 1724 683 1786 cordis
706 1723 840 1786 illorum
862 1727 986 1798 intimo,
1004 1744 1070 1804 quo
1092 1743 1198 1798 nemo,
1216 1727 1274 1787 nisi

155 1829 216 1891 soli
241 1826 414 1891 Facundus
435 1837 467 1888 et
488 1825 656 1911 Cyrillus,
679 1844 763 1890 unus
783 1827 1137 1899 schismaticus,·alter
1158 1828 1277 1890 illusus

157 1939 392 2011 penetrarunt,
417 1929 579 1991 haeretica
604 1928 748 2006 profiteri
771 1929 942 2006 dogmata,
973 1930 1067 1990 sicuti
1100 1929 1275 2008 aliquando

158 2029 362 2110 Theophilus
393 2048 493 2092 ausus
522 2037 570 2091 est
603 2030 802 2108 perscrutari
830 2036 862 2090 et
893 2030 1046 2090 damnare
1075 2031 1271 2091 haereticam

159 2134 306 2214 intimam
330 2133 563 2195 monachorum
582 2133 806 2210 aegyptiorum
830 2133 1066 2192 conscientiam.

241 2233 288 2297 De
310 2236 437 2314 reliquo
461 2232 624 2296 Macarius
647 2231 950 2316 Hierosolymorum
973 2234 1144 2315 episeopus
1168 2237 1274 2317 orige-

158 2339 241 2400 nista
264 2337 449 2398 haereticus
471 2336 613 2412 dicitur;
635 2345 666 2395 et
690 2335 761 2396 ideo
783 2335 939 2412 expulsus
960 2352 977 2395 a
1000 2353 1057 2398 sua
1081 2337 1166 2400 sede.
1187 2339 1277 2401 hita-

157 2458 232 2502 mcn
254 2436 466 2517 Theophanes
487 2438 613 2509 scribit,
634 2435 815 2498 Macarium
837 2438 980 2515 legitime
1001 2438 1186 2501 ordinatum
1208 2441 1276 2519 epi·

156 2559 292 2619 scopum
315 2558 373 2618 per
396 2541 542 2602 iraudem
565 2548 596 2601 et
617 2539 810 2601 calumniam
834 2540 968 2617 (sedulo
1000 2543 1270 2621 animadvertito)

158 2643 259 2706 luisse
282 2661 298 2703 a
320 2662 379 2705 sna
401 2642 476 2704 sede
498 2642 685 2719 expulsum,
710 2651 740 2701 et
763 2641 834 2702 ideo
857 2642 955 2719 paulo
978 2652 1048 2720 post
1076 2647 1275 2709 restitutum.

159 2742 197 2807 V.
223 2743 381 2806 baronius
402 2744 463 2806 sub
485 2735 737 2806 an.5lb.n.71.
757 2742 935 2804 Macarium
960 2753 1055 2806 vocat
1078 2749 1183 2808 virum
1205 2765 1276 2810 san·

157 2854 248 2910 cium
271 2847 355 2908 dono
377 2845 567 2926 prophetiae
588 2846 747 2922 ditatum;
770 2845 887 2905 addens
908 2863 992 2923 quae
1013 2846 1170 2910 euvenus
1199 2868 1274 2912 eum

159 2949 355 3019 dictasunt,
379 2966 419 3008 ex
441 2946 573 3007 levitate
597 2946 703 3023 potius
728 2962 825 3023 qnam
848 2963 888 3006 ex
912 2947 1047 3007 veritate
1069 2951 1273 3025 processisse.

159 3049 338 3113 Eusebium
363 3047 506 3126 Papam,
537 3065 633 3125 quem
663 3046 806 3126 Cyrillus
837 3047 1035 3107 haereticum
1067 3050 1273 3126 origenistam

160 3159 280 3221 vocat,
303 3148 504 3212 lastinianus
538 3148 681 3227 appellat
714 3149 819 3208 virum
855 3145 910 3207 Dei
942 3149 1219 3228 amantissimum
1243 3160 1276 3213 et

159 3250 276 3314 Manna
299 3251 397 3328 ipsius
421 3254 560 3312 miratur
574 3251 784 3310 sanctitatem.
801 3245 991 3310 Theodorus
1008 3248 1128 3310 noctua.
1145 3252 1274 3313 occulta

160 3353 286 3414 haeresi
300 3351 514 3431 (imaginaria)
529 3348 676 3429 Origenis
692 3350 840 3423 iniectus,
858 3367 917 3428 pro
933 3348 1165 3427 acephalorum
1189 3351 1276 3412 dam·

159 3456 288 3516 natione
309 3457 422 3516 instet:
446 3454 559 3514 deinde
581 3453 750 3530 episcopus
778 3453 873 3513 trium
896 3449 1123 3529 Capitnlorum
1154 3455 1273 3515 acerri·
1396 3489 1403 3500 ·

159 3575 231 3619 mus
253 3556 375 3630 hostis,
399 3553 529 3640 Synodo
553 3553 589 3616 V.
615 3555 816 3630 subscripsit,
841 3562 998 3633 perpetuo
1021 3553 1115 3616 fidem
1138 3556 1273 3618 natholi-

159 3676 229 3719 cam
254 3656 429 3736 professus.
448 3654 647 3717 Domitianus
670 3656 845 3717 monachus
867 3655 1118 3717 archimandrita
1141 3658 1277 3735 acupha·
1341 3719 1342 3722 ,

157 3759 269 3820 lorum
293 3759 490 3819 anathemati
511 3757 721 3834 subscripsit:
745 3774 782 3818 ac
805 3765 913 3834 postea
936 3759 1128 3835 episcopus,
1161 3776 1235 3819 eum
1258 3777 1274 3818 a

157 3859 286 3945 Cyrillo
307 3861 426 3922 dicitur
450 3860 631 3920 haereticus
653 3860 836 3937 origenista,
855 3864 891 3919 nt
907 3858 1111 3921 orthodoxus
1134 3859 1278 3921 celebra·

160 3970 216 4026 tur
238 3980 254 4022 a
277 3981 303 4024 s.
330 3961 525 4040 Ephraemio
554 3961 752 4022 sanctissimo
774 3969 805 4021 et
827 3959 1012 4022 doctissimo
1037 3960 1117 4023 viro.
1141 3959 1276 4024 Nonnns

157 4085 175 4128 e
200 4064 336 4134 Leontio
360 4065 530 4148 byzantino
557 4065 606 4125 vir
629 4063 798 4142 religiosus
820 4080 857 4124 ac
880 4061 948 4124 lere
975 4060 1102 4124 divinus
1136 4061 1280 4124 celebra-

157 4176 225 4240 tur,
251 4165 402 4230 Nestorio
424 4175 456 4228 et
480 4164 655 4249 Eutychcti
676 4164 918 4227 infensissimus.
941 4160 983 4226 m
1004 4164 1049 4226 sic
1080 4164 1209 4228 dicatur
1240 4165 1279 4225 do

157 4269 306 4350 eiusdem
330 4266 454 4331 Leontii
477 4267 665 4332 honoranda
690 4265 845 4332 memoria
879 4266 962 4329 iuter
993 4267 1196 4345 orthodoxos
1221 4264 1280 4331 Ec·

158 4371 280 4439 clesiac
304 4366 427 4434 Patres.
