2886 4784
94 478 279 542 recentiora
302 480 333 536 et
355 492 439 554 qnae
460 475 698 537 exercebantur
717 494 736 537 a
759 480 896 556 graecis,
918 497 1002 557 quae
1020 481 1089 542 hori
1105 489 1137 543 et
1152 380 1214 547 nd7

92 597 152 658 per
175 579 262 645 iaetu
283 578 424 651 inerant,
441 586 477 639 ut
501 585 607 639 vetera
631 586 661 638 et
682 579 812 657 antiqua
838 581 1031 643 referebant.
1055 602 1072 638 n
1096 582 1210 646 Proin·

89 683 199 762 deque
228 665 417 743 Solonnon
447 679 558 739 docuit
589 695 721 754 graecus
752 679 790 738 de
809 677 887 738 ¹liei>
915 683 1080 742 seientiam
1112 685 1205 762 quasi

92 802 214 862 pueros
237 784 294 852 tut
313 782 384 845 vult
401 782 589 861 Anonymns
603 781 624 854 l,
648 797 746 858 qnam
761 782 800 841 ab
816 785 971 863 aegyptiis
989 787 1207 866 acquisieret3

92 883 147 946 sed
171 884 211 943 ab
233 882 354 944 eisdem
375 881 499 958 aceepit
521 897 712 958 graecorum
734 881 921 960 sapientiam
944 885 1046 948 relate
1068 887 1105 948 ad
1129 890 1211 950 anti·

93 983 284 1062 quissimam
305 983 532 1063 aegyptiorum
555 979 768 1057 disciplinam,
788 985 999 1045 recentiorem
1016 986 1209 1063 existimari,

94 1103 133 1147 ac
154 1073 228 1146 ideo
252 1087 282 1145 in
303 1085 364 1147 bac
380 1101 514 1162 graecos
530 1084 641 1145 haberi
659 1102 777 1160 pueros
793 1091 825 1145 et
840 1087 1004 1167 aegypties
1019 1104 1120 1149 senes.
1137 1086 1211 1150 Fal·

93 1204 168 1249 snm
190 1186 292 1264 igitur
314 1191 372 1260 est,
396 1185 483 1263 qnod
506 1184 583 1246 dicit
605 1184 806 1267 Anonymns,
831 1183 982 1249 Solonem
998 1186 1040 1248 ab
1063 1187 1211 1274 Aegypto

93 1297 263 1367 acceptam
285 1286 472 1361 scientiam,
496 1303 629 1364 graecos
651 1287 758 1348 adbuc
780 1304 900 1366 pueros
921 1295 953 1350 et
973 1286 1168 1369 Theologiae
1185 1293 1211 1354 i·

98 1406 218 1470 gnaros
239 1387 419 1451 edocuisse.

177 1489 314 1566 insuper
335 1486 504 1566 peregrina
531 1496 579 1549 est
610 1488 672 1549 alia
696 1487 855 1572 Anonymi
885 1490 1010 1553 leontio
1043 1492 1212 1555 asserentis

94 1590 249 1654 Solonem
272 1589 413 1678 antiqno·
427 1589 568 1666 quodam
593 1596 625 1652 et
648 1591 836 1667 prophetico
858 1609 1018 1664 sermone,
1037 1600 1115 1654 teste
1139 1592 1211 1655 Pla·

61 1701 67 1707 '
96 1701 193 1765 tone,
227 1707 359 1769 graecos
384 1690 537 1752 imbuisse
564 1708 683 1768 pueros
714 1691 820 1754 divina
852 1694 995 1754 seientia.
1019 1691 1144 1757 Nnilibi
1166 1697 1209 1759 ita

93 1792 209 1856 scribit
231 1790 334 1853 Plato.
357 1787 594 1852 Tantummodo
615 1789 731 1852 similia
755 1791 878 1860 notavit
900 1788 1048 1854 Clemens
1079 1794 1211 1856 alexan-

93 1893 209 1954 drinus
230 1892 262 1952 iu
283 1888 381 1953 Libro
405 1888 430 1952 l.
454 1887 635 1953 Strumoton
656 1907 686 1950 n.
705 1887 774 1951 XV.
792 1908 833 1952 ex
856 1889 1001 1969 ejusdem
1025 1890 1213 1971 Philosophi

95 1993 235 2071 Dialngo
256 1989 301 2052 De
320 1989 430 2053 anime
451 1990 550 2053 Libro
571 1988 610 2051 X.
629 1988 672 2050 De
692 1988 851 2068 republica
887 1991 1007 2053 inserto
1029 2003 1060 2053 et
1092 2009 1134 2054 ex
1160 1991 1212 2054 Ti·

95 2111 202 2166 maen‚
226 2109 310 2171 quae
334 2098 438 2153 tamen
459 2090 593 2154 obninse
614 2093 777 2153 recensuit
800 2089 988 2172 Anonymns
1009 2098 1042 2153 et
1056 2099 1149 2153 extra
1165 2092 1211 2171 ip-

92 2195 161 2258 sius
182 2191 357 2258 Clementis
377 2209 517 2253 sensnm.
539 2190 689 2255 Clemens
710 2190 822 2270 itaque
842 2190 974 2252 scribit:
992 2210 1009 2250 n
1026 2188 1060 2251 ln
1075 2189 1213 2272 Dialogo

95 2303 207 2359 autem
229 2294 269 2357 de
289 2291 393 2355 anima
417 2310 532 2355 rursus
549 2292 679 2354 videtur
695 2290 787 2353 Plato
802 2308 977 2369 agnoscere
993 2291 1210 2369 prophetiam,

95 2394 306 2458 introducens
328 2393 518 2472 prophetam
541 2388 690 2453 Lachesis
712 2391 890 2452 orationem
913 2390 1157 2467 condolentem,
1178 2396 1213 2454 et

95 2493 182 2574 apud
206 2511 272 2568 eas,
296 2511 381 2572 qnae
402 2493 598 2564 sortiuntur,
622 2490 742 2552 animes
772 2490 1021 2570 praedicentem.
1046 2489 1087 2552 nt
1108 2491 1138 2552 in
1160 2488 1213 2553 Ti·

95 2613 190 2659 maeo
211 2594 480 2672 sapientissimum
502 2592 653 2656 Solonem
675 2592 853 2656 introducit
872 2593 1044 2656 discentem
1064 2592 1211 2655 abarba·

97 2713 145 2757 ro.
171 2693 219 2756 lta
241 2700 351 2755 autem
371 2711 405 2754 se
427 2691 523 2754 babet
543 2692 664 2755 dictio:
687 2710 705 2751 o
726 2689 848 2765 Solen,
873 2689 995 2765 Solon,
1017 2711 1071 2756 ons
1101 2691 1211 2773 praeci

93 2813 215 2876 semper
234 2793 309 2858 estis
324 2793 420 2875 pueri
440 2802 502 2856 ιιι.
527 2801 564 2855 nt
585 2810 696 2873 supra.

132 2922 134 2926 ’
175 2895 256 2959 Vide
277 2915 355 2976 ergo
378 2904 445 2958 tum
469 2895 571 2958 relate
592 2892 631 2955 ad
650 2893 791 2956 Platonis
815 2895 1047 2969 testimonium,
1063 2912 1137 2956 num
1161 2912 1211 2957 re·

94 3000 162 3061 late
183 2997 386 3072 adsensum,
409 2997 656 3075 discrepantiam
677 2996 762 3057 inter
792 2993 990 3058 Clementem
1016 3003 1047 3056 et
1080 2995 1210 3078 llnony·

95 3116 207 3161 mum:
230 3115 268 3159 nc
290 3115 352 3160 nna
376 3097 521 3174 inspicite
543 3097 635 3157 istius
657 3095 878 3156 contusionem
894 3104 925 3156 et
941 3113 1087 3157 errorem
1104 3095 1135 3156 in
1150 3096 1211 3158 bac

53 3262 63 3284 ,
94 3199 221 3261 citanda
243 3200 404 3278 pericope.
429 3197 522 3259 Plato
544 3204 576 3257 et
597 3195 744 3258 Clemens
766 3196 936 3275 inquiunt:
958 3213 1012 3256 uos
1031 3195 1141 3273 praeci
1160 3189 1210 3264 ἀέι

92 3317 213 3378 semper
231 3298 323 3377 pueri
341 3300 426 3362 estis.
453 3297 639 3379 hnenymns
662 3298 737 3359 dicit
757 3314 886 3376 praeces
906 3291 994 3375 νέους
1014 3312 1111 3356 nuens
1134 3312 1212 3375 prte-

92 3422 158 3466 res.
177 3403 324 3466 Clemens
342 3405 370 3464 in
387 3404 467 3464 dues
489 3408 596 3479 partes
618 3401 760 3464 dividens
781 3417 976 3474 sermonem,
995 3401 1025 3460 io
1043 3399 1144 3477 prima
1161 3399 1209 3460 in·

93 3507 180 3584 quit,
200 3503 366 3565 Platonem
382 3519 555 3580 agnoscere
577 3502 778 3580 prophetiam
801 3500 908 3579 quoad
932 3499 1114 3561 animarum
1139 3518 1209 3562 sor·

96 3614 182 3668 tem:
207 3603 238 3664 in
260 3603 362 3664 altera
390 3601 616 3682 aegyptiorum
637 3618 735 3680 snper
761 3617 893 3679 graecos
926 3600 1154 3679 praestantiam
1176 3601 1208 3662 in

95 3722 209 3768 rerum
232 3703 413 3782 cognitione
434 3700 583 3764 ostendit.
602 3698 694 3776 Quae
710 3701 858 3782 imperite
874 3683 1063 3782 Anonymus
1078 3701 1210 3762 commi·

94 3806 182 3869 scuit
202 3810 236 3867 el
256 3806 487 3881 interpretatus
509 3809 568 3864 est.

176 3904 315 3984 Pergens
339 3911 449 3966 autem
473 3903 659 3987 anonymus
681 3903 712 3963 in
734 3900 935 3964 conterendis
957 3898 1117 3962 Valentini
1142 3899 1210 3978 pla·

93 4005 167 4071 citis
188 4023 263 4068 enm
287 4004 489 4087 Pythagorae
512 4012 543 4067 et
566 4003 707 4065 Platonis
730 4002 931 4080 philosophia
955 4019 985 4061 n.
1008 3998 1059 4065 25.
1074 4001 1207 4063 scribit:

93 4125 112 4164 u
135 4105 264 4169 Asserit
285 4114 393 4169 autem
415 4094 616 4184 Pythagoras
638 4105 741 4165 sidera
765 4121 832 4165 esse
847 4101 923 4163 selis
939 4101 1101 4164 fracturas
1117 4110 1148 4165 et
1165 4103 1209 4162 vi·

95 4205 243 4272 rentium
264 4205 385 4270 animas
407 4224 449 4270 ex
469 4206 564 4271 astris
585 4194 716 4269 deterri.
740 4201 806 4267 llas
827 4212 935 4267 antem
967 4202 1120 4266 mortales
1140 4220 1209 4266 esse
