2886 4784
161 466 271 524 tutum
294 458 385 522 dotes
400 477 475 522 oum
490 461 671 540 animarum
690 459 958 538 proprietatibus:
980 457 1031 518 vel
1046 457 1164 519 dixisse
1184 476 1280 538 enge·

159 562 211 624 los
234 578 408 623 couversos
430 561 461 623 in
482 563 604 624 animas
629 562 805 622 hominum.
836 557 976 623 Seorsim
1007 560 1091 619 enim
1122 559 1180 620 has
1211 578 1288 622 oon·

157 662 319 724 siderarit
339 670 509 725 creaturas
530 659 697 740 Origenes.
722 659 961 722 Tantummodo
985 660 1100 721 barum
1129 661 1286 738 expendit

161 763 356 825 relationem
377 774 452 825 cum
474 763 545 824 aliis
567 763 673 840 quoad
696 772 787 823 aetus
811 767 958 838 proprios
981 779 1057 838 ergo
1074 761 1165 834 alias,
1183 765 1213 823 in
1233 781 1284 825 re·

149 864 282 943 ‚gimine
303 882 419 942 nempe
438 870 471 925 et
492 864 618 927 auxilio
640 864 832 941 augelorum
854 863 1047 943 praestando
1075 864 1280 944 bominibus3

158 967 223 1028 sub
244 981 387 1046 quorum
409 964 512 1028 tutela
534 982 554 1027 a
576 962 645 1028 Deo
665 964 831 1028 constituti
848 973 967 1041 erant,
989 963 1083 1024 sicuti
1098 966 1285 1026 successive

159 1067 329 1130 manifeste
351 1067 459 1156 docet.
554 1126 557 1130 ,

243 1167 324 1230 ltem
345 1168 384 1230 ad
406 1165 553 1230 eamdem
589 1167 812 1245 quaestionem
845 1165 1070 1240 reducuntur,
1101 1182 1188 1244 quae
1224 1183 1284 1246 pro

159 1269 317 1332 firmanda
338 1287 397 1332 sua
427 1269 507 1332 thesi
541 1270 627 1332 eirea
661 1268 810 1346 Origenis
840 1284 988 1330 errorem
1023 1266 1063 1330 de
1098 1268 1289 1331 animarum.

159 1372 426 1448 praeexistentia,
451 1371 554 1434 reiert
576 1368 767 1449 Freppelius
790 1387 830 1430 ex
853 1368 951 1432 Libro
971 1369 1028 1432 ΙΙΙ.
1046 1369 1091 1432 De
1112 1369 1210 1432 iibere
1231 1388 1286 1432 ar·

158 1469 258 1533 bitrio
280 1488 309 1534 o.
330 1470 356 1534 1.
380 1488 411 1534 u.
435 1467 488 1556 ὥ.
509 1469 560 1536 ut.
585 1470 639 1534 ubi
660 1469 774 1532 eadem
789 1468 1130 1550 innovantursaepius
1146 1471 1286 1548 repetita

163 1572 205 1634 de
228 1571 336 1636 diviua
357 1573 568 1652 praescientia
591 1579 725 1635 actuum
748 1572 915 1634 rationalis
937 1578 1122 1649 creaturae,
1138 1573 1217 1652 quia
1234 1572 1284 1636 ul-

161 1672 286 1740 limode
305 1673 458 1737 laedatur
480 1681 609 1737 nostrae
633 1673 808 1737 voluntatis
828 1672 986 1735 libertas:
1010 1680 1043 1735 et
1066 1673 1119 1736 ubi
1149 1671 1291 1736 manile,

160 1776 308 1838 atissimis
324 1792 428 1852 supra
449 1783 571 1846 cetera,
588 1775 787 1854 argumentis
806 1775 997 1837 excluditur
1010 1774 1113 1836 altera
1136 1773 1283 1853 quaestio

160 1877 202 1938 de
224 1877 485 1954 praeexistentia.
509 1876 612 1939 Sicuti
634 1878 718 1938 enim
741 1878 772 1937 in
795 1875 961 1954 praelatis,
984 1878 1107 1939 excutit
1127 1874 1286 1955 Origenes

120 1980 122 1984 ’
162 1979 262 2040 verba
285 1977 481 2056 apostolica:
503 1974 599 2039 Jacob
619 1975 721 2039 dilexi
733 1995 750 2048 ,·
774 1975 865 2038 Esco
885 1983 988 2039 autem
1009 1974 1080 2037 odio
1111 1972 1218 2037 dabui.
1244 1973 1284 2037 ln

159 2095 280 2156 magna
300 2085 403 2140 cutem
424 2077 514 2138 domo
535 2095 601 2138 non
622 2077 725 2139 sotum
745 2087 823 2138 sunt
843 2094 921 2139 case
940 2092 1042 2138 aurea
1063 2082 1090 2136 ct
1110 2082 1283 2154 argentea,

160 2179 217 2241 aed
237 2187 266 2240 ct
286 2174 392 2257 lignea
413 2186 441 2241 et
461 2174 596 2259 fictilic3
611 2186 639 2239 et
653 2177 808 2256 quaedam
823 2174 948 2254 quidem
963 2173 999 2236 iu
1013 2174 1175 2246 bonorem,
1190 2192 1285 2254 quae·

156 2282 235 2344 dnm
255 2290 359 2343 autem
379 2279 416 2342 in
436 2277 673 2342 contumetiam.
699 2277 740 2340 Et
762 2278 901 2340 ostendit
929 2276 1001 2339 talis
1030 2275 1193 2340 varietatis
1221 2293 1288 2339 uon

160 2402 232 2447 esse
253 2400 384 2445 oausam
407 2383 505 2461 hujus
528 2382 636 2444 mundi
659 2379 838 2457 Opificem:
863 2400 880 2437 «
905 2377 993 2440 Facit
1016 2380 1097 2439 enirn
1125 2396 1197 2439 vasa
1221 2379 1288 2440 ho·.

160 2483 250 2549 noris
272 2491 305 2546 et
324 2501 396 2544 vasa
419 2483 626 2560 ignominiae,
647 2499 709 2541 nou
731 2482 772 2569 ab
794 2491 884 2542 autea
908 2481 1085 2543 secundom
1101 2475 1280 2579 πρόγνωσιν

159 2591 429 2670 praenotionemr
453 2591 527 2669 quia
551 2606 609 2666 per
632 2590 713 2650 hauc
735 2605 792 2649 nee
809 2589 1091 2666 praecondemnat,
1109 2610 1167 2652 nee
1192 2610 1286 2670 prae·

156 2691 326 2774 justificat.
348 2689 409 2752 Sed
435 2709 509 2752 vasa
532 2691 663 2752 honoris
687 2689 764 2751 lacit
785 2707 859 2760 eos,
893 2675 1012 2766 quise
1043 2694 1258 2773 expurgariot
1270 2713 1282 2772 3

161 2809 239 2856 vasa
262 2809 342 2854 vero
362 2791 566 2869 ignominiae,
589 2790 645 2869 qui
670 2791 823 2852 vitiorum
845 2806 982 2851 suorum
1010 2795 1123 2854 sordes
1155 2793 1280 2856 abster-

162 2912 240 2974 gere
262 2893 486 2972 neglexerim
510 2893 552 2953 ita
576 2898 625 2962 ut,
649 2892 839 2968 priusquam
862 2892 1023 2969 tingantur
1041 2912 1116 2956 vasa
1132 2895 1163 2956 in
1180 2897 1281 2957 bono·

162 3013 232 3057 rem
254 3003 287 3057 et
306 3011 385 3058 vasa
407 2995 438 3055 iu
460 2992 705 3065 contumeliam,
727 2992 927 3069 antiquiores
949 3010 1066 3056 causae
1088 2997 1280 3068 extiterint,

161 3115 224 3160 cur
249 3096 335 3157 alius
365 3095 421 3158 fiat
447 3096 477 3156 in
500 3096 670 3167 honorem,
693 3093 777 3154 alius
801 3095 831 3155 iu
853 3095 1094 3156 contumeliam.
1118 3096 1149 3159 Si
1172 3103 1281 3158 autem

160 3197 262 3260 semel
283 3197 483 3260 admittimus
500 3214 540 3258 ex
558 3194 823 3275 praecedentibus
845 3196 1038 3273 quibusdam
1061 3199 1168 3258 causis
1189 3197 1280 3260 aliud

160 3317 230 3361 esse
249 3316 304 3359 vas
320 3298 464 3369 honoris,
482 3297 572 3358 aliud
591 3314 644 3357 aas
665 3296 895 3369 contumeliae,
918 3297 994 3374 quid
1018 3298 1149 3358 absurdi
1166 3297 1279 3370 luerit,

160 3401 198 3462 ad
223 3400 335 3461 locum
357 3399 397 3459 de
418 3401 523 3459 anima
543 3405 749 3460 recurrentes
771 3396 922 3472 (dicere)
946 3416 987 3459 ex
1010 3397 1280 3477 praecedentibus

159 3505 269 3564 causis
290 3501 446 3562 dilectum
470 3499 569 3560 luisse
590 3496 707 3567 Jacob,
731 3499 920 3576 priusquam
943 3518 1063 3576 corpus
1085 3504 1280 3571 assumeret,

159 3612 192 3665 et
212 3601 291 3664 odio
314 3601 461 3663 habitum
484 3599 582 3662 luisse
605 3598 714 3675 Esau,
738 3608 913 3679 autequam
936 3601 966 3661 in
991 3611 1085 3664 utero
1111 3608 1194 3663 esset
1216 3596 1278 3660 Re·

162 3700 312 3767 baccae?
333 3721 349 3759 n
372 3699 427 3778 (l).

231 3928 266 4002 (*)
281 3927 322 3984 Ut
339 3933 435 3984 eutem
454 3929 546 4002 magia
563 3930 731 3994 innotescat,
752 3927 786 3983 ab
805 3927 927 4001 Origene
945 3926 975 3981 in
994 3927 1154 3998 Scripturae
1168 3926 1277 3982 verbis:

162 4021 242 4082 tacet
259 4020 359 4089 attam
380 4019 454 4079 Esca
472 4032 555 4081 summ
577 4020 634 4079 odio
662 4019 739 4076 bebai
750 4062 758 4088 ,
778 4018 889 4076 excludi
918 4037 1033 4075 aeneum
1058 4019 1094 4074 de
1121 4019 1281 4074 animarum

163 4116 383 4188 praeexistentia
401 4114 490 4187 deque
508 4131 604 4172 earum
622 4114 692 4170 aetia
705 4113 816 4180 elicitis,
830 4119 980 4185 autequam
993 4112 1107 4168 venient
1124 4113 1154 4168 in
1171 4129 1283 4184 eorpus,

166 4209 351 4283 suffragatur,
371 4209 446 4281 quod
465 4207 505 4265 ait
522 4208 551 4265 in
571 4207 663 4264 libello
682 4207 720 4266 De
736 4205 848 4265 oratione
867 4224 894 4262 n.
914 4206 942 4262 5.
965 4229 977 4255 a
999 4204 1076 4273 Quas
1094 4207 1167 4262 enim
1187 4221 1284 4280 preces
