2886 4784
150 449 353 538 Epiphanius
377 457 545 536 (quamvis
577 455 634 520 iste
667 457 814 521 videatur
844 461 952 538 postea
985 455 1196 531 emendatus)
1225 457 1266 520 de

148 557 300 637 Origenis
321 558 489 620 erroribus
510 558 595 639 capti
615 566 689 621 sunt
713 567 781 621 tum
803 575 862 638 per
882 575 938 633 se,
962 574 1035 619 cum
1062 559 1202 621 maxime
1223 576 1264 622 ex

149 654 323 737 Theophili
346 658 496 726 artificio,
520 667 555 720 ut
577 663 728 736 putarent
752 676 812 739 uon
835 658 941 720 solum
964 657 1089 720 delendi
1112 659 1265 722 nullimo-

150 757 192 821 de
215 778 306 837 posse
328 759 500 838 Origenem
522 760 563 820 ah
585 760 752 821 erroribus
774 759 876 821 eidem
900 760 1058 840 inscriptis
1070 779 1082 838 3
1114 760 1168 823 sed
1200 779 1268 822 um·

150 862 238 940 plius
260 863 440 935 crederent,
457 870 487 922 et
507 861 635 940 quidem
657 862 853 936 inconsulto,
876 879 999 934 omncs,
1020 871 1183 939 quotquot
1197 862 1267 925 Au·

149 967 275 1026 ctorem
298 964 519 1026 orthodoxum
544 970 797 1041 propugnarent,
816 962 1015 1042 lelsatosque
1032 971 1175 1025 tenerent
1189 982 1266 1026 suos

151 1057 280 1141 libros,
304 1083 361 1125 nec
383 1064 456 1124 ideo
478 1083 546 1125 esso
568 1065 595 1124 ei
619 1062 845 1124 adscribendos
870 1082 999 1126 errores
1021 1065 1052 1124 in
1073 1064 1266 1143 quibusdum

151 1163 256 1229 lectos
279 1166 468 1228 codicibus:
491 1175 612 1227 temere
635 1167 764 1243 iuquam
788 1164 981 1239 crederent,
1004 1165 1129 1227 haeresi
1155 1164 1265 1226 eadem

151 1287 221 1332 esse
244 1267 391 1340 inlectos,
414 1284 512 1346 quam
535 1267 627 1327 nimis
648 1265 774 1327 creduli
797 1267 826 1326 in
848 1265 988 1343 Origene
1018 1267 1237 1344 supponebant
1250 1286 1262 1345 3

150 1371 229 1450 quin
252 1386 292 1429 ne
312 1368 462 1429 cederent
484 1366 613 1444 quidem
636 1368 768 1427 sinceris
789 1384 904 1427 eorum
935 1366 1202 1429 obtestationibus
1232 1386 1264 1430 e·

152 1471 255 1532 xuctis
277 1469 315 1528 de
338 1468 399 1531 lide
425 1467 633 1542 orthodoxa,
656 1468 696 1528 ab
718 1468 763 1529 eis
782 1467 904 1546 jugiter
926 1485 983 1528 ore
1004 1485 1064 1530 suo
1087 1475 1119 1529 et
1139 1468 1265 1548 scriptis
1376 1495 1380 1502 ·

151 1577 344 1648 propagata.

235 1667 321 1745 Quid
346 1688 446 1749 ergo,
469 1671 518 1732 his
538 1673 696 1735 stantibus
717 1670 988 1744 circumstantiis,
1023 1670 1143 1731 lactum
1176 1677 1224 1732 est
1247 1687 1265 1732 u

149 1768 331 1849 Theophilo
353 1791 426 1834 cum
450 1776 584 1835 senserit
603 1793 637 1835 sc
667 1775 707 1834 eb
731 1774 924 1835 adversariis
956 1780 1169 1850 superatum,
1204 1789 1264 1832 uec

147 1872 272 1950 aliquid
295 1872 353 1934 sibi
376 1891 544 1951 superesse
564 1873 741 1952 suffugium
764 1883 874 1935 contre
908 1873 1082 1934 monachos
1093 1871 1109 1935 'l
1130 1870 1262 1936 Nonum

149 1974 352 2036 machinatus
374 1984 422 2034 est
442 1982 636 2054 stratagema
660 1986 696 2036 ut
718 1975 789 2037 illos
810 1974 1009 2047 adoriretur,
1027 1974 1066 2034 ad
1083 1973 1169 2052 quod
1188 1973 1267 2034 iufe-

146 2073 257 2138 liciter
278 2075 345 2153 ipsc
367 2094 400 2136 se
422 2077 544 2154 recepit
567 2074 794 2159 Hieronymus.
822 2075 917 2150 Quod
949 2093 1024 2138 sane
1051 2074 1260 2137 novissimum

148 2182 180 2237 et
206 2175 415 2254 praeclarum
437 2195 554 2239 causae
573 2176 720 2257 Origonis
742 2185 775 2240 et
796 2178 1030 2240 monachorum
1052 2185 1083 2239 et
1104 2176 1258 2249 aliorum,

147 2294 376 2357 quoscumque
399 2278 476 2340 velis
499 2279 586 2340 illius
609 2264 771 2358 patronos,
794 2279 959 2341 constitnit
983 2278 1184 2357 triumphum
1206 2275 1262 2337 ad·

149 2395 266 2441 versus
291 2389 414 2440 veteres
436 2387 468 2441 et
490 2380 685 2441 recentiores
708 2379 897 2441 eorumdem
921 2378 1155 2441 criminatores.

228 2478 311 2542 (lum
334 2481 443 2559 itaque
469 2479 667 2559 Theophilus
699 2490 731 2542 et
762 2478 981 2562 Hieronymus
1013 2495 1075 2539 non
1106 2475 1263 2538 haherent

145 2598 205 2643 uec
227 2599 271 2642 ex
302 2591 393 2661 parte
425 2583 656 2644 monachorum
689 2583 888 2644 nitriensium
921 2581 1105 2658 explicitam
1138 2578 1261 2642 erroris

146 2681 394 2756 consessionem,
417 2703 475 2746 nec
499 2684 601 2745 multo
625 2685 727 2745 minus
749 2703 788 2745 cx
813 2694 903 2761 parte
926 2681 1052 2763 Didymi
1064 2725 1077 2756 ,
1100 2680 1260 2756 Palladii,

148 2779 303 2861 Evagrii,
325 2781 507 2857 Melaniae,
530 2783 672 2856 Ruffiui,
696 2783 940 2866 Chrysostomi,
964 2782 1097 2846 loannis
1119 2781 1262 2845 hieroso-

147 2880 313 2964 lymitani,
334 2893 366 2945 et
386 2885 527 2946 aliorum
550 2886 713 2946 monachis
743 2893 774 2947 et
802 2885 933 2964 Origeni
966 2884 1263 2964 patrocinantium,

149 3000 218 3063 quo
241 2984 407 3046 manifeste
428 2994 625 3064 argueretur
647 2987 802 3058 haeresis,
826 2994 1018 3066 perventum
1040 2993 1089 3047 est
1109 2983 1147 3045 ed
1166 2985 1267 3067 hypo·

149 3085 267 3146 crisiae
297 3087 506 3148 crimen:.et
534 3103 593 3163 per
624 3087 685 3150 hoc
718 3087 940 3149 tantummodo
971 3086 1094 3149 lactum
1127 3091 1202 3159 est,
1231 3094 1267 3148 ut

150 3185 306 3247 haeretici
339 3192 572 3265 reputarentur
599 3188 802 3264 origenistae.
830 3170 929 3262 Quasi
959 3188 1009 3249 isti
1039 3205 1095 3248 ore
1123 3192 1156 3248 et
1184 3187 1265 3250 scri·

149 3288 211 3364 ptis
232 3289 441 3366 apostolicam
466 3288 698 3367 prnhtereutur
720 3289 921 3366 doctrinam3
950 3290 1036 3352 intus
1064 3307 1140 3350 vero
1173 3307 1265 3368 prae·

149 3393 280 3465 sumpta
303 3387 451 3466 Origeuis
473 3391 567 3467 impia
591 3390 738 3468 dogmata
762 3390 916 3452 celarent.
934 3390 1050 3455 Scribit
1066 3387 1265 3471 Theophilus

149 3490 236 3568 apud
252 3509 277 3550 s.
294 3487 527 3570 Hieronymum
544 3493 574 3551 in
592 3493 725 3566 epistola
742 3489 800 3556 89:
821 3514 837 3550 c
853 3490 979 3555 Utinam
1002 3493 1086 3572 apud
1105 3512 1160 3555 ros
1182 3511 1265 3572 qno·

149 3607 215 3667 quc
238 3591 291 3667 (in
317 3589 494 3653 Palaestina
519 3593 662 3664 scilicet)
686 3592 883 3672 deponerent
905 3596 1113 3677 hypocrisim,
1136 3596 1192 3673 qui
1213 3613 1268 3658 oc-

150 3692 240 3752 culte
263 3693 419 3754 dicuntur
439 3693 600 3755 subruere
624 3698 843 3756 veritatem.»
869 3695 954 3757 ldem
989 3695 1208 3781 Hieronymus
1232 3699 1262 3758 in

148 3792 285 3871 epistola
318 3793 356 3852 ad
383 3791 624 3856 Pammachium
656 3806 687 3856 ct
709 3794 900 3858 Marcellam
922 3799 1054 3873 scribit,
1079 3798 1203 3861 Romae
1236 3801 1266 3860 in

149 3889 254 3952 loreis
274 3891 405 3954 latitare
428 3893 607 3957 haereticos
630 3897 828 3973 origenistas.
846 3897 880 3958 ln
904 3897 1001 3961 Libro
1030 3898 1084 3960 ΙΙΙ.
1108 3900 1264 3963 adsersus

151 3989 332 4064 Bullinum,
358 3993 396 4054 de
411 3997 585 4055 monachis
613 3998 819 4058 nitriensihus
846 4000 911 4061 ait:
931 4021 947 4056 n
972 3999 1059 4062 luter
1079 4011 1264 4064 sanctorum

151 4093 270 4154 choros
292 4093 417 4170 aspides
440 4097 675 4176 lorigeuistas)
698 4098 800 4161 latere
830 4103 989 4179 perspexi.
1017 4121 1033 4158 »
1061 4101 1100 4163 Et
1132 4103 1203 4164 hinc
1229 4103 1268 4162 uh

146 4199 297 4270 utroque
319 4193 415 4256 iidem
438 4198 537 4258 sancti
560 4198 708 4259 monachi
740 4208 897 4265 notantur
920 4220 978 4265 ceu
999 4202 1132 4283 perfidi,
1158 4203 1266 4284 perju-
