2886 4784
605 439 744 507 CAPUT
769 443 826 506 ΙΙΙ.

334 599 364 664 S.
391 597 563 679 Greperins
584 600 802 664 nazianzenus
823 613 851 666 et
871 622 896 665 s.
923 599 1081 666 Basilius.

162 780 408 900 Nazianzenus
440 838 471 900 in
492 837 648 901 Oratione
664 836 765 901 XXX.
791 840 949 918 peculiari
970 841 1078 905 studio
1100 843 1256 906 enuclear·

161 944 233 1002 dam
255 941 353 1001 sumit
384 941 604 1018 quaestionem
619 941 872 1017 pharisaeorum
898 962 973 1006 cum
994 944 1073 1007 Jesu
1096 964 1137 1006 ex
1158 945 1258 1006 eodem

160 1061 187 1101 c.
208 1037 297 1101 ΧΙΧ.
321 1038 502 1113 Matthaei,
525 1047 557 1102 et
577 1044 643 1103 ait:
666 1058 681 1096 s
707 1040 792 1116 Quid
816 1038 938 1121 postea,
959 1053 992 1106 et
1012 1053 1208 1107 accesserunt
1224 1044 1260 1106 cd

160 1159 230 1201 enm
254 1139 420 1204 Pharisaei
439 1149 592 1204 tentantes
614 1159 683 1203 enm
704 1153 731 1203 et
753 1141 913 1206 dieentes:
936 1141 1058 1207 silicet
1078 1145 1200 1209 domini
1222 1143 1261 1206 di·

160 1240 280 1305 mittere
301 1261 433 1305 exorem
453 1260 544 1305 snum
564 1233 764 1322 quacumqu&
782 1265 822 1306 ex
843 1264 958 1309 censa.
985 1246 1104 1308 Adhuc
1136 1247 1174 1308 de
1203 1264 1260 1307 ma·

163 1345 314 1406 trimonio
334 1343 493 1423 quispiam
515 1361 614 1418 eum,
636 1346 692 1423 qui
716 1350 830 1408 tentari
854 1365 916 1408 non
939 1355 1064 1424 potest,
1081 1348 1139 1426 qui
1160 1347 1260 1408 matri·

160 1446 304 1508 monium
326 1448 471 1519 creavit,
493 1446 549 1524 qui
571 1464 613 1507 ex
635 1447 735 1526 prima
759 1465 854 1511 causa
880 1449 1068 1510 uuiversum
1092 1448 1154 1509 troc
1169 1447 1260 1508 homi·

159 1564 237 1611 aum
258 1564 357 1625 genus
377 1545 531 1620 condidit,
554 1557 797 1625 percunctatur.
823 1546 891 1627 ipse
913 1559 1021 1611 autem
1051 1547 1259 1626 respondeus,

158 1646 241 1709 dixit
260 1647 329 1711 eis:
351 1664 416 1708 non
437 1645 577 1725 lepistie,
599 1647 678 1726 qnia
697 1647 725 1709 is
745 1645 801 1727 qni
820 1646 893 1728 feeit
916 1647 1070 1710 nerninem
1091 1647 1131 1709 ab
1151 1643 1259 1721 initio,

158 1749 335 1811 masculum
355 1757 383 1810 et
402 1748 574 1828 ferentinum
593 1748 667 1827 fecit
686 1745 769 1812 eos?
791 1795 799 1812 .
824 1793 832 1810 .
856 1795 865 1812 .
890 1795 896 1810 .

237 1871 254 1910 u
278 1848 368 1913 Enim
392 1868 470 1912 vero
493 1848 558 1912 Lex
580 1868 689 1912 omues
711 1851 753 1910 ob
775 1867 887 1911 causas
902 1849 1258 1930 libellumdatrepudii.

160 1953 201 2014 m
224 1948 371 2013 Christus
391 1967 455 2011 nou
469 1949 634 2011 chamnes
649 1968 773 2023 causas,
796 1941 880 2019 etti
900 1947 1066 2046 συγχωρὲι
1092 1941 1152 2040 μὲν
1174 1949 1263 2042 μόνω

157 2048 359 2150 χωρίζεσθαι
384 2059 444 2128 τῆς
466 2046 585 2150 πόρνης
606 2053 660 2114 sed
684 2055 840 2131 permittit
863 2064 986 2116 tautum
1007 2057 1156 2134 separari
1171 2075 1189 2118 a
1204 2057 1261 2119 ier·

159 2158 291 2218 uicaria.
314 2154 427 2218 Cetera
449 2163 557 2217 autern
580 2155 684 2216 omnia
712 2154 806 2234 jubet
836 2155 1073 2232 aequanimiter
1106 2155 1260 2231 tolerara;

160 2255 366 2318 fornicariam
391 2273 467 2316 vero
490 2272 716 2332 nequaquam,
739 2255 813 2332 quia
849 2255 1030 2331 corrumpit
1062 2273 1174 2332 geraus.
1197 2254 1260 2316 atta

159 2356 290 2435 quidem
314 2357 456 2418 ieramus
479 2358 637 2432 patienter
658 2364 690 2415 et
710 2355 882 2432 sapienter.
901 2353 1128 2440 Magis-autem
1148 2355 1262 2433 sapien·

159 2467 211 2520 ter
231 2466 264 2518 et
285 2457 450 2518 moderate
472 2456 567 2528 ferte,
590 2457 788 2534 quicumque
817 2455 1012 2516 matrimonii
1032 2455 1151 2534 jugum
1171 2455 1260 2519 subii·

157 2559 226 2620 stis.
248 2555 279 2620 Si
302 2557 400 2619 illitos
422 2554 553 2617 iuco‘et
573 2573 686 2618 cerusa
710 2557 836 2617 colores
858 2566 889 2617 et
911 2557 1071 2633 pigmenta
1101 2572 1262 2633 perspexe-

161 2659 218 2730 ris,
241 2674 311 2718 eam
335 2657 394 2718 hoc
415 2665 530 2718 ornatu
550 2656 675 2735 spolia:
698 2657 723 2718 si
747 2675 915 2734 procacem
937 2665 969 2716 et
991 2654 1191 2734 petulantem
1213 2656 1263 2717 iiu-

159 2775 269 2837 guam,
287 2774 419 2820 coerce:
442 2758 468 2817 si
491 2757 709 2818 meretricium
732 2757 845 2829 risum,
864 2759 985 2819 tristem
1007 2755 1098 2817 effice
1112 2777 1120 2818 e
1136 2759 1162 2819 si
1186 2775 1262 2819 sum·

162 2868 254 2939 ptum
275 2867 333 2921 aut
365 2866 478 2939 potum
509 2858 738 2930 immodicum,
769 2858 945 2919 contrahe:
978 2857 1004 2918 si
1037 2860 1266 2936 intempestivos

163 2978 369 3040 progressus,
384 2962 583 3038 constringe:
601 2962 626 3019 si
649 2958 782 3020 oculum
805 2958 926 3018 elatum
949 2965 1047 3035 atque
1071 2975 1265 3034 suspensum,

163 3062 314 3141 reprime.
338 3059 383 3123 m
403 3078 474 3123 eam
497 3079 536 3121 ue
560 3069 680 3121 temere
702 3077 719 3120 a
743 3067 773 3119 te
795 3058 930 3119 divellas
960 3066 993 3119 et
1024 3057 1204 3121 abstrahas.
1227 3046 1268 3119 luss

161 3173 287 3226 certum
313 3168 479 3238 est‚'utra
503 3179 574 3241 pars
607 3163 638 3223 in
670 3159 853 3221 discrimine
877 3167 1046 3220 versetur:
1069 3177 1108 3219 ea
1133 3175 1267 3238 nequae

160 3272 262 3337 secat,
285 3282 325 3325 an
346 3281 489 3343 eaquae
511 3272 650 3326 secatur.
673 3260 759 3323 Fons
782 3278 894 3340 aquae,
917 3259 962 3319 ait
982 3257 1051 3332 itte,
1067 3259 1111 3320 sit
1132 3257 1191 3323 eidi
1202 3277 1268 3340 pre

161 3362 278 3445 prins:
301 3383 357 3427 nec
379 3365 467 3426 uites
489 3373 665 3437 extranens
688 3372 789 3424 tecum
809 3358 851 3422 sit
873 3356 1044 3439 particeps.
1067 3358 1188 3423 Pelius
1205 3378 1269 3440 pre·

162 3463 282 3529 tiernrn
304 3475 446 3540 tucrum,
462 3476 489 3526 et
510 3483 620 3526 ceruus
641 3460 802 3526 amicitiae
823 3471 893 3522 tuae
914 3461 1174 3522 consuetudinem
1194 3459 1268 3523 uitae

163 3574 264 3628 tecnne
284 3566 403 3628 debeat.
423 3565 584 3640 Quocirca
608 3565 662 3626 tihi
685 3563 863 3626 cavendum
886 3568 946 3632 est,
964 3577 1001 3620 ue
1017 3558 1138 3623 durius
1152 3562 1267 3623 alienos

162 3667 330 3733 efficiaris:
353 3674 451 3745 atque
481 3667 553 3727 aliis
585 3666 692 3744 potius
725 3665 853 3740 plaeere
883 3659 1033 3732 studeas,
1057 3679 1156 3739 quam
1182 3662 1267 3724 uxori

164 3780 248 3832 tuae.
272 3766 367 3842 Quod
390 3769 414 3827 si
438 3768 502 3827 atio
525 3766 632 3826 fertur
653 3765 896 3842 cupidissume,
920 3753 976 3826 καὶ
998 3767 1041 3853 τῷ
1063 3768 1110 3854 σῷ
1126 3758 1268 3852 ressatia-

161 3864 304 3958 μσθετεῖς
327 3857 387 3943 τήν
411 3858 766 3955 immanissimorum
786 3857 936 3954 dinaei,
959 3868 1054 3927 etiam
1090 3868 1173 3943 parti
1205 3877 1268 3929 tuae

166 3972 357 4049 praescribis
380 3969 634 4049 impudicitiam:
659 3971 702 4032 ita
725 3968 855 4046 quidem
877 3966 1038 4029 Salvator.
1061 3963 1149 4040 Quid
1179 3964 1268 4042 igitur

166 4073 323 4153 pharisaei
346 4056 517 4149 (discipuli
530 4071 562 4146 )=
586 4067 616 4132 si
636 4066 683 4133 itu
703 4078 746 4131 est
766 4087 865 4133 ceusu
885 4065 1025 4130 demittis
1057 4085 1129 4130 eum
1157 4077 1268 4131 neore,

165 4190 228 4231 neon
249 4168 373 4249 eupedit
394 4169 505 4232 andere
527 4179 588 4234 etc.
612 4190 628 4227 a
1102 4169 1106 4176 '
