2886 4784
1111 334 1174 408 1⁰⁹

53 460 121 510 ttnu
140 443 299 508 Creatore
320 460 418 523 supra
441 450 566 507 ceteras
585 450 754 505 creaturas
770 441 957 520 praeterens
978 441 1170 515 doctrinam,

55 559 91 609 nt
112 546 260 627 ejusdem
284 563 419 631 quoque
444 542 564 625 Moysis
586 546 795 624 assumpserit
816 561 942 604 nomeu.

141 645 338 716 Praeterea,
374 643 532 725 Anonymi
563 643 655 705 dictis
683 642 799 705 sedulo
830 643 977 720 expensis
1005 641 1035 702 iu
1064 641 1173 703 delini·

56 747 144 807 tione
165 744 332 807 doctrinae
364 742 543 814 Heracliti,
566 745 768 823 comperitur
789 743 882 805 illum
905 741 1063 822 quaedam
1085 741 1173 821 adje-

55 847 137 909 cisse
152 846 193 908 ab
208 865 248 907 eu
271 844 469 924 Philosopbo
490 846 620 918 omissa,
644 862 702 907 uec
725 843 883 907 ullimode
904 843 1118 916 considerata,
1135 861 1173 904 ac

57 947 167 1009 solum
190 945 316 1008 lsaeresi
339 948 507 1009 noetianac
528 947 671 1025 propris.
690 944 738 1007 Ac
755 945 892 1007 uicissim
910 943 993 1004 idenr
1008 943 1174 1019 disputans

56 1046 96 1110 de
112 1044 233 1119 Noetu,
254 1047 329 1108 huic
344 1045 497 1108 adscribit
520 1063 643 1117 sensns,
665 1063 748 1123 quos
769 1045 929 1123 ignorarit
950 1051 982 1104 et
1005 1043 1174 1115 refutauit,

57 1147 98 1208 ab
122 1143 291 1208 Heraclito
322 1163 400 1206 sero
432 1145 597 1207 admissos.
623 1142 683 1206 lla.
708 1162 737 1224 g.
762 1162 793 1206 n.
815 1140 847 1208 9.
868 1143 1001 1206 scribite
1024 1164 1042 1201 a
1063 1141 1177 1223 asserit

57 1243 164 1326 ipitur
184 1243 367 1308 Heraclitus
388 1261 488 1306 uuum
502 1261 564 1306 esse
579 1241 701 1315 omnia,
715 1241 892 1306 divisibilia
906 1253 935 1305 ct
948 1240 1177 1317 indivisibilia,

58 1354 167 1407 creata
187 1353 216 1407 st
234 1343 392 1415 increata,
414 1342 566 1407 mortalia
587 1353 616 1404 ct
636 1341 846 1416 immortalia,
868 1343 1024 1407 rationem
1045 1343 1179 1406 actcrui·

56 1455 171 1518 tatem,
193 1443 321 1508 Patrem
343 1441 479 1515 Filium,
502 1441 598 1505 Deum
613 1440 788 1523 justitiam.
814 1441 903 1507 Haec
924 1454 1033 1507 autem
1055 1461 1118 1505 noo
1134 1444 1177 1505 ita

59 1555 255 1609 notantura
281 1543 414 1608 Platone
435 1562 494 1607 nac
515 1545 556 1606 ab
578 1543 768 1615 Aristotele,
791 1561 887 1622 penes
911 1562 994 1623 qnos
1018 1541 1175 1606 Heracliti

59 1646 208 1709 doctrina
229 1653 405 1723 serratur3
428 1662 466 1706 ac
489 1644 683 1724 praesertim
706 1645 760 1707 ubi
784 1645 829 1705 ait
861 1644 1050 1724 anonymus
1078 1661 1178 1706 uuum

58 1765 120 1810 asse
141 1745 299 1808 rationem
320 1746 546 1819 aeternitatem,
574 1741 700 1808 Patrem
722 1742 866 1818 Filium,
892 1742 989 1808 Deum
1005 1743 1177 1824 justitiam.

59 1847 141 1911 ltcm
164 1847 264 1928 paulo
286 1857 358 1925 post
380 1865 409 1906 o.
432 1843 481 1910 td.
497 1846 627 1909 subdit:
645 1843 756 1909 Nouae
770 1846 883 1908 eisdem
897 1844 997 1908 uerbis
1014 1855 1108 1908 autea
1125 1843 1179 1907 Tc·

59 1949 209 2012 uabrmm
231 1947 287 2010 ills
310 1941 580 2025 Pbilvscpbavit?
602 1945 755 2010 liumdsm
774 1966 837 2010 asse
858 1945 980 2010 Filium
1001 1958 1030 2008 et
1051 1945 1180 2010 Patrem

58 2048 160 2114 utum
179 2067 372 2111 asseverasse
393 2065 481 2109 acmo
503 2045 614 2109 nescit.

142 2149 224 2214 ltern
245 2151 416 2213 ostendeus
438 2149 605 2228 quomodo
630 2147 756 2212 Noetus
784 2149 902 2228 placita
929 2148 1092 2210 admiserit
1116 2147 1180 2209 He·

62 2249 169 2314 racliti
190 2251 322 2314 subdit:
348 2269 364 2310 u
388 2248 507 2311 Dicunt
527 2246 617 2312 Nosti
647 2259 813 2312 sectatores
844 2265 944 2310 uuum
975 2258 1003 2309 ct
1037 2249 1178 2310 eumdem

64 2349 164 2414 licum
184 2368 247 2412 ssss
266 2367 372 2413 vuum
393 2348 535 2411 omnium
555 2349 754 2429 demiurpum
775 2357 802 2410 st
820 2358 952 2428 patrem.
976 2344 1057 2411 Hinc
1080 2348 1179 2427 paulo

63 2459 135 2531 pust
157 2449 301 2517 Nestum
322 2451 490 2514 docentem
512 2451 654 2527 inducit:
684 2460 824 2514 meatum
852 2451 1006 2513 muudum
1037 2449 1180 2528 suipsius

62 2549 263 2631 damiurpum
283 2560 312 2614 ct
332 2561 498 2614 creatorem
518 2549 640 2630 fuisse:
660 2551 749 2630 quod
763 2568 940 2631 numquam
956 2552 1082 2630 putauit
1098 2548 1181 2612 Noe·

66 2659 141 2716 tos:
165 2651 221 2715 aed
243 2651 355 2715 docuit
375 2649 576 2716 Heraclitus.
601 2649 726 2730 Heapse
750 2648 843 2714 Philo
865 2649 909 2712 Da
930 2648 1090 2730 allecoriis
1104 2651 1183 2712 scri·

65 2750 134 2815 bit:
151 2771 168 2810 a
183 2750 263 2815 nibil
287 2750 409 2815 lactum
424 2768 441 2813 a
459 2751 526 2816 Deo
541 2751 703 2815 existimat
718 2749 915 2816 Heraclitus.
933 2771 950 2810 v
968 2750 1061 2825 item,
1080 2752 1181 2813 homi·

67 2869 120 2916 nes
136 2851 214 2915 deos
235 2851 312 2915 dicit
334 2849 547 2929 Heraclitus;
566 2859 600 2915 st
619 2852 697 2915 deos
721 2851 879 2926 domines,
901 2852 1057 2917 mortales
1076 2861 1107 2914 et
1125 2852 1182 2913 im·

68 2951 237 3015 mortales.
261 2951 303 3016 Et
323 2954 405 3017 hanc
421 2952 566 3016 eamdem
593 2953 790 3016 locutionem
813 2952 978 3016 interserit
994 2951 1182 3036 anonymus

69 3051 197 3114 haeresi
212 3048 323 3125 Nosti,
340 3053 433 3132 quasi
456 3052 617 3115 docuisset
636 3048 739 3115 Deum
763 3052 935 3114 mortalem
949 3053 1043 3114 sicuti
1058 3062 1183 3115 ceteras

68 3158 249 3230 creaturas,
272 3153 428 3218 Similiter
448 3170 490 3217 ex
512 3151 681 3216 Heraclito
702 3151 750 3215 dii
768 3151 931 3226 bcasiucs,
953 3150 1092 3214 bamiues
1111 3151 1160 3213 dii
1172 3172 1183 3212 .-

69 3270 175 3332 aqua
199 3251 398 3331 blasphemia
422 3270 556 3331 prorsus
579 3253 752 3316 abhorruit
773 3251 919 3328 Nactus,
951 3271 1008 3314 nec
1040 3270 1183 3331 unquam

71 3351 176 3416 ileum
193 3351 322 3415 Patrem
339 3361 523 3416 creaturam
546 3372 614 3415 esse
636 3352 829 3415 affirmavit:
852 3371 910 3416 nec
930 3353 1011 3415 alios
1033 3352 1061 3414 ei
1082 3356 1185 3414 socia·

72 3455 117 3515 rit
135 3451 220 3515 Deos
232 3472 244 3532 3
266 3451 320 3514 sed
339 3454 483 3516 homines
504 3455 548 3514 ait
569 3462 693 3515 creatos
714 3472 732 3515 a
757 3450 823 3514 Deo
845 3455 876 3515 in
899 3462 1044 3534 tempore
1065 3460 1096 3514 et
1117 3471 1185 3514 esse

69 3554 238 3615 mortales.
257 3550 347 3616 Unde
359 3553 568 3616 concluditur
584 3551 789 3635 Anonymum
805 3551 923 3629 Noeta,
941 3572 1025 3633 quae
1039 3552 1185 3616 Heracli·

70 3666 106 3717 to
129 3655 353 3716 tantummodo
375 3658 506 3732 propria
537 3664 634 3727 suut,
656 3664 688 3716 et
714 3656 848 3716 vicissim
881 3654 1069 3728 Heraclito,
1100 3673 1184 3732 quae
1270 3707 1273 3714 .

67 3753 198 3820 Noetus
218 3753 308 3817 solus
329 3754 466 3830 docuit,
497 3754 729 3834 adscripsisse,
764 3755 884 3816 falsatis
914 3758 1085 3834 utriusque
1116 3757 1184 3833 opi·

71 3855 235 3919 niouibus.

153 3953 237 4018 Cum
259 3971 337 4034 crgo
359 3955 401 4016 ita
422 3974 456 4019 se
480 3954 594 4018 habeat
621 3956 770 4019 dolosum
796 3956 955 4038 Anonymi
984 3955 1125 4018 studium
1155 3961 1186 4021 iu

66 4052 234 4120 Heracliti
251 4060 282 4116 et
298 4051 390 4117 Nosti
407 4057 602 4136 exponendis
617 4057 772 4130 sensibus,
786 4057 861 4136 quid
880 4056 1057 4134 putandum
1073 4058 1134 4118 erit
1147 4059 1187 4121 de

63 4158 176 4236 ipsius
198 4170 278 4217 cura
301 4158 331 4217 in
353 4155 547 4219 conterenda
572 4158 694 4218 haeresi
717 4160 864 4221 noetiana
880 4153 1052 4238 zephyrini
1066 4166 1096 4219 et
1112 4157 1187 4221 Cal-
