2886 4784
177 375 197 442 8

175 477 339 537 decantem
362 471 392 534 iu
415 472 476 534 boc
497 473 621 548 seculo,
646 475 687 534 ita
712 480 816 534 tamen
838 476 984 537 omnium
1000 477 1189 555 prospicere
1204 479 1297 543 salu·

176 580 211 653 ti,
234 596 273 639 ne
294 575 413 655 cuique
434 575 474 636 sit
495 574 526 635 in
548 576 660 637 seculo
692 574 806 638 futuro
839 577 974 655 querela
1004 576 1163 642 adversus
1199 599 1295 645 suam

175 676 410 758 providentiam
434 684 465 737 et
485 674 656 755 justitiam.

258 777 411 840 Eamdem
434 794 533 855 porro
555 776 737 839 illusionem
761 795 871 855 passus
892 785 1002 840 estc.
1024 775 1149 843 Censor
1178 781 1222 843 ad
1249 784 1297 845 al.

176 888 283 942 terum
303 879 460 941 lectorem
474 896 654 955 provocans
671 879 886 940 testimonium
901 897 942 940 er
958 876 1056 941 Libro
1073 878 1131 944 tlt.
1157 881 1296 947 Perier-

174 979 254 1040 cbon
276 997 303 1041 c.
328 976 364 1038 V.
390 996 420 1039 n.
444 974 475 1041 5.
496 976 526 1042 6.
550 977 604 1039 ubi
627 995 663 1038 ea
687 977 809 1056 pariter
827 979 1023 1043 innovantur
1043 982 1074 1042 in
1096 984 1299 1060 praeceden-

176 1079 260 1141 tibus
282 1077 373 1139 libris
395 1078 536 1139 discussa
559 1077 598 1138 de
621 1074 677 1138 Dei
700 1077 908 1154 praescientia
931 1080 1016 1141 circa
1041 1082 1168 1146 varium
1192 1087 1296 1147 ratio·

174 1180 309 1254 nalium,
333 1179 414 1240 idest
435 1178 625 1257 augelorum
649 1187 680 1242 et
701 1179 867 1241 hominum
890 1182 921 1242 in
944 1180 1007 1244 boo
1027 1182 1147 1244 mundo
1167 1191 1294 1247 statum

105 1302 108 1306 ·
173 1288 205 1343 et
226 1280 384 1352 ordinem,
400 1286 432 1341 et
445 1281 531 1341 circa
554 1289 701 1342 mutuam
716 1280 905 1341 eorumdem
931 1279 1144 1344 relationem:
1163 1302 1183 1343 s
1199 1281 1294 1348 Hanc

173 1400 263 1460 ergo,
290 1382 406 1459 inquit,
430 1381 669 1459 dispositionem
694 1378 763 1454 Dei,
787 1399 884 1460 qnam
906 1388 1014 1459 postea
1038 1383 1217 1459 ordinavit,
1234 1388 1297 1451 sci·

171 1483 247 1546 licet
270 1491 306 1546 ut
327 1498 543 1562 unaquaeque
565 1490 716 1543 ereatura
740 1483 903 1544 rationalis
926 1483 1049 1561 (angeli
1069 1492 1102 1546 ot
1121 1484 1294 1562 bominesl

171 1588 203 1648 in
225 1602 258 1646 se
280 1584 395 1646 babeat
416 1600 548 1659 causas,
572 1584 659 1662 quod
682 1584 712 1644 in
734 1583 791 1646 illo
825 1585 910 1646 vitae
941 1583 1055 1645 ordine
1083 1588 1191 1663 posita
1221 1589 1291 1666 sit,

169 1685 236 1766 jam
261 1693 337 1747 tunc
357 1685 397 1745 ab
419 1686 542 1763 origine
565 1684 687 1758 mundi,
711 1685 890 1748 rationibus
913 1686 1083 1764 causisque
1113 1690 1297 1768 perspectis

172 1803 301 1860 eorum,
323 1785 379 1864 qui
404 1786 454 1847 vel
477 1803 536 1864 pro
559 1785 687 1847 delectu
715 1787 827 1847 mentis
853 1787 962 1848 venire
989 1787 1020 1847 in
1049 1804 1193 1866 corpora
1226 1809 1295 1856 mc·

173 1888 341 1963 rebantur,
365 1887 417 1949 vel
438 1903 566 1962 eorum,
590 1887 644 1966 qui
670 1886 843 1948 visibilium
865 1885 1041 1964 cupiditate
1056 1888 1293 1968 raptabantur,

169 1991 224 2053 sed
246 2001 279 2052 et
298 1989 444 2061 illorum,
467 1989 524 2067 qui
548 1986 598 2049 vel
623 1988 778 2061 volentes,
803 1987 854 2048 vel
875 1988 965 2050 inviti
989 1995 1157 2067 praestare
1180 1990 1292 2057 officia

170 2089 329 2170 quaedam
351 2091 412 2163 bis,
436 2090 492 2168 qui
515 2090 545 2149 in
568 2089 653 2149 bunc
675 2096 795 2150 statum
817 2088 1024 2164 deciderant,
1047 2092 1295 2173 compelleban-

171 2199 226 2255 tur
246 2184 287 2253 ab
307 2209 359 2266 eo,
381 2192 437 2270 qui
460 2189 490 2250 in
511 2207 567 2268 spe
588 2188 790 2270 subjiciebat,
814 2206 876 2252 non
897 2190 1113 2268 intelligentes
1133 2195 1293 2273 quidam,

169 2314 227 2359 nec
247 2294 465 2369 advertentes,
487 2291 574 2372 quod
597 2311 639 2355 ex
660 2291 926 2373 praecedentibus
947 2293 1041 2355 liberi
1063 2294 1196 2358 arbitrii
1213 2315 1292 2362 cau·

168 2397 211 2460 sis
233 2396 376 2458 instituta
400 2394 513 2457 luisset
535 2412 551 2454 a
576 2391 643 2455 Deo
664 2393 878 2471 dispositionis
901 2393 960 2455 ista
978 2396 1130 2469 varietas,
1148 2397 1292 2460 arbitra·

170 2498 194 2560 ti
210 2493 291 2559 ¹sunt
313 2497 365 2557 vel
386 2495 530 2558 fortuitis
552 2495 692 2558 motibus
717 2496 766 2558 vel
784 2495 872 2557 iateli
889 2496 1076 2558 necessitate
1095 2498 1148 2576 agi
1163 2501 1286 2575 omnia,

168 2615 253 2678 quac
275 2599 306 2658 io
329 2597 390 2659 boc
412 2594 532 2658 mundo
554 2595 656 2671 liunt,
679 2615 737 2659 nec
759 2616 827 2659 esse
849 2596 970 2676 aliquid
996 2598 1025 2657 in
1055 2607 1171 2662 nostro
1203 2601 1288 2662 arbi·

168 2700 252 2761 trio:
277 2697 361 2760 unde
383 2716 441 2760 nec
464 2695 520 2759 Dei
544 2698 779 2776 providentiam
801 2698 1031 2776 inculpabilem
1048 2701 1217 2778 assignare
1230 2719 1285 2781 po·

168 2806 312 2861 luerunt.
327 2798 426 2863 .Sicut
447 2810 556 2861 autem
580 2799 732 2874 diximus,
756 2802 831 2878 quia
856 2802 965 2863 mullis
989 2799 1041 2861 vel
1057 2801 1215 2864 ministris
1233 2803 1279 2866 vel

165 2899 348 2962 rectoribus
372 2899 422 2959 vel
444 2898 693 2960 auxiliatoribus
718 2908 878 2978 eguerunt
899 2901 1024 2962 animae
1044 2918 1175 2976 omnes,
1199 2921 1277 2981 quae

166 3003 197 3063 in
213 3003 281 3064 ‘boc
303 3002 424 3063 mundo
448 3008 593 3062 versatae
615 3008 712 3089 suunt3
736 3002 778 3061 ita
802 3009 862 3062 etc.
880 3021 896 3058 r
921 3001 1043 3080 lgitur,
1059 3021 1134 3065 cum
1157 3011 1273 3066 constet

165 3103 365 3181 apertissime
387 3104 420 3165 in
441 3102 502 3164 boc
523 3103 599 3164 loco
621 3102 670 3180 agi
693 3103 732 3162 de
753 3104 942 3179 angelorum
965 3121 1044 3164 cura
1067 3121 1143 3182 erga
1179 3104 1268 3167 homi·

165 3223 220 3266 nos
241 3222 283 3266 ex
305 3205 410 3265 divina
434 3203 654 3282 dispositione,
678 3205 702 3262 si
724 3221 762 3263 ee
782 3202 831 3262 bis
848 3186 1104 3282 praecedentibus
1124 3204 1268 3267 liberior·

163 3302 237 3369 birri
258 3302 363 3367 causis
385 3305 548 3367 inferenda
570 3308 611 3367 sit
632 3307 812 3370 animarum
837 3308 1109 3384 praeexistentia,
1134 3321 1207 3372 tnnc
1224 3326 1262 3368 se·

161 3415 333 3488 queretur,
353 3408 489 3469 virtutes
513 3409 667 3470 coelestes
689 3411 768 3471 idest
793 3409 1164 3487 angelosprarextitisse
1181 3413 1260 3469 virtu·

162 3511 247 3572 tibus
270 3510 463 3572 coelestibus
489 3512 568 3571 idest
590 3512 733 3590 angelis3
756 3520 786 3571 et
809 3514 929 3573 animas
948 3511 997 3572 vel
1021 3510 1164 3572 homines
1186 3526 1257 3588 prae·

161 3611 305 3672 extitisse
327 3611 496 3673 animabus
521 3612 571 3683 vel
594 3612 798 3690 bominibus3
821 3631 877 3672 seu
902 3612 1007 3690 potius
1029 3612 1085 3672 bas
1109 3623 1252 3674 creaturas

159 3730 238 3775 suae
260 3713 489 3790 praeextitisse
511 3715 680 3776 creationi.

237 3809 320 3874 Cum
354 3822 464 3874 autem
498 3815 650 3893 opinetur
684 3813 840 3892 Origenes
875 3815 1010 3876 virtutes
1047 3815 1196 3877 coelestes
1223 3807 1251 3865 de

157 3912 278 3974 mundo
304 3914 466 3992 superiori
488 3915 519 3976 in
541 3916 628 3977 bunc
650 3915 805 3978 mondum
828 3915 1027 3979 descendisse
1044 3923 1118 3979 ante
1133 3913 1251 3976 Salvato-

158 4015 203 4074 ris
226 4013 415 4089 adventum,
439 4032 478 4078 ac
499 4015 542 4077 ibi
569 4016 673 4079 varias
695 4017 829 4079 subiisse
850 4023 955 4080 sortes
977 4023 1008 4080 et
1033 4018 1192 4097 speciatim
1211 4027 1251 4073 eu·
1327 4049 1332 4102 Α

160 4130 227 4173 ram
250 4111 281 4174 in
304 4116 456 4193 regimine
479 4126 514 4178 et
534 4118 660 4180 auxilio
690 4117 869 4179 animarum
900 4124 1109 4183 nostrarnmc
1141 4137 1192 4179 nec
1214 4119 1247 4171 tr·
1327 4157 1332 4208 μ

157 4231 229 4276 men
257 4215 328 4279 inde
357 4215 537 4279 eruendum
561 4226 607 4280 est
630 4218 732 4297 ipsum
758 4217 941 4282 contudisse
962 4221 1176 4300 angelicarum
1202 4212 1248 4273 vir·
1327 4249 1332 4284 ι
