2886 4784
1230 317 1270 383 75

156 418 335 493 stimbniis,
358 418 563 484 statuendum
589 419 739 495 videtur,
772 421 810 484 ad
838 421 898 485 tria
920 418 1030 484 secula
1053 417 1274 500 praevaluisse

158 521 257 602 hujus
280 523 445 586 commatis
466 522 650 596 lectionem,
672 524 740 585 siva
762 541 911 602 graecam
932 541 990 586 seu
1012 520 1170 596 latinam,
1199 520 1273 583 sim·

158 621 291 701 pliciter
311 641 517 701 expressam:
541 622 600 703 qui
621 621 778 687 dimiserit
798 642 931 688 nnorem
952 641 1044 686 snam
1065 629 1192 700 sarepta
1209 621 1275 699 sor·

122 711 125 714 ’
158 720 333 785 nicationis
354 742 451 788 caesa
462 767 475 798 ,
494 723 575 805 facit
595 742 662 787 eam
684 723 854 788 moecliari.
879 723 1002 787 Deinde
1022 723 1134 787 seculo
1156 719 1210 784 lv.
1233 721 1275 784 ob

159 843 273 889 sensus
294 827 558 891 assimilationem
582 845 623 891 ex
645 826 752 890 Lucae
775 826 953 908 Evangelio
975 827 1119 889 additum
1153 825 1272 888 inisse:

162 935 193 988 et
213 925 270 1007 qni
290 925 453 992 dimissam
480 929 632 1004 decerit,
656 929 838 992 morabatur
852 948 870 1003 ;
899 930 994 993 sicuti
1025 929 1056 990 in
1082 927 1275 1008 quibusdam

161 1029 425 1110 exemplaribus,
449 1033 589 1094 maxime
612 1031 741 1105 latinis,
766 1040 843 1094 teste
864 1049 890 1095 s.
914 1028 1109 1110 Augustino,
1132 1037 1208 1094 tunc
1229 1029 1276 1089 in·

161 1137 248 1192 serta
271 1139 471 1194 accurrunts
493 1129 551 1213 pai
570 1130 726 1195 dimiserit
746 1150 877 1195 naorem
905 1149 996 1195 snam
1023 1139 1150 1212 cacepto
1179 1148 1277 1192 cansa

162 1229 410 1311 fornicationis,
433 1241 462 1296 et
482 1232 581 1296 aliam
602 1232 749 1310 dnaerit,
779 1234 971 1298 moechatur.
1000 1232 1109 1297 Serius
1135 1252 1213 1298 vero
1238 1250 1276 1296 ac

164 1334 385 1396 verisimiliter
408 1336 494 1397 circa
516 1336 665 1398 seculum
697 1333 751 1397 Vl.
776 1336 959 1400 introducta
981 1345 1114 1417 apparet
1135 1337 1167 1397 in
1189 1334 1275 1398 cadi·

164 1450 218 1494 ces
242 1451 374 1510 graecos
402 1435 500 1498 lectio
526 1437 680 1515 vulgata:
706 1434 762 1517 pai
786 1435 942 1500 dimiserit
962 1455 1093 1499 errorem
1114 1455 1204 1501 suam
1229 1457 1279 1527 μη

160 1523 217 1598 ἐπὶ
241 1550 319 1633 πορν
301 1528 372 1625 nitar
391 1531 456 1598 nisi
474 1535 510 1598 ob
529 1534 771 1614 fornicationem
791 1545 820 1599 et
839 1534 937 1601 aliam
967 1535 1119 1613 demerit,
1141 1539 1277 1602 moeclia-

161 1652 237 1717 ium·
258 1653 287 1706 et
300 1663 357 1724 qur
352 1642 533 1708 dimissam
547 1640 689 1718 duxerit,
703 1643 892 1707 morabatur.
909 1643 1001 1721 Quae
1016 1648 1197 1709 successive
1214 1653 1277 1707 tam

165 1745 199 1808 in
221 1748 343 1826 graecis
365 1764 463 1825 quam
485 1746 589 1809 latinis
612 1747 853 1823 exemplaribus
875 1745 1068 1823 bibliorum,
1085 1747 1275 1827 praesertim

165 1854 239 1926 post
260 1847 391 1910 Aleuioi
415 1847 656 1925 recensionem,
679 1849 790 1929 paucis
811 1851 976 1930 exceptis,
999 1849 1122 1928 ubique
1143 1864 1279 1928 praeva-

162 1946 237 2009 luit.

246 2047 467 2130 Quapropter,
481 2050 588 2125 ¹simul
615 2050 742 2114 collatis
764 2050 894 2114 duobus
919 2038 1139 2141 celeberrimis
1160 2048 1279 2113 codici·

166 2149 231 2213 bns
252 2148 409 2215 Vaticano
430 2161 463 2214 et
484 2150 658 2228 Sinaitico,
680 2171 744 2216 nou
763 2153 869 2216 solum
892 2153 976 2227 inter
998 2153 1056 2215 bos
1086 2152 1196 2239 patefit
1217 2152 1280 2214 dis·

167 2253 291 2316 crimen
311 2252 344 2314 in
365 2252 481 2316 ordine
502 2254 665 2317 citationis
687 2253 785 2335 hujus
807 2254 987 2329 commatis,
1005 2254 1047 2316 ita
1070 2259 1108 2317 ut
1128 2271 1191 2316 nan
1213 2270 1277 2315 una

165 2359 199 2416 et
220 2352 331 2415 eadem
354 2352 548 2417 admittenda
577 2356 695 2418 borum
718 2357 810 2435 origo
832 2356 894 2435 sit;
910 2354 964 2417 sed
987 2361 1020 2416 et
1040 2354 1142 2416 relate
1164 2353 1203 2416 ad
1225 2372 1280 2417 ea·

167 2454 316 2518 rumdam
339 2462 487 2519 aetatem
510 2455 594 2524 Nam
620 2478 662 2522 ex
683 2458 865 2538 praemissis
887 2455 1163 2537 disquisitionibus
1185 2454 1281 2520 Codi-

164 2557 211 2621 cis
234 2557 369 2620 vaticani
389 2557 606 2623 confirmatur
626 2561 799 2639 antiquitas
820 2578 837 2621 a
860 2555 1169 2623 scrutaturum
1188 2575 1280 2637 repe·

165 2658 272 2723 tenda.
296 2658 391 2721 atter
413 2678 491 2722 nero
513 2659 624 2724 Codex
646 2663 812 2726 sinaiticus
833 2662 887 2724 vix
910 2661 1106 2742 pertingeret
1132 2659 1280 2723 seculum

165 2762 222 2826 vt.
249 2763 285 2827 lo
308 2768 369 2830 hoc
401 2766 484 2827 enim
516 2773 624 2829 textus
656 2783 792 2845 graecus
812 2771 905 2828 sonat
926 2763 1021 2844 juxta
1055 2763 1220 2843 vulgatam
1244 2769 1276 2824 et

165 2867 297 2951 quidem
331 2868 476 2932 falsatam
511 2869 712 2932 lectionem:
750 2865 807 2949 pai
839 2863 996 2930 dimiserit
1024 2882 1155 2927 tenorem
1184 2866 1276 2927 snam

164 2963 216 3064 μή
240 2961 292 3039 iai
312 2964 444 3073 πορνέιᾳ
464 2967 528 3034 nisi
549 2970 584 3033 ob
604 2966 849 3050 fornicationem
872 2977 900 3030 et
920 2964 1182 3056 aliomdeaeiit,
1195 2983 1276 3028 moe-

165 3078 294 3153 chatur,
310 3086 343 3139 et
357 3077 430 3139 binc
452 3073 578 3154 penitus
596 3071 721 3133 variam
742 3087 759 3132 a
782 3066 951 3141 Vaticano,
970 3065 1276 3146 quemadmoduma

166 3178 372 3267 citationibus
396 3175 529 3240 Patrum
553 3190 768 3256 graecarum3
785 3170 824 3233 de
846 3170 964 3250 quibus
985 3168 1136 3247 superius
1159 3173 1275 3229 tracta·

166 3289 235 3344 tum
258 3288 316 3344 est.
340 3277 572 3342 Verumtamen
595 3277 633 3340 da
655 3275 774 3343 Codice
794 3273 939 3337 sinaitiao
961 3271 1097 3334 fortasse
1119 3272 1150 3333 io
1172 3274 1277 3348 pasta·

165 3401 240 3446 rum
263 3381 490 3460 disputandum
514 3380 587 3441 orit.

243 3481 463 3547 Nihilominus
483 3481 597 3560 plures
618 3478 721 3543 sentio
738 3479 895 3543 adversus
911 3494 961 3541 me
974 3477 1105 3552 instare,
1126 3490 1274 3554 magnam

165 3584 314 3649 codicum
337 3601 529 3664 graecorum
551 3589 583 3645 et
603 3582 779 3645 latinorum
802 3582 927 3662 copiam
943 3578 1141 3659 objicientes,
1156 3594 1195 3640 ac
1210 3593 1274 3639 uua

165 3688 312 3751 virorum
328 3685 620 3748 ecclesiasticorum
636 3683 737 3747 libros
752 3684 784 3746 in
799 3690 940 3764 utraque
961 3681 1112 3744 idiomate
1135 3678 1275 3743 conscri-

112 3842 115 3855 .
165 3797 238 3872 ptos
261 3793 452 3868 repetentes,
477 3787 531 3851 nbi
553 3787 615 3848 boc
635 3786 757 3866 legitur
780 3784 996 3850 testimonium
1017 3780 1196 3846 secundum
1218 3779 1275 3844 bo·

162 3889 310 3952 diernam
334 3889 499 3969 vulgatam
523 3907 670 3968 graecam
693 3888 891 3962 ellatinum,
914 3903 952 3949 ac
972 3886 1015 3946 ita
1039 3893 1215 3956 exactum,
1236 3886 1274 3944 ut

162 3991 249 4067 ulter
272 3998 382 4056 textus
404 4008 539 4072 graecus
561 3991 657 4054 alteri
682 3990 875 4054 verbotenus
898 3985 1089 4065 respondeat
1111 3985 1222 4047 latino.

244 4089 280 4155 ld
302 4100 411 4156 autem
433 4109 495 4155 non
518 4091 653 4155 inficior.
678 4088 828 4155 Attamen
850 4087 1089 4153 concedendum
1112 4085 1188 4148 mibi
1210 4091 1272 4160 est,
1310 4089 1314 4094 ’

159 4193 270 4261 nullos
295 4189 420 4261 iodioes
441 4193 500 4260 etsi
522 4193 672 4275 antiquos
701 4208 858 4276 superare
891 4189 1024 4255 Petrum
1048 4196 1195 4256 veterum
1217 4204 1271 4253 ae·
