2886 4784
140 491 201 556 pra
222 478 362 546 ceteros,
378 468 434 549 qui
456 468 485 531 ei
506 466 670 531 subsecuti
691 469 778 541 sunt,
797 462 898 528 tidelis
920 464 1055 528 inveniri
1079 471 1183 543 potest
1201 358 1258 529 21

140 579 270 643 tutator
291 571 448 655 ejusmodi
471 569 730 634 criminationum
753 588 792 631 ex
815 568 958 648 pravntis
978 566 1127 647 Origenis
1157 570 1256 632 sensi·

138 680 203 743 bns
226 676 464 739 deductarum:
487 674 530 735 ita
555 691 655 735 vanus
676 672 771 734 labor
791 669 973 734 ostenditur
994 687 1123 744 eornm,
1139 672 1195 750 qni
1210 672 1277 730 in»

140 781 180 843 de
205 787 316 860 postca
338 794 463 840 errasse
479 775 572 838 illum
587 777 756 838 adstruere
776 775 935 837 nituntur.
955 770 1015 834 Ex.
1040 789 1069 850 g.
1097 769 1255 849 Pamphili

140 880 314 957 responsio
335 878 374 941 ad
399 880 534 955 primam
557 880 795 940 accusationem
817 878 862 938 sic
884 875 1028 937 breviter
1050 876 1254 952 concipitur:

140 1005 160 1044 u
182 979 282 1057 Quod
302 999 342 1042 en·
365 979 424 1042 Deo
443 979 538 1042 Patre
558 988 654 1041 uatus
674 987 719 1040 est
742 977 859 1053 Filius,
874 987 903 1040 ct
921 977 1021 1039 unius
1042 986 1086 1038 cst
1105 994 1177 1038 cum
1192 976 1258 1040 Pu·

140 1097 188 1148 tre
210 1080 428 1155 substantioe,
449 1081 574 1144 alicnus
604 1099 676 1142 nero
696 1101 717 1142 a
737 1078 919 1143 substantiis
941 1088 1173 1143 creaturarum.
1197 1078 1258 1142 hr-

140 1194 297 1269 gumenta
319 1201 399 1247 vero
421 1202 437 1244 a
462 1180 631 1260 Pamphilo
662 1182 916 1260 praeclarissima
947 1181 1103 1244 adversus
1135 1181 1258 1243 calum·

141 1293 305 1354 uiatorem
328 1289 439 1362 allata,
463 1307 526 1350 non
548 1287 653 1349 solum
676 1305 717 1348 ex
741 1286 811 1347 aliis
832 1283 980 1363 Origenis
1002 1284 1113 1357 libris,
1136 1282 1190 1345 sed
1216 1301 1258 1346 ex

140 1393 260 1457 eodem
285 1389 479 1454 Periorcbou
501 1393 696 1467 repetuntur
716 1390 747 1450 in
771 1387 858 1449 illius
879 1385 1073 1465 apologiam,
1091 1387 1135 1447 ita
1158 1395 1196 1446 ut
1216 1386 1259 1444 ir·

142 1495 249 1557 ritum
273 1492 328 1554 liat
350 1490 612 1553 adversariorum
635 1488 789 1551 studium.
815 1487 857 1549 Et
877 1489 922 1549 sie
943 1487 974 1548 in
996 1487 1111 1550 ceteris
1136 1493 1261 1547 constat

141 1594 230 1656 idem
253 1609 404 1655 errorum
426 1591 668 1668 suppositorum
691 1607 812 1666 genus,
836 1592 930 1652 sicuti
954 1587 1112 1668 Pamphili
1130 1604 1260 1668 respon·

142 1713 219 1758 sum
243 1713 284 1756 ex
306 1695 406 1774 ipsios
427 1693 554 1769 scriptis
577 1691 755 1753 redactum.
772 1689 840 1753 Nisi
863 1690 950 1770 quod
965 1710 990 1751 s.
1008 1688 1149 1770 Martyr‚
1167 1698 1261 1769 utpo-

144 1802 177 1859 te
199 1795 324 1858 certior
345 1801 377 1856 et
398 1794 619 1867 certissimus,
643 1791 767 1851 invidos
789 1799 821 1853 et
842 1792 1019 1852 malevolos
1044 1791 1099 1850 has
1131 1806 1258 1867 compe-

144 1901 230 1978 gisse
254 1897 474 1958 accusationes
496 1895 651 1959 adversus
673 1894 845 1972 Origenem
868 1895 1064 1955 catholicum
1082 1912 1123 1953 ex
1140 1891 1267 1954 falsatis

143 1998 249 2078 ipsius
271 1997 471 2070 testimoniis,
487 2012 560 2056 cum
577 1995 699 2059 nullam
722 1997 919 2075 impietatem
942 2002 998 2056 aut
1021 1995 1178 2056 haeresim
1202 2012 1268 2056 unv

145 2115 247 2179 quem
270 2097 434 2176 professus
451 2104 545 2168 esset,
561 2096 752 2159 libellorum
774 2097 976 2172 auctoribus,
999 2097 1097 2159 nullis
1118 2095 1177 2157 sibi
1204 2094 1261 2156 ob·

145 2200 307 2264 stantibus
328 2200 455 2276 dubiis,
478 2199 689 2278 ignorantiam
713 2200 866 2261 alacriter
887 2198 1099 2277 exprobravit
1129 2203 1162 2259 et
1190 2214 1262 2274 per·

145 2300 269 2362 fidiam.

232 2399 314 2462 Hine
336 2407 445 2463 nutem
468 2402 754 2479 comprehenditur
769 2409 800 2465 et
815 2401 1004 2482 exploditur
1020 2401 1141 2463 falsitas
1162 2416 1264 2463 esser·

147 2505 246 2566 tionis
269 2500 457 2584 Hieronymi
479 2503 510 2562 in
534 2501 630 2564 Libro
654 2502 694 2565 ΙΙ.
718 2504 873 2566 adversus
898 2503 1060 2565 Ruthnum
1076 2502 1165 2580 3‘nbi
1192 2501 1267 2564 bia·

150 2605 267 2682 logum
290 2604 390 2663 citans
411 2600 558 2680 Origenis
591 2623 664 2666 cum
688 2603 831 2666 Candido
863 2605 1099 2678 valentiniano,
1130 2602 1262 2665 scribit:

151 2727 167 2764 u
192 2702 281 2766 Dicit
302 2702 465 2767 Candidus
488 2701 606 2766 Filium
630 2705 669 2767 de
691 2704 796 2768 Patris
818 2725 885 2768 esse
900 2706 1091 2782 substantia,
1107 2722 1219 2766 errans
1234 2704 1265 2764 in

152 2825 218 2881 eo,
243 2805 329 2885 quod
351 2798 519 2907 προβολήν
538 2807 747 2884 prolationem
768 2808 891 2870 asserit.
917 2807 941 2868 tt
964 2810 1094 2885 regione
1115 2804 1269 2885 Origenes

146 2908 247 2990 Juxta
270 2908 386 2971 Arium
409 2920 440 2972 et
462 2909 659 2973 Eunomium
684 2918 854 2988 repugnat,
872 2927 945 2971 eum
965 2910 1013 2969 vel
1037 2909 1202 2986 prolatum
1217 2925 1265 2969 es·

149 3028 200 3084 se,
228 3019 279 3071 vet
300 3020 434 3087 natum,
458 3010 604 3073 nollens
629 3011 723 3071 Pater
748 3011 912 3071 dividatur
933 3011 964 3068 in
988 3014 1117 3087 partes:
1140 3007 1194 3069 sed
1218 3008 1265 3067 di-

150 3113 197 3175 nit
218 3111 389 3175 sublimem
406 3119 437 3173 et
451 3113 752 3174 excellentissimam
770 3121 954 3172 creaturam
972 3108 1138 3170 voluntate
1157 3105 1262 3170 Patris

149 3211 318 3286 extitisse,
342 3214 437 3276 sicuti
465 3223 496 3277 et
526 3224 650 3277 ceteras
681 3223 859 3274 creaturas.
883 3231 898 3267 u
923 3209 1015 3285 Quae
1046 3228 1121 3271 sane
1152 3209 1264 3272 eadem

154 3323 205 3376 est
226 3331 264 3374 ac
286 3316 468 3377 criminatio
489 3336 505 3376 a
531 3315 698 3394 Pamphilo
720 3316 884 3391 obsignata
909 3331 939 3373 n.
961 3310 991 3374 3.

235 3413 301 3477 Nos
325 3434 404 3478 vero
425 3435 465 3478 ex
488 3419 610 3479 curretis
633 3415 963 3478 animadversionibus
985 3432 1084 3493 supra
1112 3415 1265 3493 genuinos

152 3514 305 3594 Origenis
326 3517 427 3579 libros
450 3518 598 3594 expletis,
619 3520 699 3580 hanc
721 3519 917 3579 ostendimus
934 3535 1007 3581 eum
1025 3517 1182 3579 refutasse
1198 3517 1266 3578 bla-

155 3617 346 3696 sphemiam.
361 3615 488 3692 Quibus
512 3619 725 3698 praefecimus
748 3620 847 3695 ipsius
864 3618 1024 3698 Pamphili
1048 3619 1264 3681 testimonium

153 3719 185 3780 iu
208 3739 236 3780 c.
262 3717 297 3778 V.
323 3720 547 3798 Apologetiei,
571 3729 682 3782 contra
707 3722 788 3781 hanc
816 3721 1072 3800 criminationem
1098 3720 1267 3781 statuentis

154 3819 335 3882 Auctorem
359 3819 496 3882 fideliter
525 3822 694 3897 docuisse,
718 3823 842 3897 (veluti
878 3820 1122 3901 praemisimus)
1149 3819 1266 3881 Filium

153 3919 227 3997 Dei,
251 3920 290 3983 de
312 3925 378 4000 ipse
404 3922 506 3984 Patris
527 3925 702 3985 substantia
726 3932 849 4000 natum,
873 3926 901 3985 ei
925 3942 993 3985 esse
1015 3923 1268 3984 consubstantia-

153 4025 234 4096 lem,
259 4034 316 4085 n'ec
336 4042 403 4086 esse
425 4036 622 4101 creaturam,
640 4046 745 4105 neque
769 4046 826 4106 per
841 4028 1058 4105 adoptionem,
1075 4024 1128 4086 sed
1151 4031 1266 4086 natura

140 4124 279 4188 'Filium
305 4145 417 4188 verum
441 4148 481 4190 ex
505 4132 573 4208 ipso
597 4128 692 4191 Patrc
707 4133 860 4208 genitum.
880 4154 895 4190 «
909 4127 1096 4208 Unigenitus
1112 4146 1190 4206 ergo
1206 4129 1269 4202 (ait

153 4230 188 4290 in
211 4225 370 4292 loannem
393 4226 491 4293 Libro
515 4229 554 4293 ll.
574 4230 582 4307 i
606 4228 691 4296 Deus
714 4230 865 4297 Salvator
887 4238 996 4297 nostor
1023 4232 1112 4295 solus
1134 4247 1152 4292 a
1175 4229 1270 4292 Patre

1074 4326 1115 4394 20
