2886 4784
434 471 437 479 ·
550 414 553 418 ’
591 469 596 482 ·
628 446 774 523 earne
799 447 852 520 rx.
896 468 899 474 ·

466 654 498 728 S.
524 619 721 727 Chromatius
728 705 740 737 ,
761 678 787 728 a.
811 635 1047 744 tepuerimus(
1089 685 1092 694 ·

181 893 243 1032 S.
265 960 472 1029 Chromatius
493 961 652 1029 Traototu
674 961 718 1026 Χ.
737 964 767 1025 in
790 980 819 1028 o.
835 962 875 1027 V.
892 956 1048 1028 Matthaei
1064 965 1189 1046 induite
1206 985 1223 1023 ιι
1238 955 1300 1035 ὓιι

184 1065 263 1128 ltine
275 1067 427 1144 sequitur
441 1060 452 1134 (
466 1061 637 1142 Dominus)
651 1083 661 1125 z
677 1062 835 1139 Audistis,
852 1062 930 1144 poio
944 1062 1064 1128 dietum
1078 1076 1123 1126 est
1135 1062 1302 1145 antiquiss
1351 1108 1360 1128 .

185 1163 245 1246 qui
264 1164 419 1229 dimiserit
439 1182 570 1228 oaorem
591 1183 694 1240 suom,
710 1164 1075 1246 exceptosornieotioois
1093 1152 1204 1243 rouro,
1225 1166 1306 1249 furit

186 1283 265 1336 eom
276 1267 445 1331 moecliari.
464 1266 498 1329 ln
512 1268 660 1330 omnibus
677 1265 832 1330 Dominus
846 1276 877 1329 et
892 1268 1044 1332 Salvator
1058 1269 1138 1348 legis
1152 1271 1305 1349 antiquae

187 1369 265 1452 jura
289 1370 447 1432 relormat
467 1370 499 1432 in
521 1369 651 1431 melius.
670 1366 743 1438 Jarn
766 1369 888 1431 dudum
905 1370 1035 1450 quidem
1055 1371 1179 1451 'populo
1198 1369 1306 1452 judal-

189 1475 231 1534 'oo
253 1470 519 1547 illicitoviveuli,
542 1471 667 1534 ansuis
690 1471 912 1550 voluptatibus
933 1473 1108 1548 servienti,
1131 1490 1190 1552 per
1211 1472 1305 1555 Moy*

188 1570 395 1650 seure’pudii
417 1571 512 1634 dandi
540 1583 750 1650 quarumque
778 1571 816 1634 de
848 1582 945 1636 sousa
976 1570 1101 1636 indulta
1132 1571 1307 1635 ridebatur

143 1668 146 1698 ³
188 1670 319 1735 lieentia
332 1690 344 1749 3
367 1689 430 1734 uon
450 1671 537 1751 quod
560 1672 602 1732 ita
625 1669 704 1748 logis
726 1673 810 1734 ratio
843 1669 1051 1749 postulabat,
1073 1671 1128 1734 sed
1151 1674 1227 1750 quia
1250 1689 1330 1750 po·‚

146 1775 149 1778 ⁴
189 1771 262 1851 puli
286 1773 425 1837 earnalis
446 1771 620 1835 effraenata
645 1770 794 1851 voluptas
816 1772 996 1838 secundum
1010 1772 1150 1852 rigorem
1168 1771 1309 1851 discipli·

189 1889 252 1935 ose
261 1870 428 1952 justitiam
449 1873 530 1952 lepis
554 1879 663 1936 tenere
683 1880 747 1935 uori
768 1880 885 1951 posset.
901 1870 1028 1936 ideireo
1049 1872 1129 1936 liaeo
1150 1875 1304 1954 permissa

190 1970 344 2047 leonitas,
367 1972 544 2036 seeundum
566 1971 684 2052 qood
676 1989 708 2035 ru
728 1970 794 2036 olio
814 1972 888 2036 loeo
908 1971 1096 2081 llomions
1086 1989 1153 2052 ipse
1174 1973 1306 2052 diceus,

187 2073 234 2136 ed
252 2071 406 2137 duritiam
428 2071 534 2136 cordis
554 2070 653 2136 eestri
670 2079 777 2138 eto.

231 2179 289 2234 v«
310 2171 406 2239 Unde
421 2191 508 2239 nouo
528 2192 592 2238 uon
614 2175 776 2238 immerito
795 2165 951 2238 Dominus
965 2190 1004 2236 ae
1017 2166 1174 2239 Salvator
1184 2181 1305 2261 noster,

161 2269 163 2271 ’
190 2214 321 2342 subluto
342 2275 401 2338 illa
422 2275 577 2353 lieentia,
598 2276 751 2357 autiquae
770 2276 1007 2339 constitutionis
1036 2291 1115 2338 suae
1136 2285 1308 2356 praecepto·

190 2384 367 2442 restaurat.
391 2375 492 2441 iubet
513 2394 653 2457 namque
675 2376 872 2441 matrimonii
899 2382 1025 2439 eastum
1053 2376 1240 2457 coniugium
1262 2379 1309 2440 iu·-

148 2482 168 2554 ᾗ
192 2478 375 2542 dissolubili
396 2478 475 2557 loge
492 2478 642 2555 serrari,
664 2477 834 2541 osteudens
855 2475 997 2556 conjugii
1025 2475 1131 2556 legem
1151 2495 1169 2540 a
1190 2496 1225 2541 se
1246 2478 1321 2557 pris

148 2585 173 2607 '·
192 2581 298 2643 soltus·
311 2596 384 2642 esse>
403 2579 593 2655 institutam.¹
618 2575 689 2658 lpse
711 2578 794 2640 enim
810 2577 876 2640 aits
892 2575 978 2656 quod
991 2594 1064 2656 erpo
1080 2574 1162 2640 Deus
1175 2577 1309 2660 oouiun'·

190 2680 244 2744 mit
263 2679 300 2743 in
320 2698 421 2744 onom
432 2723 444 2754 ,
466 2675 556 2743 domo
576 2697 640 2742 non
661 2689 793 2760 separet.
816 2676 891 2754 Quo
912 2679 998 2742 dioto
1019 2689 1052 2742 et
1073 2681 1230 2758 passivam
1257 2681 1310 2762 ju·

192 2785 351 2847 daeorum
374 2782 548 2858 licentiam,
564 2788 597 2845 et
614 2782 748 2845 stultam
760 2799 798 2844 oo
813 2777 1028 2844 miserabilem
1045 2783 1308 2846 manichaeorum

192 2884 514 2965 praesumptionem,
536 2884 592 2964 qui
613 2891 730 2963 negant
750 2901 768 2945 a
792 2881 860 2946 lieo
880 2900 949 2944 esse
970 2883 1181 2962 eonjugium,
1212 2883 1310 2965 hujus

191 2972 370 3060 sententiae
393 2985 655 3065 pronuntiatione
676 2982 861 3054 damnarit,
890 2982 1020 3046 dicensi
1054 2992 1181 3062 sarapte
1212 3001 1310 3050 rouro

191 3081 432 3168 fornicationis,
450 3102 581 3147 uxorem
600 3101 666 3145 nort
681 3080 772 3174 licere
786 3079 907 3144 dimitti
916 3125 927 3156 ‚
943 3089 1054 3159 aperte
1076 3082 1309 3156 demonstrans,

192 3205 269 3250 eum
291 3197 402 3249 eontra
426 3183 484 3247 Dei
506 3203 602 3264 agere
626 3185 840 3255 voluntatem,
855 3185 912 3262 qui
936 3184 1217 3247 matrimoniuma
1240 3181 1309 3247 Deo
1423 3171 1425 3175 ¹

184 3286 344 3369 junctum
367 3287 476 3350 illicita
498 3286 627 3360 divortii
649 3286 851 3364 separatione
866 3292 1026 3347 temerare
1042 3287 1306 3365 praesumpserit.

182 3385 681 3466 1Πιιιὶιιιιοιιῑςιιοιιειιιμιιιιηι
713 3403 813 3464 grave
841 3384 925 3464 apud
961 3383 1063 3446 ileum
1098 3384 1309 3449 damnationis

154 3509 158 3516 ’
192 3492 316 3553 oroneo
339 3492 518 3575 introrsum,
536 3489 591 3565 qui
608 3506 665 3567 per
680 3486 888 3550 effraenatam
913 3485 1054 3547 libidinis
1082 3486 1308 3565 voluptatem,

189 3591 306 3673 ubsque
325 3587 551 3671 forniootionis
570 3608 683 3664 causo,
707 3590 843 3650 dimissis
866 3588 1039 3660 uxoribus,
1058 3587 1089 3648 iu
1110 3586 1173 3648 alia
1197 3589 1312 3651 volunt

192 3692 333 3754 transire
353 3692 515 3772 conjugia.
530 3688 627 3766 Quod
650 3690 770 3752 ideireo
794 3707 829 3750 se
852 3688 994 3749 crodunt
1015 3689 1145 3765 impune
1166 3691 1311 3753 commil-

193 3799 276 3868 tere,
300 3793 376 3873 quia
399 3794 547 3855 humanis
569 3799 601 3854 et
621 3791 723 3854 seculi
746 3791 873 3869 legibus
898 3788 928 3849 id
952 3789 1081 3851 videtur
1107 3791 1310 3866 permissum,

194 3894 384 3967 nescientes,
407 3892 438 3954 in
461 3895 523 3956 hoo
542 3912 576 3956 se
599 3894 729 3973 granius
751 3910 790 3954 ao
814 3892 915 3969 stragis
936 3888 1139 3968 delinquere,
1156 3893 1230 3971 quia
1253 3891 1313 3954 hu·

195 4012 306 4058 manas
328 3994 414 4074 logos
436 3995 551 4056 divinis
575 3994 785 4075 praeieran13
809 3999 845 4054 ut
867 3990 955 4071 quod
970 3989 1119 4053 illloitum
1138 3991 1222 4055 lleus
1244 4011 1313 4055 esse

195 4097 386 4172 constitnit,
409 4094 483 4160 ideo
503 4095 629 4158 lioitum
654 4096 808 4168 eredunt,
831 4095 907 4172 quia
931 4093 971 4153 ab
993 4093 1122 4156 homino
1142 4097 1181 4156 sit
1211 4094 1314 4156 libere

197 4196 406 4290 permissum.
428 4196 490 4264 Sed
511 4196 608 4262 sicuti
629 4213 769 4260 uxorem
802 4200 889 4260 coste
918 4200 951 4257 el
982 4211 1064 4272 pure
1087 4197 1245 4260 viventem
1266 4194 1313 4257 di·
