2886 4784
167 434 291 520 Verum
313 438 420 520 quoad
443 439 578 529 primam
600 443 789 529 seutentiam
813 445 844 506 ia
860 443 1031 526 hocLibro
1047 441 1099 507 Vl.
1120 464 1205 526 qaae
1224 447 1280 507 ab·

164 560 264 609 scura
289 543 438 618 videtur,
463 544 542 606 baec
565 543 702 606 notanda
724 553 810 608 sunt.
835 544 992 621 Quamvis
1016 554 1123 610 textus
1144 565 1282 628 evange·

163 644 249 709 ticos
265 644 302 706 ad
320 646 461 708 litteram
478 665 540 708 non
557 647 773 727 exprimatur,
792 656 932 710 attamen
947 656 1080 729 apparet
1096 649 1280 714 ductorem

162 756 203 810 'et
224 765 266 813 ex
289 746 375 812 Loca
398 758 430 811 et
452 746 619 811 Matthaeo
642 748 845 827 descripsisse
876 750 984 813 verba.
1015 748 1063 812 Ex
1098 750 1183 814 Loca
1207 755 1279 832 qui·

165 848 266 927 dem,
290 850 343 914 abi
365 851 410 913 ait
430 850 611 912 mutierem
631 867 716 924 esse,
738 847 795 933 qm'
814 870 835 913 o
856 849 972 914 marito
992 851 1155 914 dimissam
1181 854 1281 915 dome·

164 949 220 1014 rit.
245 949 336 1026 Quae
368 971 469 1029 porra
499 960 704 1030 sequuntur:
729 963 756 1015 et
778 973 846 1016 enm
870 955 1080 1034 (adulterum
1111 954 1202 1034 esse)
1224 953 1282 1036 qui

157 1064 289 1134 praeter
308 1051 426 1116 crimen
447 1054 600 1116 adulterii
619 1071 750 1117 umorem
771 1053 941 1130 dimiserit,
964 1065 1001 1118 itt
1020 1057 1153 1119 aiteram
1173 1057 1282 1132 ducat,

163 1176 207 1218 ex
230 1153 397 1218 Mattbaao
421 1156 642 1235 transcripsit3
665 1157 708 1216 ita
727 1165 831 1217 tamen
849 1167 884 1220 nt
901 1157 1050 1221 videatur
1067 1159 1214 1238 Scriptor
1233 1159 1281 1221 ie·
1343 1220 1347 1227 .

163 1258 249 1336 gissa
271 1258 302 1318 iu
325 1258 414 1320 istius
439 1255 715 1337 Evangeliosqm'
736 1256 894 1321 dimiserit
914 1278 1047 1322 exorem
1067 1279 1173 1335 snam,
1194 1279 1282 1323 ence-

158 1367 220 1437 pto
241 1375 340 1421 caeso
361 1356 537 1431 adulterii,
559 1367 588 1420 et
608 1359 741 1439 aiteram
763 1359 915 1436 auserit,
942 1360 1131 1423 caecabatur.
1157 1358 1199 1425 Et
1220 1361 1282 1427 boo

159 1468 276 1523 contra
302 1467 456 1534 veterem,
478 1479 575 1542 qoam
598 1460 768 1540 bucusque
793 1463 949 1525 vindicavi
972 1462 1156 1526 lectionem.

229 1610 232 1619 ,
246 1559 463 1624 Nihilominus
492 1582 534 1624 ex
563 1563 743 1642 praemissis
758 1573 883 1627 coastat
898 1561 1100 1627 Lactantiom
1113 1563 1279 1645 speciatim

159 1680 261 1744 agere
281 1663 313 1726 ia
344 1664 521 1727 divortium
542 1662 727 1727 absolutum
750 1665 834 1727 inter
855 1666 1029 1748 conjuges,
1053 1675 1087 1729 et
1110 1667 1278 1746 corripere

159 1780 262 1846 qnam
286 1764 425 1828 maxime
447 1767 595 1839 maritos,
618 1767 693 1845 qui,
719 1767 877 1830 uxoribus
900 1768 1111 1846 posthabitis,
1134 1768 1173 1829 ad
1196 1769 1277 1834 alias

160 1867 383 1945 accedebaot3
399 1869 441 1930 ita
466 1876 501 1929 ut
524 1885 643 1930 uxores
659 1853 791 1947 duoque
806 1865 980 1931 derelictae
995 1876 1193 1946 cogerentur
1206 1869 1278 1932 aliis

161 1971 351 2031 convenire.
368 1968 479 2043 Quare
502 1969 584 2030 idern
606 1969 763 2030 adsersus
786 1985 997 2032 romanoram
1018 1968 1120 2048 loges,
1148 1970 1179 2030 in
1204 1974 1278 2051 qni·

161 2070 226 2135 bus
248 2087 285 2134 eo
309 2070 581 2150 perpetrabantur
601 2071 775 2147 scaudala,
809 2070 960 2132 bortatur
989 2070 1099 2134 fideles
1124 2071 1278 2152 conjuges

158 2171 341 2237 secuudum
355 2170 474 2236 Cbristi
490 2173 688 2246 mandatum,
706 2181 741 2235 ut
757 2183 902 2235 mutuam
917 2174 975 2235 sibi
992 2175 1159 2236 caritatem
1183 2192 1276 2252 prae·

160 2283 270 2353 stent3
287 2282 319 2337 et
341 2291 379 2336 oe
397 2275 457 2336 riri
478 2275 520 2337 ob
551 2291 642 2336 suam
672 2275 973 2354 intemperantiam,
1004 2276 1162 2338 uxoribus
1191 2292 1277 2351 moe·

160 2376 280 2439 obaudi
302 2377 502 2440 occasionem
524 2375 610 2439 dent.

247 2477 329 2543 Cum
352 2481 393 2542 ita
416 2478 468 2550 sit,
486 2482 572 2557 patet
593 2475 796 2540 Lactantium
819 2479 850 2557 ip
870 2477 1091 2558 sequentibus,
1107 2478 1162 2540 ubi
1184 2478 1277 2541 abso·

162 2580 236 2644 iutc
257 2581 360 2659 iuquit
381 2599 422 2643 ex
444 2580 552 2641 divino
575 2589 770 2658 praecepto,
792 2580 971 2642 adnitar-om
992 2599 1053 2640 esse
1063 2623 1074 2654 ,
1095 2577 1152 2659 qai
1171 2600 1191 2642 a
1212 2599 1278 2643 mo·

159 2682 227 2744 rito
247 2680 410 2746 dimissam
431 2680 573 2756 decerit,
588 2681 678 2761 loqui
701 2684 875 2761 praecipua
889 2680 928 2742 de
952 2699 1056 2743 uxore
1079 2680 1274 2743 iortticariaa

161 2803 263 2864 quam
287 2796 392 2846 tamon
414 2784 511 2860 dicit,
534 2785 593 2847 etsi
615 2784 799 2857 dimissam,
823 2784 916 2846 alteri
939 2801 1002 2845 noo
1026 2801 1117 2862 posse
1139 2783 1276 2857 nubere,

166 2904 287 2950 vocaus
309 2887 381 2950 ideo
402 2886 613 2961 adulterum,
635 2886 691 2965 qai
724 2887 806 2950 hauc
836 2886 997 2948 dimissam
1029 2885 1128 2949 ducit.
1154 2884 1279 2949 idcireo

161 3007 239 3052 cum
262 2990 304 3053 ita
324 2996 416 3053 sonet
436 2988 608 3066 scriptoris
629 2986 739 3061 dictio,
762 2986 869 3048 nescio
890 2986 967 3064 qnid
989 2985 1049 3046 sibi
1075 2985 1151 3047 velit
1173 2986 1204 3044 in
1224 3005 1274 3048 se·

160 3094 356 3173 quentibosr
379 3100 409 3155 et
428 3109 498 3154 eum
515 3090 712 3169 (adulteram
734 3088 813 3164 esse)
828 3087 883 3168 qui
902 3096 1026 3164 praeter
1046 3084 1164 3148 crimen
1184 3086 1277 3150 odui-

162 3191 241 3257 cerii
261 3211 392 3255 umorem
412 3189 583 3265 dimiserit,
603 3200 639 3254 ttt
658 3191 790 3254 atteram
811 3190 916 3250 ducat.
943 3185 993 3249 Ex
1014 3187 1061 3250 bis
1082 3187 1166 3249 enim
1191 3186 1277 3249 vide·

162 3303 260 3361 retur
280 3294 466 3358 Lactantius
488 3296 648 3369 docuisse,
673 3294 743 3354 viro
765 3291 938 3354 dimittenti
960 3308 1098 3353 uxorem
1120 3289 1162 3351 ob
1183 3288 1277 3350 adal·

162 3396 285 3461 tertam
296 3440 308 3471 ,
328 3397 429 3460 licere
448 3396 545 3458 aliam
567 3395 689 3459 docere
711 3391 898 3457 mulierems
929 3398 961 3453 et
992 3391 1130 3452 adverso
1160 3389 1277 3453 nemini

159 3499 264 3565 lisere
284 3498 406 3562 ducere
427 3496 611 3561 adulteram
633 3514 650 3559 a
673 3498 791 3560 marito
815 3494 988 3580 dimissam.
1013 3490 1113 3567 Quasi
1144 3490 1278 3554 dixisset

158 3600 280 3667 Jesose
305 3600 441 3663 maritos
464 3599 627 3663 dimittens
656 3615 794 3661 uxorem
830 3595 1035 3667 aduiteram,
1061 3600 1164 3671 potest
1186 3590 1276 3653 atiud

159 3702 245 3765 inira
266 3701 484 3780 connubium,
508 3700 667 3763 foeminae
690 3717 770 3761 aero
791 3696 938 3760 dimissae
964 3709 1168 3771 nequaquam
1199 3692 1278 3754 iicet

159 3801 220 3866 stit
241 3801 386 3865 nuberes
409 3801 496 3882 qood
519 3808 568 3864 est
598 3798 822 3878 improbabile.
847 3794 880 3860 Si
902 3795 984 3856 enim
1008 3795 1049 3855 ita
1072 3792 1175 3865 toret,
1200 3799 1283 3855 tuno

161 3902 286 3966 trustra
311 3902 526 3983 praemisisset
546 3899 732 3987 Lactantius
754 3900 873 3972 diceus,
897 3894 1017 3967 Deam,
1038 3890 1147 3972 nequis
1169 3910 1199 3953 se
1215 3911 1278 3971 po-

161 4013 247 4068 teret
267 4025 328 4068 suo
348 4001 556 4083 praescribere
571 4009 753 4083 praecepto,
767 4001 933 4062 removisse
946 3991 1277 4058 omnemcoittmm'om

158 4116 190 4170 et
211 4105 404 4170 occasionem
423 4103 577 4187 frondis,
600 4123 641 4168 ex
663 4112 754 4184 parta
785 4102 907 4166 scilicet
928 4097 1035 4162 mariti
1058 4111 1194 4160 uxorem
1224 4114 1276 4157 aa·

159 4211 286 4276 lumnia
309 4212 488 4294 impotentis
509 4208 675 4285 adulterii,
699 4216 736 4273 nt
760 4206 850 4290 illam
871 4203 1059 4279 dimitteret,
1082 4208 1113 4264 et
1138 4199 1275 4264 alteram
