2886 4784
167 463 219 524 ius
241 463 271 522 in
293 460 421 543 Synodo
445 454 654 522 alexandrina
678 460 829 536 imposuit
851 454 1001 537 Origenis
1027 464 1149 533 errata,
1172 457 1260 520 eaden

165 575 234 626 csse
256 582 339 642 quae
361 564 508 625 distincte
531 563 714 624 numeravit
737 583 762 623 s.
789 559 939 644 Martyr3
963 562 1005 621 ita
1029 562 1153 637 pariter
1172 560 1262 623 cervis

160 664 290 744 judaica
313 671 437 726 tantum
462 682 606 726 asserere
639 665 770 742 poterit,
802 663 951 724 eumdem
984 665 1156 723 mentitum
1189 680 1263 733 esre,

167 763 296 844 quando
319 784 427 826 coram
448 763 588 826 Ecclesia
612 765 794 826 obtestatur
817 767 846 824 in
872 764 1015 842 genuinis
1036 758 1185 843 Origenis
1200 763 1268 825 codi-

164 867 268 940 cibus,
292 877 323 929 et
346 868 534 946 praesertim
565 868 593 925 in
619 864 836 938 Periurclrun,
859 884 922 926 non
946 866 1010 944 legi
1032 865 1160 943 penitus
1182 865 1268 926 eidem

165 968 342 1044 adscriptos
364 985 514 1043 errores3
538 967 668 1027 acideo
692 967 891 1045 iniquissime
913 968 1006 1045 argui
1030 966 1118 1042 pium
1146 967 1253 1025 virum.

247 1069 402 1148 Insuper,
426 1069 451 1129 si
474 1068 642 1146 diligenter
664 1070 931 1141 considerentur,
954 1069 1009 1147 qui
1042 1069 1074 1127 in
1106 1064 1268 1143 Theophili

164 1177 195 1231 ei
218 1169 406 1250 Hieronymi
429 1169 572 1248 epistolis
596 1169 761 1230 hincinde
784 1179 938 1231 notantur
959 1169 1109 1248 Origenis
1132 1185 1270 1238 errores,

166 1291 204 1334 ne
227 1289 327 1333 unum
350 1272 478 1351 quidem
502 1271 622 1331 dictum
644 1274 820 1332 secundom
844 1273 931 1334 iilius
962 1280 1158 1348 conceptum
1193 1286 1273 1346 repe·

166 1374 252 1435 ritur
273 1389 462 1450 expressum
490 1373 529 1430 ab
559 1372 633 1432 iilis.
669 1371 835 1446 Quaedam
867 1374 949 1432 enim
979 1374 1039 1432 snb
1072 1369 1275 1432 dubitationis

163 1475 269 1551 specie
291 1474 435 1552 exposita
458 1475 498 1533 ab
519 1472 658 1552 Origene
683 1474 732 1534 vei
757 1475 1035 1552 interrogationis,
1061 1491 1120 1550 pro
1144 1471 1274 1533 affirma·

169 1575 241 1635 tivis
262 1582 447 1635 sumuntur.
472 1572 549 1634 ltem
573 1575 634 1634 alia
658 1576 874 1634 conditionate
899 1574 948 1634 vel
974 1574 1110 1634 relative
1135 1572 1272 1642 dictata,

164 1691 223 1752 pro
245 1674 401 1735 absolutis
423 1674 637 1752 accipiuntur.
661 1672 864 1753 Quandoque
887 1693 997 1736 sensus
1019 1674 1217 1752 allegoricus
1237 1671 1273 1734 ab

164 1773 227 1834 illis
252 1775 391 1835 vertitur
413 1775 443 1834 in
466 1775 644 1852 proprium.
666 1771 863 1852 Plerumque
885 1775 1103 1837 obtruncatur
1125 1765 1276 1835 orationis

164 1892 278 1937 nexus.
302 1875 387 1937 Alibi
412 1874 550 1937 refutata
574 1871 612 1936 ab
634 1873 774 1954 Origene
797 1877 957 1939 haeretica
990 1875 1143 1954 dogmata
1175 1874 1274 1936 eidem

163 1976 393 2038 inscribuntur.
417 1973 465 2036 Ac
486 1977 670 2052 saepissime
693 1977 764 2037 talis
786 1977 966 2039 intruditur
986 1994 1124 2050 sensus,
1154 1983 1190 2037 ut
1220 1989 1274 2035 nec

164 2077 429 2157 praecedentibus
443 2076 624 2139 'concordet
645 2097 703 2140 nec
724 2079 932 2157 sequentibus
944 2097 956 2156 ;
976 2095 1034 2138 nec
1049 2076 1157 2139 multo
1172 2076 1270 2138 minus

163 2182 338 2260 praecipuo
354 2178 618 2242 accommodetur
633 2192 837 2258 argumento,
854 2179 941 2258 quod
960 2179 1208 2258 expendendum
1222 2193 1271 2239 su·

160 2281 270 2359 scepit.
295 2280 342 2343 Ac
364 2278 538 2343 universim
561 2281 667 2341 omnia
692 2280 922 2357 programmati
940 2278 1159 2340 adversantur
1173 2277 1212 2339 de
1228 2277 1271 2351 iis,

160 2401 244 2462 quae
266 2386 443 2446 secundum
468 2383 679 2462 apostolicam
703 2384 907 2444 traditionem
930 2401 946 2442 a
970 2382 1121 2444 fidelibus
1143 2380 1267 2443 creden·

160 2485 198 2546 da
221 2493 323 2548 erunt.
347 2484 382 2546 ln
405 2485 524 2562 quibus
547 2485 686 2545 maxime
708 2491 841 2545 notatur
863 2484 1018 2545 discussio
1045 2483 1205 2561 dogmatis
1236 2482 1293 2570 dc,

96 2608 99 2612 “
161 2587 399 2648 resurrectione
422 2597 453 2647 et
475 2586 514 2647 de
536 2589 645 2664 poenis
668 2586 859 2647 daemonum
883 2595 913 2646 et
929 2587 1146 2664 reproborum
1164 2587 1194 2646 in
1212 2571 1268 2646 vita

161 2687 270 2748 lutura
295 2694 459 2765 nunquam
483 2688 670 2747 desinendis.
696 2685 753 2749 Ubi
776 2689 816 2746 ab
839 2696 979 2766 utroque
1001 2689 1097 2749 aliter
1113 2694 1146 2748 et
1163 2694 1266 2749 contra

159 2806 285 2848 sensum
311 2789 454 2867 ejusdum
478 2786 643 2867 Origeois,
671 2787 819 2866 Gregorii
851 2790 965 2849 uisseni
988 2808 1025 2849 ac
1050 2797 1199 2849 veterum
1221 2785 1269 2847 vs·

163 2900 262 2963 trum,
282 2891 426 2967 exposit-a
452 2900 526 2952 sunt
551 2892 617 2951 duo
642 2892 797 2952 vocabula
821 2887 1040 2970 palingenesiu
1070 2900 1102 2951 et
1132 2897 1268 2968 operatu·

162 2991 255 3053 stust's
276 2992 469 3070 regeneratio
495 3002 526 3052 et
557 2990 717 3053 restitutio
749 3002 883 3054 victurae
914 2993 1075 3054 humanae
1101 2999 1266 3069 corruptae

161 3093 200 3154 ad
224 3095 393 3172 pristinum
416 3104 550 3167 statum,
566 3094 597 3153 io
618 3112 684 3171 quo
705 3112 722 3154 a
747 3091 813 3155 Deo
836 3103 943 3155 creata
967 3093 1014 3155 es't
1036 3095 1066 3154 in
1089 3093 1225 3166 Adamo‚
1240 3097 1265 3152 ei

163 3197 292 3275 quidem
315 3197 472 3272 explenda
496 3215 557 3257 non
581 3204 652 3273 post
671 3197 724 3257 sed
749 3208 821 3257 ante
841 3197 957 3276 judicii
992 3198 1146 3273 postremi
1178 3197 1262 3255 diem.

161 3297 196 3358 lu
217 3316 279 3377 qua
300 3300 492 3376 quaestione
514 3299 631 3359 nedum
654 3302 778 3360 erravit
800 3299 970 3376 Origenes,
993 3298 1047 3361 sed
1073 3298 1216 3376 Apostoli
1239 3295 1263 3355 iu

160 3396 301 3475 Epistula
323 3400 343 3459 Ι.
366 3400 407 3460 ud
433 3397 623 3470 Corinthios,
639 3401 680 3460 ita
705 3400 872 3476 praeclare
893 3402 1126 3476 interpretatus
1143 3408 1189 3460 est
1203 3414 1262 3458 seu·

156 3517 242 3570 sum,
267 3510 323 3572 nt,
353 3497 498 3579 quisquis
529 3501 701 3578 Origenem
735 3503 886 3574 damnat,
913 3501 1105 3581 Apostolum
1141 3515 1262 3580 quoque

158 3600 351 3661 damnationi
373 3601 521 3680 subjiciat
545 3601 742 3673 accessesit.
768 3599 809 3677 t*)

232 3847 264 3918 (¹)
286 3847 330 3902 Ab
356 3847 408 3902 bac
434 3848 543 3903 interim
570 3847 736 3921 Hieronymi
757 3848 887 3903 illusione
912 3822 985 3903 circa
1009 3845 1199 3920 pulinpmcsiut
1219 3858 1262 3896 vo·

160 3941 290 3995 eubulum
313 3941 490 4015 intelligitur,
515 3942 654 4014 quomodo
673 3941 702 3996 in
720 3942 805 3998 Libro
819 3943 855 3997 ll.
869 3943 1001 3997 adversus
1014 3939 1172 4005 Ruffinum,
1185 3938 1264 3992 citans

161 4031 312 4103 Dialogum
334 4034 465 4106 Origenis
486 4052 551 4089 cum
571 4034 696 4091 Candido
716 4012 902 4092 valentiniano
926 4034 994 4107 (ubi
1013 4031 1152 4104 praeclare
1170 4025 1265 4084 notavit

162 4123 265 4194 dogma
284 4126 318 4180 de
338 4125 480 4182 daemonis
500 4132 599 4182 natura
619 4127 779 4183 salvationis
808 4129 957 4200 incapaee)
987 4126 1090 4181 subdat
1106 4130 1199 4178 tamen
1217 4119 1266 4174 Do·

162 4224 239 4286 etur,
262 4219 412 4278 Auctorem
443 4221 472 4277 in
501 4221 562 4278 aliis
592 4219 669 4278 libris
693 4221 791 4279 docere
810 4221 912 4278 diaboli
936 4225 1065 4275 naturam
1089 4233 1151 4274 essa
1174 4213 1268 4271 salma
