2886 4784
161 347 192 396 tr

112 466 116 474 ·
161 461 258 521 trum
278 443 523 534 citationibus,
543 458 581 522 et
599 471 618 522 a
639 445 854 547 quibusdam
887 446 977 524 satis
1005 448 1160 550 antiquis
1176 474 1223 526 co·

159 575 321 650 ditibus:
351 574 411 649 ubi
441 576 663 673 praedictum
685 575 858 652 Matthaei
890 577 1139 653 testimonium
1157 602 1224 654 com

160 704 278 779 variet
304 727 324 778 a
353 703 498 801 vulgato
526 728 655 801 graeco
683 720 721 780 et
749 705 861 779 latino
882 721 1004 793 textu,
1023 706 1138 805 magis
1155 707 1231 811 dog·-

161 834 249 908 mati
277 832 455 909 catholico
483 848 658 908 consonat
685 833 781 908 itlius
809 842 952 910 sensus.

274 960 489 1061 Priusquam
518 985 605 1036 vero
632 961 779 1038 Petrum
808 964 852 1038 de
881 964 949 1038 hac
975 987 1016 1039 re
1043 965 1230 1064 disquiran-

162 1106 224 1167 tur
250 1091 473 1175 testimonia,
493 1089 570 1164 ioca
593 1106 720 1164 notare
740 1103 902 1188 praestat
923 1089 1114 1178 Matthaei,
1135 1091 1228 1167 Mami

163 1233 201 1297 et
229 1218 361 1302 Lucae,
377 1218 436 1293 ubi
461 1220 581 1316 agitur
598 1219 642 1292 de
662 1220 841 1316 conjugio.
863 1216 1071 1294 Matthaeus
1091 1222 1126 1295 iu
1145 1245 1175 1295 c.
1195 1218 1227 1293 t.

162 1341 227 1424 32.
257 1345 403 1420 scribit:
431 1343 508 1444 Eoo
535 1362 654 1420 aretem
695 1345 775 1420 dico
812 1347 934 1433 uobis,
971 1349 1035 1446 qui
1071 1348 1229 1423 dimiserit

162 1498 309 1549 uxorem
337 1497 453 1558 suum,
481 1489 629 1573 eccepto
649 1475 897 1572 fornicationis
917 1498 1039 1560 correo,
1057 1476 1227 1573 faciteam

160 1601 356 1685 meecbori;
384 1614 418 1674 et
446 1603 508 1698 qui
535 1601 719 1674 dimissam
745 1599 903 1685 demerit,
933 1602 1150 1676 moechatur.

271 1728 405 1805 Deinde
435 1730 469 1801 in
497 1752 530 1802 e.
560 1727 652 1802 xtx.
681 1724 720 1803 9.
750 1729 898 1803 subdit:
930 1727 1018 1804 ttico
1045 1748 1162 1806 eutem
1186 1754 1229 1804 uo

162 1859 228 1944 bis,
254 1859 340 1956 quin
366 1859 580 1957 quicumque
605 1857 780 1930 dimiserit
806 1880 953 1932 :rnorem
980 1882 1099 1945 suom,
1117 1859 1229 1934 nicini

160 1986 443 2083 fornicationem,
470 2000 504 2057 et
531 1984 641 2058 eiiam
668 1984 834 2071 duxerit,
861 1985 1095 2070 moechetur:
1122 2003 1155 2062 et
1179 1986 1230 2086 qui

163 2115 345 2188 dimissum
374 2111 532 2196 demerit,
560 2113 777 2188 moechatur.

273 2239 415 2314 Marcus
444 2240 479 2312 in
508 2263 540 2313 c.
568 2238 614 2314 X.
638 2234 701 2314 11.
735 2235 794 2314 12.
823 2238 871 2314 Et
898 2241 949 2315 uit
975 2240 1066 2316 iliis:
1086 2244 1231 2342 quicum·

164 2394 232 2471 que
257 2367 431 2443 dimiserit
460 2392 606 2442 umorem
634 2393 749 2454 suom,
769 2383 803 2444 et
829 2368 940 2444 olium
966 2368 1126 2456 duxerit,
1144 2369 1232 2444 odei

163 2499 293 2573 terium
321 2498 508 2572 committit
535 2521 641 2594 cuper
666 2520 758 2570 eom.
786 2493 835 2570 ut
870 2497 904 2570 ci
940 2521 1034 2570 uxor
1071 2497 1233 2574 dimiserit
1258 2506 1262 2516 '

159 2629 275 2700 virum
303 2649 406 2698 sunm
434 2638 469 2699 et
495 2625 561 2698 aiii
588 2629 760 2723 stupuerit,
787 2625 1009 2699 moechetur.

269 2750 384 2825 Lucas
412 2752 447 2823 in
475 2776 508 2825 c.
537 2748 630 2823 xtt.
663 2745 723 2825 18.
749 2753 821 2825 ait:
854 2749 979 2825 Omnis
1006 2755 1070 2850 qni
1098 2752 1233 2827 dimittit

162 2903 308 2954 uxorem
336 2903 451 2963 suum,
480 2895 513 2952 ct
541 2876 690 2952 niteram
718 2877 830 2962 ducit,
859 2879 1091 2952 moechetur:
1124 2896 1157 2954 et
1182 2878 1234 2979 qui

163 3008 344 3081 dimissum
373 3032 394 3079 u
422 3009 497 3080 uiro
525 3006 636 3090 ducit,
659 3002 883 3081 moechatur.

271 3135 408 3226 Quater
435 3159 520 3232 ergo
549 3134 800 3231 Evangciistac
820 3135 955 3210 Christi
977 3135 1085 3210 verba
1104 3137 1149 3211 de
1167 3157 1236 3210 con

163 3264 273 3338 nubio
300 3266 480 3338 citarnnt:
503 3265 569 3336 uisi
590 3265 684 3361 quod
707 3263 913 3339 Matthaeus
934 3264 1235 3339 circumstantiam

164 3392 341 3466 addiderit
369 3391 416 3467 ab
444 3391 522 3465 aliis
552 3394 702 3473 variam,
723 3391 815 3466 idest
835 3406 983 3487 excepto
1001 3393 1236 3502 fornicationis

163 3544 284 3594 correo.
301 3521 357 3596 Ob
385 3521 478 3594 hunc
506 3536 629 3594 autern
659 3521 853 3596 locutionis
881 3521 1125 3595 differentiam
1154 3523 1236 3594 iuter

164 3647 387 3723 Matthaeurn
417 3648 575 3743 onelios
601 3647 760 3722 Marcum
790 3663 828 3722 et
856 3648 1005 3732 Lucam,
1026 3648 1079 3723 uti
1101 3670 1237 3748 sequen·

163 3777 261 3851 tibus
288 3776 573 3850 discussionibus
600 3790 756 3873 aptum,
783 3777 977 3850 admodum
1007 3776 1123 3862 facit,
1150 3773 1234 3874 quud

164 3903 288 3978 scribit
316 3928 345 3979 s.
375 3902 615 3999 Hieronymus
644 3905 687 3976 ad
718 3903 913 3977 Damasum
933 3903 1086 4001 Papam,
1101 3901 1235 3978 Praesa-

164 4032 260 4104 tione
288 4033 325 4104 in
354 4030 613 4127 Euouoeh'stos:
635 4058 651 4101 u
671 4032 874 4106 sinautem
896 4034 1030 4106 veritas
1054 4045 1113 4106 est
1139 4052 1233 4129 quac·

163 4159 272 4232 reuda
300 4159 343 4232 dc
374 4160 557 4257 pluribus:
588 4184 651 4234 cur
681 4183 749 4234 nun
789 4162 831 4236 ud
871 4182 1038 4258 graecam
1068 4161 1230 4259 originem
