2886 4784
157 312 198 386 tu

156 420 305 484 rebatur.
330 415 408 478 item
431 413 561 494 illusus,
578 418 716 480 subdens
739 414 911 480 Heraclam
937 414 1103 498 Oripeaem
1124 413 1274 482 evulsisse

51 573 57 581 .
156 523 194 583 de
214 520 313 583 medio
333 514 452 598 sepetis.
477 517 548 584 Non
571 521 653 580 enirn
678 515 844 594 Heraclea,
860 520 913 581 sed
938 516 1121 582 Demetrius
1137 521 1182 582 oh
1196 523 1273 582 invi·

159 622 242 683 diam
265 640 282 683 a
305 623 402 686 Claro
431 622 642 684 alexandrino
673 623 846 702 separavit.
868 619 1084 700 Nequaquam
1117 616 1274 684 Heraclas

96 756 97 759 ¹
158 722 277 784 avulsit
297 719 470 800 Origenem
493 721 531 783 de
554 722 660 782 medio
681 723 796 800 segetis
806 741 818 799 3
844 730 891 781 ast
923 719 1080 800 Origenes
1113 725 1144 782 in
1176 722 1270 784 aliam

159 822 357 903 provinciam
381 821 558 899 proiectus,
576 839 671 899 agros
687 821 863 883 dominicos
877 821 918 880 ab
935 822 1119 882 haeresium
1134 823 1273 885 dumetis

159 932 379 1003 purgaturus,
413 923 444 983 in
478 923 583 984 medio
616 923 731 1000 segetis
759 923 988 984 alexandrinae
1010 940 1028 982 a
1049 942 1084 984 se
1105 924 1272 998 excultae,

160 1025 316 1104 plantavit
337 1018 509 1085 Heraclam
532 1024 724 1100 discipulum
740 1043 849 1097 snum,
866 1034 902 1086 ut
915 1042 1004 1102 seges
1020 1023 1149 1087 tructus
1165 1026 1274 1086 ederet

159 1126 338 1189 suavitatis.
362 1124 517 1186 Mentitur
532 1135 564 1187 et
579 1125 793 1198 obtrectator,
809 1143 952 1187 asserens
968 1124 1143 1206 Origeuem
1160 1126 1273 1202 expul-

158 1242 244 1298 sum,
260 1223 296 1285 ia
314 1222 516 1286 Palaestinae
535 1222 691 1302 repionem
711 1223 890 1302 naeipasse,
904 1223 1007 1304 ilique
1026 1223 1175 1286 reamissa
1196 1235 1272 1286 tene·

160 1323 315 1386 drieosam
347 1333 441 1404 atque
473 1335 580 1387 atrum
608 1323 690 1387 uitae
721 1327 883 1387 venenam.
906 1323 979 1388 Non
1000 1330 1085 1388 euim
1118 1344 1273 1389 vencnum

160 1436 269 1488 atrum
292 1429 322 1487 in
346 1424 524 1488 Palaestina
546 1429 667 1489 evomit
688 1426 866 1506 Origenes3
889 1429 942 1490 sed
959 1426 1056 1490 divini
1076 1428 1167 1489 verbi
1185 1445 1270 1504 prac-

161 1547 200 1589 ca
225 1527 435 1589 vivificantem
458 1528 540 1591 coeli
564 1547 671 1590 rorem
693 1547 791 1606 snper
813 1528 900 1590 illam
923 1539 953 1590 et
976 1536 1101 1591 ceteras
1124 1531 1269 1607 regiones

41 1663 42 1667 =
160 1629 286 1704 effudit,
311 1633 478 1692 veritatem
500 1637 533 1692 et
557 1633 652 1693 vitam
665 1650 676 1708 ;
699 1630 780 1692 adeo
802 1642 838 1692 ut
857 1632 905 1691 vir
921 1630 988 1692 lere
1007 1632 1135 1693 divinus
1152 1648 1271 1693 nuncu·

161 1738 318 1808 paretur,
344 1734 393 1792 rir
413 1732 609 1808 apostolicus
632 1741 665 1794 et
687 1734 840 1810 magister
863 1731 1087 1793 ecclesiarum.
1113 1730 1148 1792 lu
1171 1734 1270 1812 repic-

160 1847 232 1892 nem
254 1829 452 1892 Palaestinae
475 1832 572 1906 venit,
596 1850 658 1893 non
679 1842 787 1893 atrum
811 1832 982 1909 impietatis
1007 1849 1190 1906 venenum,
1218 1832 1268 1893 scd

159 1931 346 2008 sanguinem
369 1949 429 2010 pro
451 1930 568 1994 Christi
591 1934 718 1995 nomine
739 1933 926 1995 chusurnsa
949 1942 981 1992 et
997 1949 1056 2010 pro
1073 1950 1140 2011 qno
1158 1949 1265 1993 revera

163 2033 324 2111 usquead
351 2034 476 2096 vincola
500 2043 533 2097 ct
553 2035 755 2096 acerbissima
781 2042 938 2096 tormenta
962 2035 1116 2112 pugnavit
1140 2036 1218 2113 ipse,
1239 2042 1266 2094 et

69 2195 70 2198 ,
160 2131 308 2210 discipuli
331 2133 401 2213 ejus
422 2152 520 2213 quam
544 2136 686 2214 plurimi.
702 2133 742 2196 Et
765 2153 840 2197 num
863 2136 998 2196 inveniri
1017 2137 1135 2212 poterit
1156 2137 1268 2196 sirau·

52 2231 54 2236 ’
161 2234 273 2296 dacior
293 2244 325 2297 ct
347 2235 494 2298 stolidior
516 2237 613 2317 huius
635 2238 789 2315 epistolae
817 2239 1065 2309 concionatore,
1097 2236 1156 2316 qui
1190 2243 1268 2299 tanta

165 2337 328 2398 mendacia
352 2345 383 2398 et
405 2339 548 2399 convicia
571 2339 766 2416 excogitavit
788 2340 818 2399 in
842 2339 929 2416 pium
954 2335 1088 2400 virum?

246 2435 412 2512 Ceteram,
430 2438 702 2516 quemadmodum
726 2440 893 2518 scriptoris
916 2437 1047 2517 persidia
1064 2445 1215 2499 cunctam
1231 2436 1272 2498 hi·

159 2537 280 2601 sturiae
300 2538 401 2602 diruit
422 2542 664 2613 auctoritatem,
686 2543 729 2601 ita
754 2538 896 2599 historici
919 2539 948 2597 in
974 2537 1069 2598 rebus
1089 2537 1270 2598 enarrandis

161 2655 256 2703 orror
277 2648 335 2702 aut
354 2641 464 2703 illusio
485 2659 649 2720 nunqnam
671 2660 687 2702 a
712 2642 846 2721 posteris
867 2648 996 2719 accepta
1022 2639 1098 2713 luit,
1122 2650 1182 2701 ant
1203 2657 1270 2717 pro·

162 2740 236 2803 bata
258 2748 296 2803 ut
316 2741 496 2804 haereditas
518 2742 684 2821 legittima.
704 2741 744 2804 Et
772 2741 810 2802 ad
838 2742 918 2803 hanc
941 2741 1117 2802 illusorum
1143 2741 1268 2802 classem

163 2844 323 2924 pertinent
344 2844 479 2923 praelati
501 2846 540 2906 de
562 2843 739 2907 Palaestina
771 2843 917 2905 monachi
939 2861 1012 2904 cunt
1042 2852 1182 2918 anctore
1213 2840 1270 2921 epi·

161 2945 264 3008 stolae
286 2943 467 3007 Justiniann
489 2947 660 3024 inscriptae
682 2946 720 3008 de
740 2944 888 3025 Origenis
910 2945 1091 3017 erroribus,
1118 2947 1177 3023 qui
1191 2945 1268 3006 circa

162 3045 245 3108 hanc
265 3044 398 3109 Concilii
421 3043 458 3106 V.
481 3053 644 3122 aetatem,
667 3066 752 3127 qnae
773 3032 963 3127 ignoraha‘nt
993 3047 1269 3125 blasphemantes,

160 3163 197 3206 aa
220 3147 316 3207 nescii
337 3165 421 3226 quae
443 3146 483 3208 de
500 3147 724 3226 palinpencs'a'a
737 3168 794 3211 seu
815 3150 1056 3228 regeneratione
1075 3142 1125 3208 rel
1145 3146 1271 3209 restitu-

86 3246 93 3252 '
165 3245 251 3307 tinne
272 3254 444 3309 creaturae
465 3245 504 3307 ad
528 3248 698 3324 pristinum
732 3257 852 3311 statum
885 3248 916 3308 in
948 3248 1200 3309 resurrectionis
1227 3261 1273 3306 ae·

164 3365 226 3422 ro,
246 3348 341 3428 iuxta
364 3348 582 3426 evangelicam
605 3359 636 3410 et
658 3351 868 3429 apostolicam
897 3351 1075 3412 doctrinam
1098 3348 1140 3409 ab
1161 3346 1272 3425 Orige-

163 3464 205 3508 ne
225 3448 390 3526 sapienter
410 3447 569 3527 explicata
594 3448 735 3524 inerant,
754 3452 1004 3513 insurrexerunt
1018 3447 1177 3510 adversus
1193 3446 1271 3507 hunc

163 3547 268 3609 virum
288 3546 522 3622 orthodoxum,
538 3558 569 3610 et
585 3550 664 3611 alios
685 3552 752 3628 pios
768 3570 841 3612 cum
862 3569 901 3611 eo
917 3558 1004 3612 recte
1019 3549 1204 3620 sentientes,
1221 3546 1270 3607 has

161 3648 289 3711 easdem
310 3650 438 3724 stultas,
457 3669 540 3728 quae
553 3660 645 3713 antea
668 3670 684 3712 a
707 3649 877 3730 Theophili
892 3660 996 3713 aetate
1013 3650 1098 3729 apud
1114 3649 1267 3728 quasdam

161 3749 378 3824 invaluerant,
401 3751 588 3813 innovantes
620 3749 869 3826 criminationes,
893 3751 1127 3829 amplissimae
1153 3766 1203 3809 mc
1225 3764 1268 3808 rc·

163 3851 283 3914 lutatas
305 3851 335 3911 in
357 3848 460 3913 Tamo
486 3851 509 3910 l.

242 3951 481 4027 Quamobrem,
504 3953 530 4013 si
551 3952 583 4014 in
604 3950 733 4033 Synodo
757 3951 810 4016 ill:
835 3961 906 4032 post
928 3955 1113 4016 canonicam
1147 3952 1269 4014 damna·

163 4055 280 4115 tionem
304 4054 606 4130 monothelitarum,
630 4056 785 4117 adversus
807 4074 888 4136 quos
910 4053 1059 4138 Synodus
1082 4061 1267 4134 congregata

165 4160 223 4227 est,
247 4154 392 4217 nonnulli
419 4152 528 4218 Patres
550 4157 814 4231 interlocutores,
830 4165 888 4220 aut
900 4158 1097 4237 quaestionis
1118 4153 1269 4233 origenis·
