2886 4784
1235 120 1277 187 ⁸9
1348 140 1355 155 .

237 219 310 288 linc
331 221 475 289 studiosa
495 239 672 303 expensum
699 220 896 287 inanimati
926 224 1145 291 testimonium
1173 223 1276 286 maxi·

161 343 242 391 marn
266 323 397 387 vitiator
418 332 584 402 proestare
612 323 793 404 analogium
821 324 914 389 (liciis
929 324 1096 408 Anonymi
1119 327 1151 386 in
1172 322 1273 389 Libro

158 426 195 491 X.
220 446 252 490 c.
274 423 395 489 xittt.
415 427 610 505 pracsertim
633 427 687 487 ulti
709 436 864 489 notantur
878 427 943 489 tion
962 425 1057 490 Nocti
1078 428 1169 501 socii,
1193 445 1275 507 qun·

158 548 232 594 rum
254 530 390 590 nominis
406 528 496 591 nulla
520 527 556 589 iit
577 527 617 588 ab
639 528 710 589 aliis
727 529 887 590 historicis
903 531 1038 591 mantio:
1056 547 1160 608 quare
1175 528 1276 591 ambi·

157 632 247 710 gitur
268 647 345 691 num
367 626 592 690 Theodorctus
614 629 655 689 ab
677 628 860 712 Anonymn,
884 631 935 691 rel
958 634 1066 708 potios
1085 631 1276 712 anonymus

158 732 198 793 ab
220 751 263 794 cn
286 732 360 793 talia
383 730 599 808 descripserit.
622 728 740 793 Nostra
764 731 859 794 motio
882 733 976 793 vulda
991 732 1137 804 interest,
1154 742 1278 811 postre-

159 851 209 895 uttt
234 833 496 895 animadvertero
519 830 617 893 sorba
640 831 680 892 de
701 828 824 893 Callisti
848 850 996 911 persona:
1017 831 1113 895 Hune
1127 831 1279 895 haeresim

155 945 225 1014 post
246 930 379 997 Noetum
395 931 614 1012 proptepnnnit
639 929 816 995 Callistus:
832 933 889 1014 qni
908 942 936 996 et
956 934 1023 1012 ipse
1037 933 1193 1013 impietati
1205 937 1280 1015 dop-

157 1034 255 1099 tnntis
274 1035 493 1097 additamenta
515 1036 670 1113 quaedam
691 1033 816 1115 adjecit.
840 1035 933 1112 Quae
955 1035 1144 1119 Anonymus
1166 1042 1209 1099 ita
1235 1041 1278 1101 ci·
1302 1059 1306 1066 ·

158 1139 261 1201 iuvit:
285 1157 303 1196 <r
324 1133 420 1200 Hunc
440 1133 591 1199 haeresim
606 1136 807 1216 confirmavit
825 1135 989 1212 Callistus,
1005 1139 1098 1219 cnjus
1112 1138 1211 1202 citum
1227 1139 1280 1201 io-

157 1257 201 1302 an
220 1240 284 1318 lide
304 1240 380 1315 (sic)
402 1237 625 1317 exposuimusr
649 1237 706 1318 qni
725 1238 851 1319 quidem
872 1248 900 1301 et
921 1237 985 1318 ipse
1006 1240 1160 1303 haeresim
1184 1261 1277 1322 pene·

156 1338 256 1403 rncit.
281 1338 323 1403 Et
345 1341 418 1403 hinc
438 1342 616 1403 adversarii
638 1344 865 1404 existimarunt
883 1343 1022 1405 conscili
1038 1343 1133 1406 fidem
1150 1342 1276 1406 Callisti

159 1441 292 1521 Papae,
319 1460 357 1504 nc
387 1461 448 1505 unu
472 1442 617 1517 firmari,
641 1461 725 1523 quaa
748 1444 936 1526 anonymus
962 1446 1088 1524 scripsit
1115 1446 1155 1508 tln
1179 1446 1277 1525 hujus

160 1539 325 1605 Pontificio
346 1540 527 1605 erroribus.

237 1639 457 1706 Nihilominus
479 1643 540 1704 itoc
562 1645 661 1721 gratis
676 1642 845 1705 asseritur.
862 1640 894 1705 st
911 1641 1007 1707 Nocti
1025 1644 1166 1706 haeresis
1188 1663 1279 1708 mnu·

160 1743 202 1807 tio
224 1745 366 1807 innotuit
388 1753 460 1824 post
480 1743 539 1808 Cir.
561 1761 680 1805 annum
701 1736 786 1822 2t53
810 1751 841 1804 ci
862 1744 888 1805 si
912 1751 983 1820 posi
1008 1741 1150 1807 Nonium
1182 1744 1281 1808 Calli·

158 1853 229 1907 stus
250 1846 333 1907 ltunc
354 1846 571 1923 propugnavit
587 1846 759 1912 haeresim,
777 1844 848 1905 aliis
863 1844 996 1922 adjectis
1012 1845 1193 1907 erroribus:
1211 1864 1277 1924 quo

155 1944 234 2026 jura
255 1948 348 2009 istius
369 1944 493 2010 Callisti
510 1964 680 2025 personam
697 1964 770 2007 cnm
791 1944 853 2005 alia
869 1944 1068 2007 contundere
1085 1945 1180 2007 licent
1198 1947 1279 2009 Pon·

159 2047 266 2121 illicis,
285 2050 327 2109 ita
350 2056 386 2110 ut
408 2048 432 2108 is
454 2046 607 2112 Callistus
627 2048 756 2119 dicatur
778 2047 973 2120 hacreticus,
991 2064 1065 2107 cnm
1085 2047 1201 2109 obierit
1216 2048 1278 2111 solt

160 2166 212 2211 un.
235 2147 307 2215 222.
338 2156 371 2212 el
397 2150 481 2210 alter
511 2150 628 2210 citatus
653 2165 670 2208 a
697 2145 906 2210 Theodornio
941 2148 1060 2209 vixerit
1091 2157 1162 2228 post
1194 2146 1278 2211 Nnc·

161 2258 255 2324 turn,
278 2251 358 2313 idest
381 2257 451 2328 post
473 2267 524 2313 an.
546 2245 634 2317 245⁸?
658 2246 792 2311 Frustra
818 2266 896 2327 crgo
928 2248 1077 2310 laborant
1098 2250 1277 2312 adversarii

160 2352 325 2432 retugium
348 2360 542 2430 quaerentes
571 2370 587 2412 n
617 2347 823 2412 Theodorcto
850 2367 909 2427 pro
933 2351 1093 2432 Anonymi
1119 2353 1280 2413 narratio·

159 2475 202 2518 nn
222 2454 263 2516 dc
283 2452 417 2518 Callisto
441 2450 548 2531 Papa,
572 2470 646 2513 cum
671 2453 762 2514 istius
783 2459 871 2513 uetus
895 2451 989 2513 ralis
1009 2453 1106 2515 distet
1130 2454 1172 2514 ab
1198 2454 1278 2517 altc-

159 2573 199 2618 rn
220 2554 389 2616 noetianos
411 2552 581 2612 haerescos
602 2550 784 2612 defensore.
801 2548 843 2612 Et
856 2551 950 2631 cujus
973 2552 1097 2629 privata
1119 2553 1272 2627 conditio,

160 2656 254 2719 nullo
276 2655 308 2716 in
331 2651 472 2715 Ecclesia
497 2653 601 2730 gradu
623 2651 791 2722 distincta,
814 2652 978 2713 indicatur
1003 2660 1066 2714 tam
1091 2669 1108 2712 a
1130 2650 1278 2716 Thnotlo·

160 2762 235 2819 roto
256 2771 354 2835 quam
376 2755 407 2814 in
429 2751 575 2816 Concilio
599 2749 756 2823 Romano,
780 2752 819 2813 dc
840 2770 907 2831 qno
929 2751 1029 2813 iniras

243 2855 292 2918 Ac
305 2855 433 2916 interim
449 2853 488 2914 tio
506 2853 647 2931 eoquod
664 2853 710 2913 ait
728 2853 915 2934 anonymus
937 2851 1109 2914 Callistum
1127 2870 1167 2915 cx
1181 2851 1278 2916 Nocti

159 2968 193 3024 ci
206 2955 368 3020 Theodoti
389 2955 574 3018 commixtis
595 2956 798 3034 opinionibus
820 2954 916 3014 aliam
936 2956 1151 3016 recentiorcui
1166 2956 1279 3017 haerc-

160 3062 222 3124 sitn
244 3058 460 3130 constituisse,
483 3063 516 3118 ol
536 3054 575 3117 nti
598 3055 799 3134 explananda
816 3053 1015 3118 Theodoreti
1034 3056 1134 3116 verbu
1155 3055 1195 3117 tin
1217 3057 1280 3119 hoc

161 3160 298 3226 Callisto
320 3158 496 3231 haeretico,
512 3158 692 3220 benovertit
713 3158 880 3218 decretum
906 3154 1040 3220 Consilii
1065 3154 1199 3218 [inmani
1218 3156 1280 3218 sult

161 3261 333 3345 sylvestro
365 3257 473 3338 Papa,
496 3260 535 3321 dc
559 3278 627 3340 quo
649 3256 807 3320 Batonius
828 3258 889 3319 snb
910 3276 961 3319 an.
982 3254 1053 3326 titt.
1078 3246 1111 3318 n.‘
1131 3254 1201 3321 127.
1226 3257 1281 3319 nit

111 3385 115 3392 ·
161 3363 273 3423 enim:
296 3379 313 3418 r
335 3359 366 3420 in
383 3359 506 3436 primas
526 3359 667 3420 Actionis
689 3359 826 3420 exordio
849 3358 1018 3420 damnatos
1044 3357 1142 3421 inisse
1158 3356 1280 3438 Hippo·

160 3463 271 3546 lytnm
293 3459 465 3521 diaconum
490 3459 724 3521 valentinianae
746 3459 917 3521 haerescos
938 3467 1160 3533 sectatorem,
1184 3459 1282 3522 Calli·

162 3574 251 3627 stum
274 3559 406 3622 Subsilii
429 3562 554 3622 haeresi
576 3561 791 3635 maculatum,
813 3568 845 3623 ct
869 3558 1071 3622 Victorinum
1094 3561 1281 3639 episcopum

164 3677 227 3727 cto.
246 3682 262 3720 a
280 3661 359 3724 ltsm
382 3663 422 3724 tic
443 3681 482 3724 so
504 3660 636 3725 Callisto
651 3662 778 3723 -mcntio
800 3661 909 3740 agitur
924 3662 954 3722 in
970 3660 1035 3722 alio
1050 3659 1195 3724 Concilio
1219 3661 1280 3723 snit

165 3763 298 3828 Gelasio
324 3761 407 3843 Papa
429 3780 481 3824 an.
504 3756 574 3827 itti.
598 3763 682 3824 inter
703 3762 882 3824 haereticos
895 3761 989 3842 juxta
1006 3760 1119 3822 astatis
1134 3759 1281 3822 ordinem

164 3864 359 3942 descriptos:
371 3884 387 3923 n
397 3862 440 3927 lli
453 3870 529 3927 suni
543 3861 651 3927 Simon
668 3881 791 3942 magus,
805 3859 982 3927 Nicoluus.
1002 3907 1009 3921 .
1028 3905 1035 3921 .
1054 3904 1061 3922 .
1075 3858 1278 3933 Valentinus,

165 3965 395 4054 manichaeus,
418 3961 559 4031 inustus
579 3963 753 4043 airictnus,
776 3963 950 4033 Sanstttns,
976 3962 1099 4038 Arios,
1129 3959 1280 4025 llacsdn·
