2886 4784
261 466 391 539 dieuter,
413 446 498 544 qood
518 469 561 522 est
583 477 683 523 onum
704 460 773 522 sico
794 456 956 541 conjugio,
980 457 1302 541 atrocioremque
1320 463 1392 544 sus·

259 567 378 647 ficiens,
402 582 562 635 memores,
584 582 665 644 quoe
685 560 752 639 ipsi
773 562 896 634 doceat,
919 560 1059 625 dicemus
1080 567 1142 626 elc.
1166 580 1183 621 ιι

340 665 447 746 Siquis
461 672 571 728 autem
590 664 798 743 Anonymum
816 664 982 727 vocaverit
999 668 1205 742 panteistom,
1221 664 1390 745 numquid

261 764 415 829 errabit?
436 781 652 845 nequaqnam.
677 761 712 825 ln
735 761 833 825 Libro
856 761 910 826 lV.
936 783 963 826 c.
990 762 1027 825 V.
1051 783 1081 826 ιι.
1104 765 1135 829 1.
1159 783 1303 843 arguens
1319 767 1388 843 pri·

261 887 333 931 scos
355 867 578 947 philosophiae
600 872 632 927 et
655 864 837 944 theologiae
858 868 1041 943 magistros,
1065 866 1121 944 qni
1143 865 1276 928 dolien
1301 866 1388 927 vari·

260 970 354 1033 mode
376 969 600 1048 disputarunt,
623 967 752 1029 subdit:
776 966 838 1032 Nec
860 976 964 1031 tameo
984 969 1042 1029 boc
1063 967 1254 1031 universum
1277 968 1386 1029 decla·

259 1077 376 1133 roraret
391 1067 491 1130 Deum
505 1084 580 1140 esso,
596 1066 638 1127 ita
661 1066 795 1129 innuens
816 1085 849 1130 se
872 1067 935 1130 illis
957 1068 1142 1143 convenire,
1161 1074 1266 1130 totum
1289 1085 1385 1131 crea·

262 1180 330 1235 tum
355 1168 460 1231 Deum
483 1186 551 1231 esse
573 1167 771 1247 putantibus.

337 1267 470 1342 Deinde,
484 1267 640 1346 numquid
657 1267 867 1329 christianum
883 1269 1050 1345 negaveris
1067 1266 1155 1330 Libri
1169 1266 1381 1332 Auctorem?

258 1371 351 1433 nullo
374 1368 480 1432 modo.
505 1368 554 1430 Ab
577 1369 666 1430 initio
688 1386 828 1447 namquo
848 1387 882 1431 se
904 1367 1069 1431 Ecclesiae
1090 1370 1281 1448 episcopum
1301 1387 1385 1432 nun·

251 1479 369 1550 capnt,
392 1471 625 1550 Apostolorum
646 1488 879 1547 successorem,
902 1480 934 1534 et
954 1489 1069 1534 eorum
1097 1472 1279 1534 ministerio
1305 1471 1378 1533 iun·

262 1580 363 1634 ctum.

337 1669 369 1733 Si
395 1687 472 1733 cero
495 1671 666 1733 novatiano
689 1671 818 1734 cuidam
840 1670 901 1734 hoo
921 1671 1075 1734 inscribas
1096 1669 1201 1747 Opus,
1222 1669 1381 1732 illusione

257 1771 425 1851 capieris?
447 1770 596 1835 Proiecto
621 1772 676 1835 tibi
699 1771 825 1846 adstet,
850 1779 885 1835 ut
914 1772 991 1852 jure
1022 1771 1084 1834 hoc
1116 1789 1321 1849 praesumas.
1346 1768 1380 1832 ln

256 1871 361 1934 Libro
381 1870 437 1934 tx.
462 1891 489 1934 c.
514 1871 554 1934 ll.
579 1890 608 1934 n.
632 1870 682 1936 12.
707 1871 877 1935 Callistum
902 1870 1021 1953 Papam
1044 1873 1191 1950 corripit,
1216 1872 1316 1935 istius
1337 1874 1384 1935 in-

258 1971 456 2051 dulgentiam
480 1991 556 2053 erga
579 1981 765 2053 peccatores
790 1972 922 2049 relellit,
939 1973 1035 2052 eique
1050 1971 1195 2045 insultat,
1212 1973 1299 2050 quod
1310 1991 1380 2051 pec·

258 2082 380 2136 catores
400 2072 512 2135 civerit
531 2073 566 2137 ιἰι
589 2072 732 2137 Ecclesia
752 2091 889 2136 mouere.

265 2191 268 2195 ’
337 2176 368 2240 st
392 2177 463 2255 quis
484 2175 580 2238 aliter
602 2177 686 2238 inter
707 2176 834 2238 arianos
856 2173 1063 2254 Anonymum
1085 2174 1262 2247 censuerit,
1294 2173 1381 2237 lorto

256 2271 446 2337 illudetur?
467 2292 685 2358 nequaquam.
710 2275 779 2336 Arii
801 2293 939 2353 namque
965 2273 1159 2350 impietatem
1186 2272 1377 2353 participat,

257 2373 333 2436 dum
356 2376 483 2454 inquit,
506 2375 648 2436 omnium
671 2372 839 2436 Hominum
860 2372 1001 2454 potuisse
1028 2371 1184 2434 homiaem
1202 2369 1310 2434 Deum
1330 2374 1380 2452 fo·

259 2492 325 2535 cere
338 2517 347 2551 ,
371 2472 467 2536 sicuti
495 2472 620 2537 Verbum
642 2493 661 2534 o
684 2473 779 2536 Patro
799 2476 918 2554 factum
941 2482 984 2533 ost
1006 2470 1108 2546 Deus,
1135 2474 1178 2534 ita
1210 2469 1270 2533 Dei
1300 2470 1382 2534 Ver·

256 2575 332 2635 bum
357 2583 556 2651 creaturam,
574 2583 604 2638 el
622 2576 650 2637 in
669 2584 814 2654 tempore
831 2576 961 2648 iactam,
981 2572 1256 2651 quemadmodum
1274 2573 1380 2637 Adam

259 2692 277 2737 a
300 2673 369 2737 lieo
392 2682 521 2739 creatus
543 2686 603 2753 est,
627 2677 755 2740 docens.
1190 2729 1194 2735 .

343 2773 492 2838 Fortasse
515 2778 701 2858 pelagianus
723 2778 853 2858 quidam
878 2776 975 2856 hujus
996 2774 1085 2837 Libri
1108 2782 1226 2838 auctor
1248 2775 1379 2840 luerit'i

257 2873 361 2938 Valde
383 2877 496 2956 utiquo
518 2880 746 2959 suspicandum
770 2889 828 2941 est:
852 2878 933 2942 Nam
958 2880 987 2938 in
1009 2877 1071 2938 line
1094 2874 1182 2938 Libri
1202 2874 1243 2938 X.
1268 2895 1302 2939 n.
1326 2875 1376 2948 34.

178 3059 180 3061 ,
256 2984 369 3057 gentes
392 2979 562 3054 hortatus,
586 2989 646 3055 ut,
670 2983 742 3060 quis
765 2984 804 3042 sit
828 2978 934 3054 Deus,
961 2988 994 3042 et
1025 2979 1196 3040 creationis
1225 2978 1373 3041 ordinem

257 3090 463 3159 cognoscant,
481 3082 623 3158 praemia
646 3081 718 3142 ideo
739 3081 801 3142 illis
823 3081 958 3160 spondet
980 3081 1010 3140 in
1034 3081 1141 3149 terris,
1160 3076 1217 3140 Dei
1235 3077 1375 3139 familia·

260 3181 402 3255 ritatem,
421 3180 538 3245 Christi
557 3182 842 3253 cohaereditatem,
860 3191 891 3241 et
913 3200 929 3242 a
953 3181 1194 3259 cupiditatibus,
1220 3180 1374 3256 passioni·

257 3280 318 3343 bos
340 3281 574 3344 immunitatem
598 3287 630 3342 et
651 3297 668 3340 a
691 3280 821 3341 morbis.
839 3277 915 3340 Eris
930 3277 1046 3340 similis
1061 3277 1144 3340 Deo:
1159 3273 1299 3368 γέγονας
1315 3271 1379 3370 perp*

132 3404 136 3409 ’
254 3373 457 3464 Θεός’[αιιιιι
479 3401 510 3443 es
531 3382 613 3443 roim
634 3379 727 3442 Deus.

339 3485 533 3555 Novissime,
554 3502 643 3558 num,
667 3486 691 3544 si
714 3487 798 3546 inter
819 3484 1039 3547 schismaticos
1061 3485 1289 3547 numeraveris
1311 3485 1377 3547 hu·

256 3596 380 3651 ctorem
404 3593 575 3656 nostrum,
598 3585 715 3663 aliquis
739 3587 794 3647 tibi
817 3583 1003 3647 obstiterit?
1026 3583 1139 3646 Nemo.
1163 3582 1266 3646 Totus
1289 3587 1377 3649 enim

257 3687 349 3752 istius
371 3685 465 3748 labor
487 3687 516 3747 in
539 3685 672 3747 historia
696 3684 867 3768 zephyrini
891 3695 922 3746 et
944 3686 1066 3748 Callisti
1090 3686 1311 3761 patentissime
1332 3689 1379 3748 io·

256 3787 354 3861 dicat,
376 3786 543 3865 quomodo
566 3785 645 3848 binis
666 3784 830 3849 Ecclesiae
852 3785 1017 3848 Romanae
1032 3783 1237 3849 Antistitibus
1258 3787 1377 3848 adver·

255 3894 345 3952 satus
367 3886 429 3963 sit3
453 3893 641 3966 quantoque
666 3887 773 3950 studio
802 3887 936 3951 illorum
965 3885 1171 3950 labefactarit
1198 3889 1378 3950 auctorite·

254 3999 333 4064 tem,
357 3987 451 4067 plura
473 3987 629 4052 adversus
652 4006 706 4051 eos
729 3996 962 4053 commentatus
979 3988 1075 4065 laisa,
1092 3994 1124 4051 et
1138 3989 1302 4051 sanctitati
1327 4008 1381 4053 eo·

254 4088 409 4150 rumdam
432 4088 524 4151 valde
547 4088 709 4152 indecora.
1134 4082 1140 4091 ”

333 4186 458 4264 Quibus
480 4190 602 4269 positis,
627 4189 767 4268 nudique
790 4196 889 4269 patet,
913 4207 970 4251 uec
998 4191 1033 4252 in
1062 4189 1263 4269 philosophia
1291 4188 1379 4254 hoo-
