2886 4784
1121 364 1180 437 litt

62 472 173 554 quoad
197 467 293 535 Noeti
315 478 452 533 aetatem
475 468 596 533 nullius
620 469 771 532 momenti
801 465 837 531 ht
866 470 1045 532 auctoritas
1072 466 1183 533 libelli

64 572 214 654 mendici
232 575 265 634 in
290 591 319 634 c.
341 569 413 635 XX.
436 572 491 634 uhi
518 572 639 651 legitur
660 572 692 632 in
713 569 844 654 Synodo
875 568 1020 633 Romana
1051 572 1181 634 damna·

66 685 118 737 tus
142 673 242 737 luisse
265 671 389 736 Nestus
411 688 427 731 a
453 670 536 749 l'apa
561 669 704 733 Victore.
739 669 833 744 Quod
865 672 1032 748 praeclare
1059 675 1183 735 notavit

67 772 240 837 Fabricius
261 772 350 852 apud
373 769 581 836 Gallandium
604 772 635 831 iu
658 767 858 833 Bibliotheca
883 771 955 847 (see.
980 770 1053 848 lit.)
1076 774 1182 835 diceus

67 875 131 938 hoe
155 893 219 937 non
242 874 308 954 pati
332 875 485 953 temporis
508 874 679 945 rationem,
702 879 734 933 et
756 871 811 933 nbi
832 872 920 934 addit
941 883 972 934 et
993 872 1057 935 alia
1082 874 1185 937 centi-

67 977 137 1039 neri
164 977 195 1037 in
218 975 276 1038 illu
299 973 424 1038 Libello
447 993 562 1052 parum
585 982 739 1035 accurate
762 973 888 1035 tradita.

157 1076 309 1138 Attamen
344 1074 528 1139 celebratus
560 1071 750 1137 Gallaodins
776 1076 806 1136 in
832 1070 924 1134 Tomi
948 1072 1005 1134 tlt.
1031 1072 1184 1154 Protege-

69 1178 172 1240 menis
194 1177 365 1238 adstruere
387 1178 502 1238 nititur
523 1171 700 1237 Sabellium
724 1171 818 1236 Noeti
840 1173 1036 1253 discipulum
1068 1175 1185 1238 vixisse

70 1281 158 1341 eirca
183 1295 302 1339 annum
322 1273 395 1342 220.
419 1275 554 1356 proinde
575 1275 669 1336 instat
687 1271 831 1354 Dionysii
853 1274 1029 1351 explanans
1045 1277 1187 1339 testimo·

67 1379 182 1441 nium:
208 1397 225 1436 a
247 1373 384 1451 Verum,
400 1377 518 1455 inquit,
536 1393 598 1436 non
615 1377 660 1436 ait
677 1373 854 1453 Episcopus
869 1374 1099 1439 alexandrinus
1113 1393 1184 1439 eam

67 1476 251 1540 doctrinam
281 1475 322 1538 ab
343 1476 412 1556 ipso
432 1473 577 1536 Sabellio
608 1474 706 1537 inisse
727 1493 832 1553 nuper
853 1475 940 1554 apud
973 1477 1187 1555 ptolomenses
1320 1475 1323 1480 ’

67 1578 251 1639 innectam:
274 1575 453 1654 quinimmo
475 1573 650 1647 Eusebius,
666 1574 721 1652 qui
737 1572 880 1657 Dionysii
901 1575 1042 1653 episcopi
1059 1593 1138 1655 prae
1151 1594 1188 1637 o·

69 1676 153 1739 culis
175 1674 315 1739 babebat
329 1676 486 1754 integram
503 1672 686 1752 epistolam,
703 1671 919 1752 fragmentum
936 1674 1016 1735 illud
1034 1676 1184 1752 recitans,

67 1776 205 1839 disserte
221 1784 360 1839 testator
370 1773 561 1856 Dionysium
575 1767 645 1868 περὶ
657 1773 719 1840 τῶν
731 1763 815 1840 κατά
825 1770 1007 1865 §apellet
1020 1771 1190 1875 cipetum
1214 1853 1222 1863 ‚

68 1886 108 1948 de
131 1885 319 1948 sabellianis
347 1886 518 1948 haereticis
542 1904 723 1948 sermonem
752 1886 900 1948 habuisse
913 1907 926 1964 3
954 1896 986 1949 et
1016 1897 1188 1967 propterea

70 1985 216 2069 Dionysii
241 1987 338 2049 verba
362 1987 468 2067 potins
489 1987 719 2064 sectatoribus,
742 1989 799 2066 qni
822 1996 898 2049 tnnc
915 1990 1068 2065 temporis
1082 1991 1187 2054 incre·

70 2087 275 2160 breseebant,
298 2105 395 2165 quam
418 2087 458 2149 de
478 2088 548 2165 ipso
569 2085 711 2150 Sabellio
733 2087 916 2166 accipienda
939 2096 1024 2150 sunt.
1048 2108 1065 2146 s

154 2185 262 2250 Verba
286 2206 386 2269 porro
408 2187 539 2251 Eusebii
563 2191 593 2251 in
615 2186 715 2251 Libro
738 2186 792 2250 vt.
815 2206 844 2249 c.
869 2184 907 2247 tt.
932 2189 974 2250 ita
996 2208 1037 2251 ex
1070 2205 1188 2267 praeca

69 2294 210 2352 sanauit
234 2309 250 2346 s
274 2286 430 2367 Deinceps
451 2290 483 2350 in
504 2288 617 2350 eadem
639 2288 774 2365 epistola
795 2289 834 2351 de
857 2290 1059 2350 haeretieisa
1079 2289 1189 2353 Sabel-

70 2391 116 2453 lio
136 2387 308 2451 sabelliani
323 2390 428 2462 dictis,
445 2401 521 2452 tunc
540 2385 801 2472 ἕπιπολαζόντων
822 2387 1042 2469 emarpeutibas
1057 2390 1190 2452 mentio-

72 2512 145 2556 nem
171 2493 247 2554 iacit
270 2494 330 2555 hoc
354 2503 469 2570 paeto:
492 2494 643 2571 queniam
663 2496 699 2556 de
712 2491 832 2556 erroris
848 2496 1004 2573 deputate,
1024 2491 1193 2556 Plelctnai·

72 2594 111 2654 de
134 2591 319 2671 Pentapolis
339 2592 396 2660 νῦν
419 2590 607 2674 κινηθέντος
627 2613 715 2656 naue
735 2593 876 2672 incepto,
906 2594 990 2674 qnod
1006 2593 1104 2671 plane
1133 2591 1192 2655 im·

69 2697 162 2777 pium
183 2706 237 2758 ssi.
260 2707 320 2760 ete.
345 2717 361 2754 ν
389 2697 421 2758 ln
440 2700 492 2761 his
513 2697 674 2760 Eusebius
692 2699 857 2760 historiam
875 2699 973 2778 huins
987 2699 1101 2760 aetatis
1116 2715 1192 2762 can-

72 2806 196 2869 texens,
215 2796 331 2874 inquit,
355 2805 443 2870 tunc,
463 2815 575 2874 nempe
596 2797 658 2860 sub
680 2795 832 2880 Dionysio
854 2799 1032 2870 emersisse,
1051 2799 1107 2878 qui
1128 2816 1191 2861 suo

74 2904 234 2975 tempore,
258 2894 339 2957 idest
361 2893 505 2969 Eusebii,
523 2897 717 2960 dicebantur
737 2894 937 2960 sabellianis
954 2894 1114 2960 Sabellio:
1130 2915 1194 2962 neu

73 3013 152 3058 vero
175 2995 254 3057 dicit
275 2995 454 3058 Sabellinm
478 2997 653 3077 aliquando
675 3007 749 3059 aute
783 2997 972 3080 Dionysium
1007 3000 1124 3061 vixisse
1155 3017 1193 3062 ac

73 3095 189 3157 deinde
211 3096 299 3158 illius
320 3098 493 3176 discipulos
514 3099 682 3160 emersisse
697 3117 797 3160 annos
813 3099 943 3160 circiter
958 3101 1189 3178 quinquaginta

73 3206 155 3275 post.
172 3193 404 3260 Verumtamen
428 3217 490 3261 uon
513 3198 666 3273 Eusebio,
688 3201 743 3261 sed
766 3208 797 3260 et
821 3201 927 3277 potius
952 3196 1094 3282 Dionysii
1121 3209 1190 3261 tum

76 3297 213 3359 visentis
234 3297 326 3359 dietis
348 3298 576 3362 attendendum
598 3309 668 3374 est,
693 3318 794 3378 quum
819 3301 988 3376 perspicue
1011 3300 1130 3362 iudicat
1152 3299 1190 3361 iis

72 3398 188 3459 diebus
210 3396 254 3457 ob
279 3398 394 3460 oculos
423 3417 499 3459 snos
530 3400 685 3478 incepisse
713 3399 891 3461 Sabellium
922 3399 1051 3476 impiam
1081 3398 1194 3461 iaude-

74 3516 109 3560 re
130 3497 325 3560 doctrinam.
344 3496 384 3561 Et
400 3499 531 3577 qnidam
555 3517 665 3560 vocem
687 3496 840 3588 κινέομαι
863 3517 958 3578 saepe
979 3509 1117 3577 usurpat
1138 3497 1194 3562 tlt-

72 3605 215 3665 stericns
236 3601 276 3663 de
296 3602 438 3682 alicujus
461 3605 507 3666 rei
531 3605 641 3682 initi03
658 3611 690 3664 et
706 3605 897 3681 praesertim
916 3607 969 3666 ubi
985 3604 1134 3683 loquitur
1155 3605 1195 3666 de

76 3699 268 3763 haeresibus
288 3709 320 3763 et
341 3702 412 3764 aliis
434 3703 678 3781 quaestionibus
700 3703 730 3765 in
755 3701 898 3765 Ecclesia
922 3705 1013 3765 ortis.
1038 3703 1071 3764 ln
1094 3701 1195 3764 Libro

77 3797 114 3860 V.
138 3819 166 3862 c.
190 3797 312 3863 xxttt.
335 3801 454 3863 eisdem
478 3803 677 3882 temporibus
693 3804 807 3866 scribit
823 3822 955 3882 gravem
971 3804 1194 3883 quaestionem

77 3897 337 3980 ἀνααινηθέισην
357 3911 520 3977 exortam,
535 3903 619 3966 eirea
634 3905 758 3966 seilicet
774 3902 918 3966 Paschae
932 3902 1195 3971 celebrationem.

83 4001 122 4066 Et
141 4006 174 4066 in
196 4004 266 4083 ipso
288 4002 386 4068 Libro
410 4005 479 4069 Vll.
502 4026 530 4071 o.
555 4008 594 4071 ll.
617 4011 714 4073 aitad
730 4010 929 4087 Stephanum
954 4004 1072 4083 Papam
1093 4004 1194 4084 scrip·

85 4105 157 4167 sisse
177 4104 370 4188 Dionysium
393 4109 561 4186 epistolam
580 4154 590 4183 ‚
612 4113 834 4174 controversia
856 4127 918 4171 uon
942 4106 1096 4169 mediocri
1119 4115 1197 4167 tunc

88 4198 332 4288 ἀνακινηθέντος
352 4225 468 4279 exerta
484 4215 523 4277 de
545 4212 691 4292 baptismi
715 4211 931 4274 innotatione.
949 4207 981 4272 st
1000 4209 1083 4269 euim
1099 4205 1193 4284 Juxta
