2886 4784
1228 421 1268 489 55

146 541 226 586 eum
248 521 281 584 ui
301 517 483 595 dissolutis,
504 537 627 582 summu
644 536 714 599 pus
734 530 761 583 ct
782 538 901 602 mopnu
921 521 1144 605 tranquillitas
1159 523 1279 588 inlic-⁴
1336 554 1338 560 ·

144 627 245 689 clusio
268 622 327 688 nei
346 633 512 687 consecuto
532 631 589 685 est.
614 619 655 685 Et
677 623 776 703 paulo
799 633 891 703 posta
920 621 998 688 Cum
1020 623 1175 705 ipiturec·
1189 645 1268 706 quu-

145 736 221 791 tuor
238 736 404 808 postorum
424 722 620 797 concordio,
642 735 786 809 rectoque
808 744 903 790 senato
923 728 1045 806 suctum
1066 737 1143 790 esset
1169 725 1270 815 celuts‘

146 849 249 893 unum
269 828 352 892 coila
372 838 433 891 etc.
458 827 492 891 lu
515 829 563 890 bis
591 827 696 890 verbis
729 829 781 891 ubi
814 829 995 893 discordiae
1027 832 1188 908 daemon,
1213 832 1267 894 ubi

148 929 436 1005 contradictiones,
460 931 513 994 ubi
537 932 812 1006 comminationes,
830 933 884 995 ubi
902 932 1065 1008 violentie,
1084 934 1137 995 nbi
1153 951 1267 996 carcer

150 1035 206 1098 ubi
229 1034 427 1117 periurium,
451 1033 505 1096 ubi
527 1033 715 1108 simulatio,
738 1035 792 1096 nbi
815 1034 1024 1110 scandalum,
1046 1044 1144 1112 prout
1164 1035 1268 1116 jactat

149 1137 432 1199 schismaticorum
455 1131 619 1213 perfidia?
640 1131 708 1199 Nec
728 1135 825 1197 aliter
848 1136 889 1199 ab
912 1134 1083 1200 Eustatbic
1098 1148 1270 1216 expectan-

149 1241 228 1302 dam
251 1245 345 1310 erat,
368 1256 441 1302 cunr
465 1237 535 1319 ejus
565 1237 782 1300 testimonium
814 1238 853 1299 de
885 1237 1006 1322 Synodi
1034 1241 1206 1303 concordia
1236 1239 1266 1302 iu

149 1339 338 1402 damnandis
362 1339 464 1402 tribus
486 1338 644 1420 Cepitulis
667 1346 820 1402 consonat
843 1341 935 1403 dictis
960 1338 1066 1421 viguit
1089 1343 1121 1402 ln
1143 1339 1265 1407 Consti·

153 1453 223 1506 tuto
246 1443 421 1505 novissimo
443 1439 500 1519 (1).

198 1623 202 1636 ¹
230 1540 403 1606 Praeterea
424 1553 535 1606 contra
559 1550 797 1623 praesumptam
821 1539 928 1623 ‚Vigilii
961 1545 1204 1610 instabilitatem
1233 1548 1264 1610 iu

149 1646 212 1708 bac
232 1645 421 1726 quaestione
442 1630 473 1708 et
495 1644 688 1708 discordiam
711 1662 785 1707 cnm
807 1643 1009 1720 lastiniam,
1032 1654 1065 1709 et
1087 1648 1184 1729 bajus
1209 1650 1266 1712 mi·
1333 1719 1337 1726 ⁸

148 1757 260 1811 asset
284 1747 468 1810 uiolentiam
491 1749 521 1812 in
544 1749 684 1813 alterum
711 1756 746 1811 ut
770 1748 905 1812 illorum
935 1747 1163 1827 capitulorum
1190 1754 1268 1816 sub·
1324 1791 1325 1794 =
1391 1731 1395 1738 ¹
1431 1785 1434 1790 -

148 1851 308 1914 scriberet
328 1850 535 1925 anathemati,
560 1860 655 1931 prout
677 1851 798 1930 legitur
819 1852 849 1913 in
872 1851 1025 1930 praelatis
1048 1853 1266 1931 documentis,

149 1951 239 2014 aliud
261 1951 416 2014 audiatur
438 1951 655 2015 testimonium
678 1947 816 2014 Victoris
831 1960 863 2014 at
877 1946 1032 2015 Facundi.
1050 1949 1202 2028 Quorum
1218 1963 1265 2016 et·

149 2055 174 2114 si
195 2055 229 2115 lu
251 2053 444 2132 quibusdam
468 2052 610 2114 refutavi
631 2052 728 2128 dicta,
751 2053 782 2114 in
805 2053 865 2114 boc
888 2063 992 2116 tamen
1014 2054 1100 2133 qnod
1128 2056 1267 2119 vertitur

147 2156 188 2215 ‹le
211 2154 374 2218 Pontificis
408 2155 616 2218 inconstantia
650 2163 683 2217 et
712 2154 782 2235 ejus
812 2155 955 2219 dissensu
990 2174 1064 2219 cnm
1096 2154 1265 2235 Principe,

147 2257 269 2319 eisdem
291 2275 423 2345 annno,
445 2267 478 2320 et
497 2258 650 2321 lubenter
671 2257 807 2319 illoram
829 2259 952 2336 accipio
974 2266 1006 2321 at
1029 2259 1132 2338 probe
1155 2258 1267 2321 testib-

147 2361 313 2421 caticnes:
335 2368 367 2420 et
389 2367 502 2437 utpote
520 2358 613 2420 tales
646 2358 850 2435 accipiendae
872 2365 957 2421 sunt.
981 2357 1062 2423 Cum
1089 2362 1173 2423 enirn
1198 2361 1266 2422 val·

147 2461 188 2522 de
208 2462 256 2522 eis
278 2459 452 2539 profuisset
475 2461 531 2524 bas
554 2460 745 2523 orthodoxis
767 2460 910 2541 objicere
942 2462 1223 2537 circumstantias,
1245 2463 1267 2526 li

147 2571 256 2625 tamen
278 2564 396 2627 nedum
419 2563 681 2642 praeterierunt,
703 2563 757 2624 sed
781 2563 914 2642 prorsus
936 2566 1058 2627 mentiti
1082 2572 1167 2637 sunt,
1195 2582 1265 2642 spe·

145 2663 262 2724 cialem
285 2682 325 2726 ex
348 2664 498 2737 adverso,
522 2672 593 2742 post
613 2663 833 2741 subscriptum
848 2665 1030 2736 anathema,
1049 2675 1195 2727 notantes
1213 2664 1267 2727 Vi·

147 2766 215 2844 gttit
238 2765 477 2845 pervicaciam,
501 2767 579 2844 quin
600 2765 640 2826 ab
666 2765 736 2845 ejus
767 2768 911 2845 ingressu
938 2768 967 2828 in
993 2764 1113 2830 Urbem
1144 2767 1265 2846 regiam

145 2881 254 2946 usquc
275 2866 314 2928 ad
337 2866 475 2942 ebitum,
497 2869 740 2935 tormentaret
762 2875 819 2930 aut
843 2875 1049 2931 retractaret.

229 2965 356 3046 Reapse
378 2965 551 3031 Facundus
572 2969 603 3029 in
624 2968 759 3048 epistola
783 2986 841 3047 prc
867 2968 971 3031 tribus
993 2968 1152 3047 Capitulis
1167 2973 1268 3047 scrip·

147 3080 178 3132 ta
199 3079 276 3151 post
296 3070 454 3153 synodum
478 3067 516 3132 V'.
543 3071 596 3133 ubi
620 3071 845 3134 confirmatum
868 3079 914 3133 est
937 3069 1125 3133 tunicatum
1151 3080 1264 3133 contra

143 3171 273 3244 radan,
297 3170 363 3232 duo
386 3179 474 3232 notat
496 3171 775 3233 animadversione
790 3172 895 3249 digna.
913 3168 1018 3232 Unum
1035 3171 1192 3232 adversus
1206 3168 1264 3229 ‘Vi-

143 3274 274 3351 gilinm,
301 3270 466 3350 Pelagium
491 3268 514 3332 1.
538 3279 570 3334 et
595 3272 794 3352 Principem,
824 3290 906 3352 qnos
922 3271 1165 3351 acephalorum
1192 3289 1267 3334 con·

143 3386 253 3438 sortes
274 3383 439 3452 nuncupat
452 3394 462 3451 3
485 3383 516 3436 ct
539 3374 704 3450 alterum,
728 3375 783 3437 nbi
806 3376 952 3439 breviter
977 3383 1136 3438 memorat
1160 3371 1267 3453 Vtgtltt

218 3641 257 3714 (1)
271 3639 431 3699 Phocaeis
442 3641 551 3698 Libello
562 3643 598 3700 de
610 3642 718 3716 Spiritu
731 3642 847 3711 Sancte,
860 3641 1015 3711 Pontifices,
1025 3640 1180 3715 appellans,
1195 3659 1266 3715 qnos

143 3750 214 3790 snae
232 3732 376 3791 doctrinae
392 3733 483 3792 farere
504 3741 593 3809 putat,
618 3735 783 3803 Damasum,
805 3736 1006 3804 coelestinum,
1026 3734 1159 3803 Leonem,
1179 3734 1267 3808 Vigi-

140 3825 234 3895 lium,
255 3824 290 3882 de
307 3826 363 3882 istc
384 3827 481 3884 scribit
494 3847 500 3883 :
518 3851 531 3880 a
546 3827 727 3887 considerate
740 3830 825 3886 etiam
836 3829 919 3889 Sedis
932 3812 1135 3898 successorem,
1147 3845 1203 3884 nen
1216 3827 1267 3884 mi-

143 3920 207 3976 nori
226 3918 319 3994 gloria
340 3919 523 4003 fulgentem,
543 3920 684 3998 Vigilium
709 3922 839 3981 inclitum
850 3945 857 3992 ;
878 3924 927 3997 qui
954 3929 983 3979 et
1008 3923 1070 3997 ipse
1097 3921 1214 3997 Synodo
1232 3918 1268 3976 V.

143 4009 279 4083 praefuit,
300 4029 373 4086 quae
392 4012 585 4072 oecumenicis
599 4012 762 4090 sanctisque
780 4015 899 4074 decretis
918 4015 1025 4073 claruit.
1039 4013 1094 4072 Hic
1106 4031 1159 4071 ceu
1170 4013 1269 4089 regula

144 4102 327 4178 inculpabilis
355 4096 440 4163 rectis
461 4094 522 4182 ejus
544 4106 653 4182 synodi
675 4109 822 4166 sententiis
846 4126 1002 4167 consonans
1025 4114 1078 4165 etc.
1100 4131 1117 4163 s
1136 4106 1268 4165 confero

144 4195 269 4282 Tomnm
288 4196 313 4254 1.
332 4197 427 4258 Norae
453 4200 634 4261 collectionis
653 4208 778 4289 ueterum
800 4202 915 4262 Petrum
938 4220 988 4279 per
1012 4201 1094 4261 Gard.
1119 4201 1266 4276 Angelum

145 4287 217 4365 tlaji
236 4289 267 4348 in
285 4291 329 4348 ts
346 4310 373 4367 p.
393 4292 502 4353 xxtv.
