2886 4784
621 430 860 529 concussio

401 638 499 722 hujus
519 648 548 703 ct
563 640 818 720 praecedentiam
838 639 1082 704 discussionem.

259 839 334 905 Jatn
355 843 452 906 instat
473 850 602 905 nostrae
622 842 862 923 disceptationis
881 838 964 907 linis.
977 839 1119 923 lamque
1133 835 1269 922 paterna

182 944 340 1007 adversus
360 944 443 1008 duos
464 945 655 1023 praesertim
673 945 841 1007 dimicasse
856 941 1075 1024 Theophilum
1091 955 1123 1008 et
1138 943 1274 1029 Hierony·

182 1064 272 1108 mum
294 1048 517 1126 oppositorum
539 1058 726 1110 nostrorum
748 1049 969 1126 antesignanos
981 1066 994 1124 3
1016 1062 1160 1126 quornm
1177 1048 1277 1126 posteri

182 1165 306 1212 rnorem
338 1157 516 1227 gesserunt.
549 1148 716 1212 Aduersus
745 1146 962 1229 Theophilum
992 1149 1066 1213 dicu
1098 1151 1277 1212 initiatorem

181 1253 393 1330 quaestionis,
414 1260 508 1314 antes
529 1269 547 1314 a
571 1251 729 1331 Pamphili
750 1260 856 1314 aetate
883 1251 1045 1314 discussae
1069 1260 1103 1314 et
1130 1250 1277 1332 judicatae

180 1369 256 1414 cum
285 1349 434 1430 Oripenis
456 1352 633 1431 triumpho.
663 1350 724 1415 Cui
745 1351 865 1428 cuncti,
888 1371 930 1415 ex
952 1352 1235 1432 praedecessorum
1252 1370 1278 1416 e·

179 1454 326 1532 semplo,
344 1455 511 1517 subsecuti
534 1452 646 1517 Patres
668 1454 829 1532 usquead
853 1455 957 1532 ipsum
972 1451 1194 1534 Theophilum
1214 1454 1275 1516 suh

180 1555 392 1633 scripserunt,
415 1554 455 1617 de
475 1552 616 1633 Origene
638 1554 739 1633 probe
759 1555 906 1628 scientes,
925 1563 961 1616 ut
982 1556 1049 1632 ipse
1070 1556 1128 1627 ait,
1152 1553 1277 1633 alienon

179 1651 240 1716 rili
265 1673 328 1715 esse
352 1672 463 1730 omne,
489 1655 576 1734 qnod
591 1663 716 1733 practer
735 1655 827 1736 fidem
848 1649 1033 1718 catholicam
1058 1653 1274 1735 praedicatam

180 1773 219 1817 ac
240 1756 397 1818 neminem
419 1775 567 1836 eousque
587 1756 680 1818 illum
702 1775 902 1835 nuncupasse
918 1757 1133 1834 haereticum,
1152 1757 1277 1834 exceptis

179 1851 348 1916 Methodio
370 1865 401 1917 et
422 1853 624 1934 Epiphanio,
646 1857 703 1935 qni
736 1864 840 1916 tamen
864 1857 1035 1934 resipuisse
1063 1855 1221 1918 ridentur.
1240 1852 1274 1928 (Ἴ

177 1949 395 2037 Theophilum
417 1956 514 2031 dico,
536 1960 593 2036 qni
615 1958 697 2018 hanc
718 1957 882 2018 innovavit
910 1957 1134 2036 quaestionem
1165 1962 1276 2035 praeter

151 2055 279 2117 ‘totins
302 2053 465 2118 Ecclesiae
487 2059 766 2135 expectationem,
789 2067 822 2120 et
841 2076 882 2121 es
905 2056 1038 2142 pritatis
1055 2053 1274 2134 ¹tautummodo

172 2157 302 2236 causis,
324 2157 405 2223 idest
426 2159 468 2220 oh
495 2159 607 2222 odium
638 2157 753 2220 lsidori
781 2158 952 2238 cujusdam
981 2159 1082 2220 sancti
1115 2155 1270 2229 monachi,

174 2275 274 2337 quem
295 2270 515 2323 antenamore
536 2270 568 2323 et
582 2259 803 2328 aestimatione
827 2258 918 2322 taldc
934 2269 1129 2338 prosecutus
1141 2267 1226 2322 crat:
1240 2273 1270 2316 ac

178 2362 297 2438 amhn,
321 2363 408 2443 qnod
430 2363 596 2442 singulare
616 2371 677 2436 est,
702 2363 771 2442 pari
794 2363 974 2424 reverentia
996 2358 1147 2441 Origeuis
1167 2361 1270 2438 scripta

174 2461 336 2542 legebant.
361 2461 577 2544 Theophilum
599 2464 693 2539 dico,
716 2464 773 2544 qui
795 2481 905 2527 coram
926 2463 1050 2545 synodo
1072 2461 1275 2525 Alexandriae

158 2575 303 2640 ¹coacta,
325 2567 404 2647 legit
426 2587 577 2631 errorum
598 2569 823 2646 compendium
845 2564 977 2644 Origeni
999 2565 1273 2643 adscriptornmet

177 2668 380 2743 eorumdem,
403 2672 460 2748 qni
482 2689 499 2730 a
525 2668 692 2748 Pamphilo
715 2667 847 2729 refutati
870 2675 974 2740 erant,
991 2685 1050 2728 nec
1074 2667 1224 2728 ullimodc
1242 2666 1274 2726 ah

176 2769 324 2833 Auctore
347 2768 485 2832 admissi.
508 2767 725 2846 Theophilum
747 2767 812 2848 ajo,
829 2767 885 2846 qni
903 2766 1127 2847 quaestionem
1149 2767 1274 2830 criticam

178 2869 349 2933 traducens
372 2871 402 2931 in
424 2873 646 2950 quaestionem
676 2869 912 2947 dogmaticam,
934 2865 1109 2945 Origenem
1131 2875 1164 2930 et
1185 2883 1275 2926 mour·

176 2972 254 3033 chos
276 2973 443 3034 nitrienses
466 2980 501 3032 nt
524 2971 703 3033 haereticos
725 2967 902 3039 darnnarit,
919 2985 1040 3046 eosqne
1055 2984 1074 3028 a
1090 2966 1275 3030 monasteriis

175 3071 371 3150 iniquissime
392 3070 516 3148 expulit
528 3090 540 3148 3
561 3089 598 3131 ac
622 3089 679 3148 per
700 3069 851 3147 epistolas
874 3066 996 3146 perlida
1018 3067 1148 3129 calamo
1170 3082 1269 3128 exara·

178 3182 246 3247 tas,
269 3171 370 3232 illusit
393 3189 455 3232 non
476 3171 582 3232 solum
607 3170 705 3248 vulgo
726 3171 780 3230 sed
804 3178 836 3230 et
856 3168 973 3230 soractis
997 3167 1095 3241 viris,
1119 3170 1151 3229 in
1173 3165 1274 3246 quihus

170 3269 376 3355 Hieronymo
398 3279 430 3333 el
454 3269 643 3350 Epiphanio.
668 3269 713 3332 tte
735 3267 915 3347 Theophilo
939 3267 1065 3333 tandem
1087 3262 1274 3348 loquor,qni

174 3370 217 3432 ob
239 3379 323 3433 tanta
348 3371 489 3433 facinora
513 3381 543 3431 et
565 3372 737 3443 scarrdala,
761 3390 845 3450 quae
873 3389 913 3430 ex
935 3368 1085 3447 Origenis
1118 3378 1151 3431 et
1181 3383 1272 3429 mona·

173 3469 311 3531 chorum
334 3472 522 3549 quaestione
545 3473 575 3532 iu
598 3472 758 3553 Aegypto,
781 3469 1057 3545 Constantinopoli
1079 3476 1114 3530 et
1134 3468 1207 3530 alihi
1228 3481 1270 3527 or·

175 3566 314 3644 tasunt,
331 3570 402 3651 ejus
424 3572 544 3634 malitia
561 3578 592 3634 et
610 3571 725 3633 iraude
741 3570 923 3649 patefactis,
939 3567 980 3630 ah
998 3566 1186 3632 lnnocentio
1203 3564 1272 3645 tan

176 3673 370 3752 reprobatus
393 3673 683 3735 anathematizatus
704 3679 763 3734 est.

250 3893 286 3962 (³)
299 3892 333 3947 ln
341 3891 462 3948 hocloco
472 3898 500 3947 et
508 3890 575 3948 alibi
585 3890 770 3964 Theophilum
783 3890 955 3962 quaestionis
965 3894 1063 3946 contra
1070 3887 1219 3962 Origenam
1228 3880 1270 3938 iui-

178 3984 304 4040 tiatorem
321 3983 390 4052 dixi,
409 3984 536 4058 quamvis
547 3985 577 4040 in
589 3984 673 4041 Libro
691 3983 812 4042 adversas
830 3983 962 4052 Haereses,
983 4000 1005 4039 s.
1026 3979 1204 4055 Epiphanius
1219 3973 1269 4047 qui·

177 4073 296 4132 busdam
314 4078 395 4133 annis
414 4085 495 4133 antea
508 4095 542 4132 ex
562 4078 694 4134 Methodii
706 4078 784 4134 libris
797 4077 911 4133 citasset
921 4094 954 4132 ae
963 4076 1114 4131 refutasset
1125 4074 1195 4130 hane
1204 4083 1269 4155 prpe

178 4174 319 4313 sumptum
336 4169 482 4229 haeresim.
502 4170 631 4227 Scandeli
649 4187 712 4229 sero
731 4170 900 4244 principium
922 4169 1017 4227 extitit
1043 4166 1201 4257 Episcopus
1224 4159 1267 4218 ale·

176 4272 231 4312 xsn
252 4276 339 4317 nnus.
