2886 4784
1210 347 1273 418 159

150 476 193 522 ax
217 465 333 521 natura
356 442 414 520 sua
436 461 468 519 et
490 456 620 538 proprie
641 452 827 534 loquendo,
857 452 953 515 aliter
980 471 1077 532 quam
1109 452 1181 515 bdci
1211 455 1266 516 do-

153 579 227 642 gma
244 560 420 640 spectabat.
436 559 552 621 Critiea
576 556 683 620 extitit
704 554 897 635 disquisitio,
911 573 971 627 nec
992 556 1117 634 penilos
1139 556 1270 634 dogma·

155 661 231 724 tica.
257 660 291 722 lo
314 661 447 738 epistola
469 658 620 743 synodica
650 657 688 719 ad
722 657 899 719 Palestinae
930 665 962 719 ot
984 653 1081 737 Cypri
1103 656 1269 736 episcopus

154 759 359 842 Theophilus
381 761 447 834 ait,
470 761 500 822 in
523 759 652 844 Synodo
673 760 774 820 lectos
797 758 894 821 luisse
923 757 1022 819 libros
1043 758 1212 836 Origeuis,
1235 764 1268 820 et

152 882 312 932 consensu
335 865 479 928 omnium
494 858 728 924 'condemnatos
751 877 824 922 enin
846 878 906 922 suo
929 858 1085 922 Auctore.
1108 856 1167 922 Cui
1193 878 1270 922 eoo·

153 964 352 1030 demuntiooi
386 967 575 1024 restiterunt
597 961 768 1032 monachi,
788 968 965 1022 asserentes
994 959 1096 1022 libros
1117 958 1268 1038 Origeuis

155 1066 257 1130 luisse
280 1064 437 1136 falsatos,
460 1081 518 1123 nec
539 1061 711 1140 Origouom
734 1080 869 1123 errasse.
900 1058 940 1123 Et
969 1063 1019 1123 hic
1046 1070 1148 1122 status
1169 1077 1268 1138 quac·

153 1167 268 1230 alionis
289 1185 307 1227 a
330 1163 464 1228 Concilii
488 1163 694 1242 primordiis=
719 1163 802 1225 unde
834 1163 981 1224 manebat
1013 1160 1266 1240 disputandum,

156 1287 235 1331 unm
249 1267 393 1346 ejusdcm
411 1266 483 1325 iibri
502 1265 607 1327 iurent
623 1282 680 1325 nec
696 1283 734 1324 uc
751 1265 947 1341 interpolati,
962 1272 1122 1324 eteorum
1140 1264 1267 1325 hoctor

154 1380 237 1431 essct
262 1369 455 1429 haereticus.
483 1364 515 1426 lo
538 1384 600 1444 aqua
625 1365 839 1442 disputatione
870 1367 989 1442 cuique
1018 1363 1136 1426 licebat
1167 1362 1270 1425 libere

152 1487 247 1533 snam
270 1485 463 1546 expressiore
484 1468 664 1543 opinionem
687 1467 754 1527 sive
778 1483 859 1544 pro,
882 1467 950 1527 sive
971 1472 1082 1526 contra
1104 1465 1171 1525 sine
1193 1463 1270 1542 dog·

153 1570 249 1631 matis
271 1568 434 1629 christiani
461 1565 646 1628 olieosioue.
674 1565 760 1628 lstud
791 1576 899 1627 nutem
933 1565 1099 1643 praeclare
1130 1566 1269 1628 adstrui·

155 1680 213 1734 tur
232 1671 398 1748 speciatim
421 1687 437 1728 a
460 1668 570 1732 Severi
588 1666 723 1746 Dialogo
744 1678 776 1728 ot
796 1687 812 1726 a
836 1665 1044 1748 Hieronymo.
1067 1668 1269 1730 Posthumia·

155 1789 217 1833 uns
241 1773 271 1831 iu
293 1788 331 1830 eo
356 1768 502 1846 Dialogo,
526 1778 558 1830 et
579 1769 709 1848 quidam
730 1768 880 1830 oculatus
905 1771 1003 1841 testis,
1027 1788 1067 1830 ex
1091 1787 1151 1830 suo
1173 1785 1268 1830 seusu

153 1873 200 1934 ait
223 1872 397 1932 monachos
419 1887 557 1944 errasse,
578 1879 724 1947 potantes
746 1869 893 1948 Origenis
913 1874 1030 1949 scripta
1055 1870 1152 1933 inisse
1174 1870 1269 1931 laisa·

155 1981 203 2048 ta,
227 1990 286 2033 uec
308 1973 380 2032 ideo
404 1973 579 2033 Auctorem
607 1971 682 2051 jure
714 1971 829 2034 cadere
858 1972 919 2034 sub
949 1973 1159 2033 anathematis
1185 1971 1271 2051 judi·

151 2075 261 2152 cium,
277 2091 337 2147 noc
359 2073 461 2135 multo
485 2075 600 2147 miuus,
616 2073 705 2135 addit
728 2076 901 2137 nsonachos
924 2075 1006 2136 intur
1025 2073 1203 2135 haereticos
1218 2071 1271 2134 dc·

152 2176 327 2254 putandos.
354 2174 393 2236 Et
416 2175 548 2254 proinde
570 2178 720 2253 queritur
741 2194 802 2236 cur
825 2184 910 2236 tauta
929 2173 1105 2237 multitudo
1123 2176 1267 2235 virorum

153 2275 219 2338 snb
240 2272 358 2337 Christi
381 2276 579 2337 confessione
605 2277 791 2351 viventium,
814 2278 854 2338 sit
875 2277 916 2337 ab
937 2277 1092 2354 episcopis
1110 2273 1241 2337 afflicta.

240 2373 318 2436 ltcm
340 2394 365 2436 s.
386 2373 608 2456 Hieronymus
630 2378 668 2437 ad
691 2376 933 2441 Pamntachium
959 2389 991 2441 ct
1013 2377 1180 2441 Oceanum
1204 2395 1269 2440 mo·

152 2476 335 2540 nachorem
358 2495 511 2538 enarrans
534 2495 697 2555 respousa,
720 2479 838 2556 quibos
862 2491 1041 2543 rennerunt
1060 2480 1267 2542 subscribere

154 2577 308 2655 Origenis
330 2578 548 2652 damnationi,
579 2579 743 2640 manifeste
766 2581 908 2656 iudicat,
932 2581 1059 2644 eosdem
1083 2598 1192 2643 coram
1211 2578 1270 2665 Sy·

153 2678 241 2740 uodo
264 2696 468 2756 nequaquam
492 2679 682 2756 disputasse,
708 2688 818 2744 utrum
840 2681 972 2761 Origeni
995 2683 1144 2762 inscripta
1168 2698 1268 2762 prava

152 2780 319 2856 dogmata,
337 2788 368 2838 et
391 2797 502 2839 revera
528 2780 689 2840 haeretica
713 2780 889 2841 damnanda
907 2783 1028 2844 iurent:
1046 2791 1078 2845 et
1092 2784 1123 2842 in
1144 2782 1204 2844 boc
1218 2801 1268 2846 aa·

154 2895 194 2941 ne
208 2886 273 2940 stat
295 2868 441 2956 quaes'tio
462 2879 653 2957 dogmatica.
674 2877 733 2940 Sed
759 2882 905 2944 monachi
927 2883 1102 2946 orthodoxi
1120 2883 1161 2946 ab
1182 2884 1273 2948 initio

155 2987 189 3042 et
212 2980 376 3057 usquead
400 2982 608 3042 novissimum
633 2981 888 3055 contendebant,
914 2992 1107 3062 quaerentes
1132 3002 1173 3047 an
1199 2982 1274 3047 Ori·
1353 3060 1354 3063 Ἴ

157 3095 256 3158 genes
279 3078 464 3158 hujusmodi
486 3080 650 3142 docuisset
681 3089 712 3142 ot
744 3082 924 3158 scripsisset
953 3084 1142 3162 impietales.
1177 3082 1272 3159 Quod

156 3180 216 3258 ipsi
239 3180 513 3242 adminiculisusi
535 3200 576 3242 ex
599 3181 747 3243 codicum
770 3191 801 3244 et
826 3181 957 3245 Patrum
987 3187 1196 3262 antiquorum
1229 3195 1272 3247 te·

152 3282 306 3342 stimonio
329 3281 448 3357 petitis,
471 3284 524 3356 iot
547 3282 626 3342 baec
654 3290 701 3343 est
724 3285 871 3360 quaestio
893 3286 1025 3361 critica)
1049 3294 1209 3364 negarunt
1231 3304 1268 3349 ac

155 3379 228 3442 ideo
250 3378 398 3458 Origcois
419 3383 615 3443 anathemati
640 3386 838 3446 restiterunt.
863 3383 903 3445 m
931 3386 1008 3463 quid
1039 3404 1153 3449 revera
1187 3386 1272 3466 ejus·

155 3480 241 3543 modi
265 3481 470 3553 reluctantia,
489 3482 538 3543 vel
559 3483 584 3543 si
610 3484 699 3558 velis,
718 3488 902 3562 pervicacia
926 3489 1157 3550 monachorum
1181 3507 1267 3552 com·

155 3599 253 3642 mune
277 3580 375 3669 habet
395 3600 470 3642 com
492 3582 662 3660 dogmate,
686 3586 727 3646 ita
752 3595 787 3649 ot
808 3586 866 3665 ipsi
894 3587 1047 3651 haeretici
1072 3597 1268 3653 vocarentur

155 3690 189 3743 et
212 3682 475 3744 damnarentur?
930 3751 932 3754 ,

240 3778 379 3857 lusuper
399 3780 598 3859 Theophilus
620 3784 651 3845 iu
673 3782 802 3868 Synodo
817 3788 944 3863 instat,
966 3795 1110 3852 slatuens
1132 3792 1271 3854 baereti-

155 3899 230 3944 cum
254 3899 323 3941 esse
346 3879 532 3958 Origenem,
549 3901 690 3962 suosque
706 3886 806 3948 libros
829 3889 1008 3950 haereticas
1031 3894 1195 3953 continere
1217 3894 1274 3955 do·

156 3983 291 4052 ctriuas,
309 3981 403 4058 plura
427 3982 526 4044 citans
549 3983 701 4047 Auctoris
725 3989 915 4049 testimonia.
934 3989 1083 4052 Monachi
1100 4013 1140 4055 ex
1156 3994 1271 4055 adver·

154 4088 333 4144 sustantes
355 4078 548 4160 Theophilo,
570 4095 725 4162 negarunt
741 4085 912 4165 Origenem
937 4090 1034 4153 inisse
1057 4092 1268 4167 haereticum,

158 4180 313 4247 historica
338 4182 410 4248 idco
433 4183 634 4281 proferentes
656 4186 847 4250 documenta
870 4200 982 4254 contra
1003 4192 1269 4272 illiuspraesum·
