2886 4784
1183 343 1225 412 13

107 448 297 528 appellatur
318 462 378 524 por
399 454 430 508 et
451 446 584 526 integer.
608 442 730 507 Ordine
754 444 867 506 tertius
890 445 1032 508 succedit
1064 449 1225 509 ternarius

108 550 232 626 viriiis3
256 550 309 611 cni
331 547 427 608 ctiam
448 546 580 625 imparis
601 562 716 608 nomen
750 537 1030 609 arithmeticdrnm
1062 546 1132 625 iope
1161 548 1225 610 init

106 652 306 729 impositum.
340 645 464 727 hymen
492 647 631 726 deniquo
663 647 748 726 cogit
778 664 934 709 numerus
965 651 1219 725 quaternarius,

107 767 212 830 quum
234 749 404 811 muliebris
427 757 495 811 tum
518 749 637 827 etipse
659 764 720 827 par
743 747 926 826 appeliatus
957 766 995 810 eo
1027 749 1115 827 qnod
1138 757 1225 811 estc

105 859 195 913 statu
217 849 355 912 femineo
377 854 438 911 etc.
461 846 572 911 Tertio
595 850 670 911 item
692 857 794 924 notat,
819 848 1035 933 Pythagoram
1051 850 1223 912 accessisse

107 949 148 1011 ad
170 945 320 1012 Zaratum
333 948 546 1022 chaldaeum,
569 957 601 1011 et
622 949 709 1010 huuc
722 952 751 1011 ei
768 949 977 1028 exposuisse:
994 970 1012 1008 a
1027 950 1108 1011 duas
1123 950 1222 1012 rebus

108 1069 128 1112 a
149 1048 330 1128 primordio
352 1065 467 1112 canses
488 1066 569 1122 esse,
592 1056 717 1127 petrem
743 1046 892 1110 videlicet
906 1054 938 1109 et
952 1056 1107 1110 matrem:
1124 1058 1156 1110 et
1170 1066 1226 1126 pa·

111 1158 198 1213 trem
218 1148 349 1228 quidem
370 1149 501 1223 iucem,
524 1158 661 1212 matrem
685 1165 763 1211 roro
784 1149 976 1227 caliginem,
1009 1150 1091 1211 lueis
1116 1159 1225 1212 autem

107 1269 180 1312 esso
200 1256 308 1328 partes
329 1250 484 1324 calidum,
505 1250 642 1324 siccum,
664 1251 753 1323 leve,
775 1251 871 1311 veiox
883 1269 894 1328 3
917 1249 1060 1328 caliginis
1076 1267 1155 1311 vero
1169 1248 1225 1310 iri·

110 1349 236 1428 pidum,
259 1348 442 1424 humidum,
459 1366 571 1428 grave,
589 1348 738 1410 tardum:
753 1349 819 1429 jam
839 1357 942 1411 totum
958 1369 998 1411 ex
1015 1350 1063 1411 his
1077 1347 1226 1426 adeoquo

109 1467 153 1511 ox
180 1447 318 1511 feminco
339 1457 373 1510 et
392 1448 539 1511 masculo
560 1456 708 1511 constare
731 1449 909 1510 mundum:
934 1450 1090 1512 mundum
1115 1457 1225 1513 sutem

108 1567 180 1612 osso
202 1557 350 1611 naturam
372 1550 553 1612 secundnm
575 1550 733 1611 musicam
765 1549 988 1628 harmoniam
1022 1550 1093 1613 iden
1124 1551 1226 1613 solem

110 1649 220 1712 iacere
242 1649 414 1712 circuitum
436 1659 523 1711 certa
548 1650 715 1713 harmonia
736 1649 911 1720 limitatum
933 1659 995 1713 etc.
1014 1648 1139 1725 »Quae
1154 1653 1228 1729 qni·
1355 1723 1358 1730 ,

108 1751 183 1814 dem
204 1751 328 1813 etiamsi
345 1750 512 1814 verimode
526 1768 692 1829 expressa,
708 1751 791 1812 idem
809 1761 913 1812 tameo
934 1751 1126 1830 significant,
1138 1751 1225 1830 qnod

109 1852 157 1913 bis
178 1861 279 1928 autea
295 1851 335 1912 dn
355 1851 469 1913 codem
492 1851 676 1933 Pythagora
698 1851 866 1930 descripsit
889 1851 1091 1932 Anonymus.

193 1949 229 2012 ln
252 1950 350 2014 Libro
373 1949 428 2013 tv,
450 1970 479 2013 c.
502 1948 541 2012 V.
564 1970 596 2014 n.
618 1951 649 2014 2.
672 1953 754 2014 banc
775 1953 921 2015 camdem
953 1954 1131 2016 doctrinam
1164 1971 1226 2015 oon

110 2071 152 2114 cx
178 2049 362 2135 Pythagora
391 2051 445 2113 sed
469 2052 510 2113 ab
530 2054 687 2133 aegyptiis
719 2054 857 2132 repetit:
894 2071 976 2130 quos
1006 2054 1050 2114 ait
1081 2053 1228 2117 docuisse

112 2151 219 2216 Deum
241 2172 310 2215 esse
331 2153 496 2215 monadem
516 2154 761 2222 indivisibilem..
779 2171 864 2233 quae
885 2172 954 2214 seso
976 2154 1042 2233 ipso
1069 2162 1225 2232 generate

109 2261 206 2315 etex
226 2270 291 2333 qna
314 2255 420 2328 omnia
442 2259 597 2316 constant.
623 2253 693 2332 lpse
716 2255 813 2327 enim,
836 2256 998 2332 inquiunt,
1014 2271 1078 2316 non
1095 2271 1228 2334 genera·

112 2361 144 2412 ta
166 2362 299 2431 generat
320 2365 550 2432 consequentes
572 2371 746 2430 numeros,
772 2364 807 2416 nt
828 2355 886 2416 sibi
909 2355 965 2431 ipsi
986 2372 1097 2416 monas
1119 2353 1226 2416 addita

109 2461 246 2529 generet
266 2452 429 2537 dyadem,
450 2464 484 2516 et
504 2452 654 2517 similiter
674 2472 776 2533 super
796 2453 902 2516 addita
927 2462 1060 2532 generat
1091 2454 1226 2514 triadem

111 2561 147 2614 et
168 2553 333 2617 tcdradem
358 2555 524 2633 usquead
547 2555 725 2618 decadem=
749 2573 833 2635 qnae
858 2556 990 2634 quidem
1015 2573 1229 2618 numerorum

111 2655 306 2733 principium
328 2663 361 2717 et
382 2655 452 2717 fluis
472 2663 521 2718 cst
541 2663 602 2718 etc.
627 2674 643 2713 n
665 2655 700 2716 ln
722 2673 792 2734 cap.
817 2675 894 2718 roro
916 2654 986 2716 vit.
1009 2655 1152 2736 ejusdcm
1175 2653 1229 2718 Li·

112 2754 165 2816 bri
186 2755 226 2818 de
248 2764 318 2819 arto
339 2757 543 2818 arithmetica
557 2798 567 2831 ‚
581 2755 797 2838 Pythagorae
819 2757 1055 2836 philosophiam
1088 2759 1129 2818 ita
1164 2765 1228 2817 tra·

113 2867 196 2933 ctat,
218 2859 310 2938 quasi
332 2855 458 2920 nullam
480 2866 572 2918 antea
596 2859 636 2920 de
668 2876 706 2918 ea
737 2858 863 2923 iecisset
895 2859 1109 2936 mentionem3
1132 2866 1164 2918 et
1184 2859 1231 2945 in·

109 2961 206 3040 quite
230 2981 246 3018 s
271 2959 378 3021 Prima
400 2976 508 3021 monas
531 2959 636 3021 unitas
652 2976 710 3038 per
727 2961 940 3023 substantiam
956 2960 1019 3022 tuit
1035 2959 1227 3037 principium

111 3078 351 3123 numerorum:
375 3078 460 3139 quac
481 3068 530 3123 est
551 3062 656 3123 unitas
672 3061 828 3134 mascula,
844 3064 948 3138 patrio
964 3078 1056 3122 more
1072 3076 1230 3138 generans

111 3177 267 3222 numeros
288 3179 400 3223 omnes
421 3160 579 3238 reliquos.
603 3158 694 3222 Hanc
716 3160 868 3239 seqnitur
898 3177 1056 3222 numerus
1087 3159 1230 3220 binarius

112 3261 271 3324 femineus
292 3268 355 3322 etc.
377 3278 462 3339 quae
484 3278 596 3338 reapse
617 3270 692 3324 sunt
713 3261 848 3334 cadem,
871 3278 956 3337 quae
976 3260 1104 3338 scripsit
1124 3260 1155 3318 in
1178 3255 1229 3319 Li·

111 3363 174 3422 bro
198 3360 221 3420 l.
244 3379 272 3422 c.
295 3361 337 3423 li.
361 3362 401 3423 de
422 3380 461 3422 en
485 3359 694 3439 Philosopho.
719 3361 797 3423 item
819 3361 849 3422 io
872 3359 969 3422 Libro
992 3358 1047 3421 Vl.
1072 3378 1099 3422 c.
1126 3357 1166 3420 ΙΙ.
1195 3376 1227 3419 n.

106 3458 161 3526 21.
183 3462 296 3524 eadem
321 3470 491 3535 memorat,
514 3461 554 3523 de
575 3461 798 3541 ¹valentinianis
820 3461 990 3524 disserens.

194 3560 296 3624 Porro
317 3561 541 3633 conferentur,
564 3580 648 3642 qnae
670 3570 812 3641 uterquc
832 3564 945 3624 scribit
958 3564 998 3624 de
1017 3562 1226 3642 Empedocie.

109 3660 279 3726 Gedrenns
311 3663 378 3722 aitc
404 3682 420 3719 s
442 3658 572 3724 Tertius
607 3661 817 3739 philosophus
855 3659 1065 3740 Empedocles
1101 3671 1230 3740 praeter

111 3760 218 3824 multa
239 3761 302 3824 alia
326 3770 510 3841 portentosa
533 3763 688 3836 decreto,
722 3765 784 3824 hoc
805 3765 901 3824 etiam
933 3764 1055 3838 sensit,
1086 3762 1228 3823 universi

110 3861 268 3940 principia
290 3879 360 3924 esse
380 3861 552 3924 amicitiam
573 3869 673 3941 atque
689 3862 904 3925 discordiam:
930 3863 1082 3924 unitatem
1102 3861 1228 3923 inteiio·

109 3969 169 4025 ctu
191 3962 337 4042 percipi:
363 3964 465 4042 ignem
488 3981 556 4025 esse
578 3960 703 4024 Deum:
726 3963 831 4024 omnia
855 3982 896 4024 nx
918 3963 989 4040 igne
1011 3981 1080 4025 csse
1101 3980 1230 4045 compa-

109 4068 164 4125 cta
184 4071 218 4125 et
241 4063 275 4125 iu
297 4081 372 4127 eum
392 4063 500 4127 omnia
522 4062 777 4126 resolutum'iri.
799 4060 859 4126 Cui
882 4061 950 4124 iere
974 4063 1066 4125 stoici
1088 4062 1230 4141 adstipu-

111 4162 553 4244 lantoncoonogmnooem·
577 4170 794 4243 expectantes.
819 4163 905 4227 idem
938 4165 1062 4226 censuit
1091 4164 1230 4226 animam
