2886 4784
620 452 760 523 CAPUT
784 455 838 521 tv.

511 648 544 716 S.
567 649 705 715 Jouunos
728 651 966 734 chrysostomus
1078 705 1080 709 ψ

167 885 248 1023 Iste
270 976 346 1040 prae
368 958 483 1025 ceteris
498 955 648 1021 Patribus
669 945 828 1021 excelluit
848 958 879 1021 iu
900 958 1099 1038 expedienda
1121 963 1267 1044 quaestio·

169 1081 210 1125 ne
231 1060 349 1127 Christi
371 1079 445 1123 cum
468 1059 643 1139 pharisaeis
665 1060 704 1122 de
725 1060 958 1125 insolubilitate
980 1063 1139 1144 coniugii,
1159 1067 1267 1145 sapien·

171 1173 221 1227 ter
244 1165 370 1242 rituque
391 1161 470 1226 Jesu
494 1160 578 1225 dicta
600 1180 796 1243 componens
817 1182 892 1226 cum
910 1164 1057 1245 Apostoli
1077 1168 1183 1230 verbis
1197 1185 1269 1230 man·

169 1264 296 1339 dantis,
319 1283 450 1327 umorem
471 1284 492 1327 u
513 1262 583 1326 uiro
605 1260 777 1326 discedere:
799 1266 933 1344 quodsi
953 1265 1136 1330 discesserit
1162 1285 1271 1332 mossur

167 1367 358 1448 innuptum
374 1377 432 1429 ont
451 1366 522 1428 viro
541 1385 601 1428 sao
621 1363 838 1428 reconciliari.
855 1366 989 1448 Saepius
1005 1372 1091 1432 euim
1108 1391 1150 1436 ex
1165 1372 1271 1451 proles·

168 1490 218 1545 su,
233 1470 300 1533 sire
323 1469 429 1532 obiter
452 1470 513 1532 hoo
535 1456 749 1549 pertractavit
770 1479 1018 1550 argumentum
1040 1475 1120 1551 quin
1143 1490 1270 1560 unquam

170 1590 229 1634 nec
245 1572 492 1653 pharisaeorum
508 1570 837 1650 praesumptionibus,
851 1590 909 1635 uec
923 1590 1137 1637 romanorum
1159 1575 1270 1655 legibus

169 1673 264 1736 cedat
285 1673 325 1736 ‹le
346 1673 494 1736 secundis
516 1673 635 1751 nuptiis
662 1673 890 1748 adroittendis,
922 1693 988 1738 uno
1019 1694 1062 1739 ex
1091 1676 1270 1758 conjugibus

168 1777 256 1850 viro,
276 1777 375 1837 etism
397 1773 542 1854 cujusvis
564 1774 724 1836 mediante
745 1773 920 1837 adulterio.

248 1875 373 1939 idcirco
395 1878 425 1938 in
448 1876 625 1951 Sermone,
647 1876 754 1957 quoles
775 1875 934 1938 ducendae
954 1872 1021 1939 sint
1041 1896 1171 1940 umores.
1194 1897 1224 1941 u.
1241 1875 1264 1943 1.

167 1976 295 2059 ajebat:
320 1997 336 2034 n
360 1973 500 2050 Quando
520 1976 621 2052 igitur
640 1976 803 2038 ducturus
824 1994 858 2038 es
881 1994 1042 2049 uxorem,
1077 1997 1141 2041 uon
1169 1979 1265 2043 solum

166 2079 262 2141 cisilo
281 2077 349 2158 jus,
375 2095 487 2141 rerum
510 2079 606 2140 etiem
624 2075 886 2140 ecclesiasticum
916 2076 1027 2156 legito.
1050 2075 1135 2143 Nam
1168 2097 1267 2144 secun

166 2179 244 2243 (lum
266 2179 352 2255 hoc,
375 2195 437 2240 uon
468 2176 574 2252 illud,
597 2184 743 2240 extrema
765 2166 819 2240 tte'
834 2176 1030 2258 judicandus
1051 2197 1086 2244 es
1106 2198 1124 2243 a
1148 2179 1258 2246 Deo.»

168 2262 374 2362 Proindeque
395 2278 462 2360 juri
484 2277 701 2341 ecclesiastico
724 2279 856 2354 instans,
878 2299 896 2342 e
917 2280 1095 2361 Scriptnris
1115 2293 1190 2362 apta
1211 2301 1270 2364 pro·

169 2384 296 2448 terebat
318 2380 571 2458 excutiebetque
595 2380 797 2442 testimonia:
821 2398 906 2459 quae
927 2383 1057 2460 quidem
1075 2400 1092 2444 a
1109 2383 1200 2448 nobis
1219 2399 1268 2446 um

167 2496 292 2550 tautum
310 2482 540 2548 consideranda
562 2488 638 2544 suut
659 2482 766 2560 quoad
789 2482 889 2560 ipsius
910 2502 1039 2546 sensum
1063 2485 1104 2546 (le
1124 2484 1270 2548 connubio

166 2592 199 2654 ln
220 2586 367 2651 Ecclesia
391 2583 585 2657 Christiana,
608 2593 765 2660 quantum
789 2588 976 2662 praesertim
1001 2585 1104 2647 roiate
1119 2587 1159 2648 ad
1176 2586 1269 2650 lectio

165 2709 238 2755 nem
261 2687 429 2752 commatis
444 2680 475 2751 9.
499 2703 527 2748 o.
549 2682 637 2747 xlx.
659 2683 817 2748 Matthaei
841 2686 1002 2750 versiculo
1022 2684 1075 2752 32.
1097 2706 1127 2752 c.
1145 2685 1184 2752 V.
1198 2706 1269 2752 cou-

165 2800 325 2873 paratam.
349 2785 391 2866 [ἢ

179 2929 180 2933 =
243 2889 374 2953 interim
390 2886 493 2950 Tomo
510 2883 534 2949 l.
552 2888 584 2951 in
599 2885 697 2951 Libro
715 2884 737 2948 l.
756 2884 802 2949 De
819 2885 1005 2968 oirpinitute
1019 2909 1051 2951 n.
1069 2889 1121 2958 28.
1139 2912 1181 2956 ex
1198 2892 1267 2972 Apo·

161 2993 237 3057 stoli
258 2993 373 3055 dictis:
396 2990 448 3052 air
476 2987 530 3052 sni
559 2984 702 3067 eorporis
734 2985 889 3053 Dominus
918 3001 1051 3055 nonest
1079 3001 1143 3056 etc.
1166 2995 1266 3058 doeens

116 3112 118 3121 ·
162 3111 429 3173 unumquemque
451 3090 625 3170 conjugum
648 3087 763 3168 subjici
786 3090 923 3154 arbitrio
955 3091 1117 3170 alterius,
1152 3094 1263 3174 inquit:

164 3217 182 3256 r
204 3194 299 3271 Quod
321 3206 430 3256 autem
454 3193 591 3256 hicnon
613 3208 653 3252 ex
675 3190 864 3270 conjectura
881 3191 920 3253 de
936 3191 1029 3256 Pauli
1051 3196 1208 3258 sententia
1227 3194 1264 3256 lu·

163 3316 269 3378 quar,
292 3304 478 3384 promptum
511 3297 559 3354 esi
590 3308 632 3353 ex
663 3288 829 3369 discipulis
861 3309 1049 3370 agnoscere.
1072 3291 1157 3359 Nem
1179 3291 1264 3358 nesii

93 3423 96 3427 ’
163 3416 263 3477 grave
285 3415 323 3458 eo
345 3395 517 3456 molestum
540 3409 608 3454 esse
631 3390 870 3455 matrimonium
894 3394 984 3473 prius
1005 3394 1160 3458 arbitrati
1180 3401 1262 3465 suot,

161 3519 262 3583 quam
283 3517 301 3562 e
324 3495 463 3560 Domino
484 3513 518 3558 se
540 3494 570 3556 iu
592 3510 663 3554 eam
686 3495 907 3558 necessitatem
929 3496 1115 3573 conclusos,
1134 3499 1165 3560 iu
1179 3513 1260 3578 quau

162 3610 233 3665 eta
259 3599 364 3665 Paulo
387 3607 463 3661 tune
495 3593 647 3658 corinthii
669 3595 831 3660 viderunt.
855 3596 941 3659 lllud
974 3598 1081 3662 euim:
1104 3597 1165 3680 qui
1184 3594 1262 3662 ‹liui-

161 3701 238 3767 serit
265 3722 397 3765 uxorem
428 3717 521 3763 raom
548 3689 702 3796 παρεκτὸς
729 3692 828 3790 λόγου
860 3694 1021 3796 nopsiaco,
1058 3701 1148 3771 ποιὲι
1179 3691 1264 3778 horit

157 3800 375 3896 μοιχευθῆναι
394 3809 522 3882 excepto
543 3821 642 3864 conso
656 3800 896 3882 fornicationis,
912 3802 993 3884 facit
1013 3824 1084 3868 com
1104 3800 1262 3875 moechori;

160 3917 194 3972 et
213 3909 297 3971 hoc:
321 3904 373 3969 vir
392 3903 444 3966 sni
466 3898 610 3981 eorporis
629 3900 777 3965 dominns
797 3920 861 3965 nou
882 3912 926 3967 est
937 3948 951 3981 ,
971 3903 1187 3970 dissimilibus
1207 3917 1262 3967 rer·

238 4132 273 4205 (Ἴ
292 4131 370 4198 Quae
387 4129 417 4184 in
436 4129 488 4185 boc
506 4127 567 4185 lo'co
585 4128 708 4186 citantur
725 4144 761 4186 ex
779 4125 1001 4211 Obrpsostomo,
1030 4129 1183 4209 desumpta
1206 4130 1259 4186 suut

162 4245 198 4284 ex
216 4224 337 4282 editions
355 4221 566 4281 Moniieuconii.
