2886 4784
158 437 234 498 tati:
257 454 312 499 eos
334 435 406 499 dico
429 441 560 515 patres,
582 434 639 516 qni
659 433 807 498 seculum
825 430 862 498 V.
887 445 1146 517 praecesserunt.
1168 432 1261 515 Quot·

157 544 239 614 quot
260 538 431 617 bucusque
454 537 590 615 reperiri
623 537 789 613 potuerint
820 537 949 602 codices
979 540 1089 620 graeei
1122 547 1153 602 et
1182 539 1262 603 latini

159 639 256 699 etiam
280 637 486 701 vetustissimi
509 640 518 714 i
536 637 670 700 testibus
686 637 940 717 Paleogrnpbiac
956 641 1092 720 peritis)
1111 642 1162 703 vix
1183 659 1266 704 seen·

159 738 228 801 lmn
254 738 290 801 V.
314 741 510 820 pertingunt.
538 737 678 818 ideoque
703 737 836 800 Petrum
857 742 991 820 scripta,
1009 743 1064 806 nbi
1095 732 1155 805 boc
1177 746 1268 806 couti·

161 850 258 903 netur
289 839 450 905 Matthaei
484 839 722 913 testimonium,
746 841 957 918 praeferenda
978 854 1056 907 snut
1089 845 1266 920 codicibus,

161 942 215 1005 nbi
239 941 336 1005 aliter
357 951 512 1004 notantur
531 957 624 1002 sacra
650 942 759 1003 rerba.

239 1041 392 1127 Ceterum
416 1042 502 1105 baud
520 1058 601 1104 sane
617 1042 751 1117 mirum,
770 1043 798 1106 si
827 1044 988 1109 innumeri
1016 1048 1126 1126 graeci
1152 1047 1268 1111 codices

160 1151 317 1223 corrupta
348 1144 489 1207 lectione
523 1143 674 1221 praediti,
707 1162 842 1223 graecas
867 1157 900 1209 et
919 1147 1096 1210 orientales
1124 1149 1270 1229 pervade·

161 1254 230 1306 rent
255 1245 409 1308 ecclesias
419 1265 431 1322 ;
454 1244 632 1306 dummodo
647 1245 874 1309 consideretur
890 1247 1176 1312 borumcodicnm
1193 1256 1270 1311 tran·

160 1346 336 1425 scriptores
357 1346 398 1408 de
422 1347 554 1408 illarum
579 1349 721 1424 gentium
743 1346 853 1410 schola
877 1347 1118 1427 utplurimum
1145 1350 1271 1428 prodiis-

162 1465 219 1523 se,
241 1446 337 1528 cujus
358 1446 505 1510 instituta
532 1448 613 1509 viris
634 1447 780 1510 sinebant
808 1448 981 1528 repudiare
1006 1467 1131 1512 uxores
1155 1451 1271 1514 adnltc·

162 1568 228 1624 ras,
250 1551 396 1630 aliasque
417 1550 549 1611 docere.
574 1547 617 1611 Et
643 1549 716 1611 binc
750 1549 830 1613 nibil
858 1550 903 1615 eis
932 1552 1159 1629 commodius,
1182 1572 1272 1632 quarn

165 1650 215 1713 rel
237 1651 363 1713 codices
383 1667 495 1714 sacros
517 1667 671 1730 pravare,
702 1652 752 1713 vel
775 1660 927 1730 pravatus
949 1670 1105 1729 servare,
1130 1655 1271 1734 vulgare,

164 1754 359 1833 patrocinari
380 1753 537 1816 adversus
558 1754 743 1832 antiquiora
768 1755 987 1833 manuscripta
1004 1758 1145 1834 genuina
1162 1775 1200 1819 ac
1215 1760 1271 1837 pri·

163 1872 294 1919 ecorum
320 1853 452 1918 Patrnm
470 1856 701 1930 testimonium,
720 1855 833 1919 favore
855 1855 968 1919 deinde
988 1867 1215 1936 comparatos
1230 1875 1272 1923 rc·

166 1954 399 2020 lormatoribns
423 1955 589 2018 Ecclesiae
611 1955 827 2020 occidentalis.

243 2057 357 2121 Cnosis
371 2075 450 2120 vero
465 2055 651 2135 diligentius
675 2057 875 2138 investigatis
896 2057 997 2139 bajus
1019 2063 1191 2123 commatis
1212 2079 1274 2122 cor·

166 2160 325 2239 ruptionis
358 2161 388 2221 in
426 2158 601 2222 verborum
633 2177 695 2222 usn
725 2166 759 2222 et
790 2177 911 2232 seusu,
938 2168 970 2223 et
999 2176 1063 2223 cur
1087 2163 1274 2224 verbotenus

166 2262 352 2342 graecanica
375 2263 498 2326 locutio
520 2261 715 2326 adamussim
739 2264 843 2325 textui
865 2261 966 2324 latino
996 2265 1215 2343 respoudeat,
1241 2283 1273 2326 ac

168 2374 307 2444 uterque
331 2373 438 2427 textus
460 2383 553 2427 secus
573 2374 727 2444 appareat
748 2383 845 2444 qnam
868 2364 1024 2445 primaevi
1052 2363 1168 2429 Patres
1189 2385 1272 2446 grae·

167 2467 195 2528 ci
217 2475 248 2528 ct
269 2467 360 2529 latini
381 2465 543 2545 legerant,
561 2473 592 2526 et
614 2467 792 2545 quomodo,
811 2469 945 2546 antiqua
968 2465 1153 2546 posthabita
1177 2468 1279 2530 lectio·

167 2585 228 2641 nc,
260 2585 342 2628 nova
366 2567 547 2630 successive
570 2566 756 2640 invaluerit,
773 2566 855 2630 adeo
877 2576 913 2629 ut
935 2565 1032 2628 hodie
1055 2569 1204 2648 undique
1228 2568 1276 2628 ba·

168 2666 290 2728 beatur·
309 2666 460 2744 vulgatus
483 2665 649 2746 Evangelii
675 2677 795 2740 textus,
822 2668 883 2729 boc
905 2660 1045 2746 primum
1070 2668 1276 2747 repetendum

171 2768 299 2828 videtur
322 2785 362 2828 ex
386 2767 526 2831 illorum
552 2770 675 2844 studio,
691 2769 746 2849 qui
768 2768 967 2831 harmoniam
984 2779 1183 2848 quaerentes
1204 2771 1279 2831 iuter

144 2908 147 2913 -
170 2867 285 2929 latinos
308 2876 340 2929 et
362 2886 495 2946 graecos
518 2868 672 2944 codices,
696 2869 754 2931 bos
775 2887 816 2930 cx
836 2868 911 2943 illis,
936 2867 987 2930 vel
1009 2869 1151 2933 vicissim
1180 2888 1279 2932 emen·

169 2969 304 3031 dandos·
325 2978 496 3048 pntarnnt.
530 2969 656 3050 Reapse
687 2969 797 3033 Codex
835 2968 1100 3048 cantabrigiensis
1140 2977 1278 3032 vetustus

168 3071 435 3150 graeco-latinus,
465 3071 644 3150 Evangelia
668 3079 699 3135 et
722 3073 822 3135 Actus
841 3069 1074 3149 Apostolorum
1098 3072 1281 3146 continens,

170 3182 202 3237 et
223 3192 240 3236 a
264 3172 347 3237 Beza
370 3176 490 3250 editos,
516 3175 606 3237 nobis
629 3173 814 3255 hujusmodi
837 3175 1052 3252 suspicionem
1076 3175 1224 3252 praebet.
1241 3171 1281 3235 lbi

170 3293 285 3355 graeca
309 3283 340 3336 et
362 3276 459 3338 latino
482 3277 580 3339 lectio
601 3275 659 3338 sibi
682 3274 819 3336 invicem
843 3274 1026 3351 respondet,
1052 3275 1193 3339 verbum
1219 3276 1281 3340 iere

173 3377 281 3437 verbo.
301 3374 424 3439 Graeca
448 3377 608 3438 sinistram
626 3375 771 3454 paginam
787 3384 960 3454 occupant,
978 3375 1152 3439 dexteram
1171 3379 1276 3440 latina.

105 3482 114 3491 '
174 3476 213 3539 Et
234 3478 274 3540 ob
301 3479 362 3543 hoo
393 3476 518 3540 Millius
550 3480 580 3539 in
616 3476 761 3539 Editione
791 3472 1068 3555 Evangeliorum,
1103 3498 1282 3560 eorumque

173 3578 412 3658 Prolegotnenis
435 3598 464 3657 p.
482 3576 550 3649 134.
567 3583 609 3643 ita
635 3580 782 3641 disserit:
797 3598 813 3637 tt
830 3575 990 3651 Vidimus,
1007 3578 1063 3653 nit,
1083 3581 1198 3659 qualia
1221 3581 1283 3643 luc·

172 3684 234 3746 rint
256 3701 384 3762 graeca,
401 3683 515 3762 qualia
539 3683 638 3746 latina
663 3681 800 3761 hujusce
821 3678 957 3744 Codicis.
976 3677 1022 3741 De
1037 3683 1164 3760 graecis
1188 3701 1282 3746 unu·

116 3818 121 3827 .
171 3784 253 3846 illud
278 3785 364 3847 ultra
388 3787 584 3863 quaeritur,
608 3795 647 3845 'an
671 3785 777 3861 aliqua
801 3801 840 3844 ex
865 3791 954 3858 parte
977 3783 1134 3861 castigata
1168 3784 1312 3855 inerint,

170 3885 209 3945 ad
232 3884 368 3948 latinum
391 3884 588 3966 exemplar?
613 3885 656 3947 Ea
680 3884 764 3945 enim
787 3891 858 3944 erat
879 3881 919 3944 dc
939 3879 1031 3945 libris
1062 3883 1164 3965 huius
1196 3902 1283 3963 geue·

173 3987 217 4046 ris
240 3985 450 4048 eruditorum
472 3985 691 4066 quorumdam
713 3970 842 4046 uestrae
859 3989 892 4045 ct
905 3983 1083 4062 superioris
1105 3987 1221 4050 aetatis
1240 3983 1281 4046 di·

171 4096 257 4149 serta
280 4089 446 4149 sententia.

253 4207 269 4247 a
292 4184 374 4252 Curu
399 4189 484 4251 cuim
508 4190 726 4256 consenserint
747 4188 805 4253 ista
827 4204 901 4250 cnm
924 4185 1043 4267 latinis,
1060 4198 1280 4271 contraquam
