2886 4784
167 465 252 523 etet:
276 475 293 520 a
316 458 407 521 nobis
430 463 620 521 tamennon
643 463 799 536 putentur
823 458 911 521 volnt
933 458 1081 538 dogmata
1105 481 1173 524 esse
1207 360 1286 542 pir}9

166 561 264 635 bala,
284 560 340 624 sed
364 558 519 623 tractandi
542 576 632 620 more
655 570 687 621 et
711 559 895 638 requirendi
917 580 985 622 esse
1015 560 1167 624 discussa.
1190 584 1206 620 s
1231 566 1279 626 Ac

162 662 264 740 paulo
286 669 358 742 post
378 681 407 723 u.
423 658 459 724 .5.
478 681 494 721 u
512 659 600 723 llaec
622 660 709 734 dicit,
727 669 825 740 prout
846 663 1011 740 potuimus
1032 662 1073 726 de
1095 665 1278 726 rationabili

160 765 268 827 anima
292 762 492 827 discutienda
517 764 617 841 magis
638 781 655 823 a
677 764 880 842 legentibus,
903 781 1001 842 quam
1022 773 1142 828 statuta
1166 785 1203 829 ac
1225 767 1279 830 de·

162 864 267 940 linita,
291 866 538 943 protulimus.»
639 923 644 929 .

241 965 463 1042 Quamobrem
485 965 616 1045 quando
638 964 856 1045 Hieronymus
878 965 917 1027 ad
943 965 1077 1028 Avitum
1099 969 1144 1029 ait
1164 986 1198 1030 se
1223 986 1279 1045 po·

160 1068 265 1132 suisse
285 1069 385 1146 ipsius
408 1066 554 1147 Origenis
579 1069 699 1142 verba,
723 1068 905 1147 etquidem
929 1085 1033 1146 nuper
1055 1069 1168 1144 citata,
1192 1072 1277 1131 circa

161 1171 290 1232 animae
312 1171 623 1248 transmigrationem
656 1170 687 1230 in
720 1169 825 1230 aliena
857 1188 1018 1248 corpora,
1042 1170 1180 1233 fallitur.
1206 1170 1278 1233 Non

163 1271 248 1331 enim
273 1269 348 1332 talia
370 1271 497 1347 scripsit
519 1269 675 1348 Origenes
697 1269 736 1330 de
759 1271 817 1331 bao
839 1271 1014 1348 opinione,
1043 1270 1098 1332 sed
1121 1272 1162 1332 ob
1183 1271 1279 1334 aliam

162 1372 385 1448 quaestionem
409 1369 503 1445 plane
535 1369 575 1431 ab
608 1370 663 1429 illa
695 1368 867 1430 diversam.
895 1368 941 1431 Ac
964 1369 1097 1447 proinde
1130 1378 1278 1445 constat,

162 1470 251 1550 quod
273 1472 473 1547 quaerimus,
499 1469 735 1552 Hieronymum
758 1489 963 1549 nequaquam
980 1490 1020 1534 ex
1037 1473 1174 1551 genuino
1193 1469 1282 1533 Peri-

160 1572 282 1635 nrelrou
304 1573 415 1634 codice
437 1591 474 1634 ea
499 1575 734 1651 transcripsisse
758 1574 878 1650 verba3
904 1591 1061 1636 verume
1091 1573 1279 1635 libellorum

161 1673 406 1754 exemplaribus
427 1676 455 1734 ei
480 1675 605 1736 traditis
627 1693 645 1736 a
667 1672 859 1752 Theophilo.
887 1671 979 1748 Quae
1012 1676 1072 1737 iste
1104 1677 1135 1737 in
1169 1677 1280 1736 baere-

161 1775 294 1839 ditalem
316 1786 486 1856 acceperat
506 1778 546 1838 ab
567 1777 641 1855 ipsis
663 1776 952 1838 calumniatoribus
982 1795 1040 1854 per
1069 1774 1275 1854 Pamphilum

162 1879 331 1942 refutatis:
348 1889 380 1940 et
397 1879 450 1940 nbi
466 1879 649 1941 ortbodoxa
665 1877 812 1955 Origenis
834 1877 916 1938 dicta
940 1879 970 1938 in
994 1895 1183 1955 perversum
1205 1893 1276 1939 sen·

160 1998 232 2044 aum
256 1980 382 2042 detorta
405 1990 506 2043 erent.
530 1979 598 2042 Nec
619 1981 701 2042 enim
717 1979 812 2040 aliter
827 1977 1004 2057 putandum
1026 1987 1085 2052 est,
1109 1997 1149 2040 eo
1173 1979 1273 2056 magis

162 2080 251 2161 quod
273 2098 335 2141 non
357 2082 469 2155 semel,
486 2099 543 2142 nec
565 2082 624 2153 bis,
641 2099 698 2144 uec
722 2089 781 2153 ter,
799 2085 847 2140 ast
870 2078 1033 2141 multoties
1048 2078 1079 2140 in
1097 2078 1191 2139 variis
1210 2086 1275 2139 tra·

163 2181 304 2245 etntibus
324 2181 611 2260 metempeyebnseor
633 2191 849 2244 commentum
872 2179 1036 2254 refutarit,
1058 2197 1096 2242 ao
1118 2197 1181 2243 nna
1204 2198 1276 2243 eos·

161 2282 234 2345 dein
257 2282 356 2363 bnjns
378 2286 500 2345 erroris
523 2293 675 2360 patronos
698 2283 915 2357 marcionitas,
934 2282 1150 2355 basilidianos,
1170 2283 1277 2344 valen·

164 2384 326 2459 tinianos,
357 2404 439 2464 quos
470 2386 509 2446 ad
538 2389 689 2447 amussim
712 2402 901 2464 expugnare
929 2385 1051 2463 ubique
1075 2383 1202 2447 studuit
1211 2404 1222 2462 ;
1245 2389 1278 2446 el

164 2484 323 2549 adversus
345 2504 426 2564 quos
449 2487 510 2548 hoc
534 2485 728 2548 Periorcbon
750 2486 904 2548 eximium
919 2484 1079 2549 conllavit
1099 2483 1212 2563 Opus,
1235 2484 1276 2546 ab

161 2592 366 2649 antecessore
387 2607 447 2650 sno
470 2587 633 2651 Clemente
657 2589 729 2650 ideo
751 2588 983 2665 excogitatum,
1002 2605 1060 2649 uec
1083 2597 1188 2648 tamen
1210 2584 1275 2648 edi·

162 2697 246 2751 tum.
269 2687 465 2750 Conferatnr
486 2686 578 2750 Tomi
602 2686 642 2748 ll.
668 2687 838 2766 Prologus.

239 2787 345 2868 Siquis
367 2788 496 2851 demum
512 2808 553 2851 ex
570 2798 633 2851 tam
650 2790 825 2868 praeclaris
848 2790 1033 2852 testimoniis
1056 2789 1145 2852 nobis
1167 2806 1273 2852 assen-

160 2891 215 2955 tiri
238 2891 392 2966 noluerit,
415 2892 525 2953 audiat
547 2910 630 2970 qnae
653 2893 682 2950 in
701 2890 876 2968 Epistolam
891 2893 934 2953 cd
948 2889 1107 2954 Romanos
1123 2889 1220 2954 Libro
1236 2889 1274 2952 V.

160 3010 192 3054 n.
216 2988 246 3054 l.
267 3009 308 3052 ex
332 2990 501 3069 Apostolo,
524 2991 650 3053 sedebi
676 2992 763 3052 veuit
789 2993 988 3063 mandatum,
1008 3000 1170 3070 peccatum
1196 2991 1277 3052 reui-

159 3091 226 3165 eit,
242 3093 305 3154 aits
322 3111 339 3150 u
355 3092 398 3153 At
419 3091 573 3154 Basilides
600 3094 678 3155 baec
702 3112 763 3155 non
785 3093 955 3154 advertens
977 3093 1016 3154 de
1037 3092 1108 3170 lege
1124 3091 1276 3154 >naturali

160 3195 282 3258 debere
304 3193 451 3271 intelligi,
465 3195 504 3254 ad
521 3195 642 3272 ineptas
664 3202 694 3255 et
718 3196 828 3272 impias
853 3193 978 3254 tabulas
999 3209 1179 3254 sermonem
1195 3210 1271 3270 apo·

157 3294 313 3356 slnlicum
331 3294 429 3355 traxit
438 3312 450 3371 3
465 3302 497 3355 et
514 3296 544 3354 in
557 3301 843 3356 metensomatoseoe
859 3293 986 3370 dogma,
1004 3293 1085 3354 idest
1099 3292 1186 3369 quod
1204 3293 1272 3353 ani·

160 3413 233 3459 mae
255 3395 286 3455 in
307 3394 370 3457 alie
392 3403 489 3473 atque
511 3396 573 3456 alia
596 3414 733 3474 corpora
758 3395 1037 3467 transiundantur,
1054 3413 1094 3455 ex
1113 3396 1173 3457 boc
1189 3393 1274 3472 Apo·

155 3497 232 3560 stoli
255 3497 342 3558 dicto
363 3505 501 3558 conatur
523 3496 703 3558 adstruere.
729 3496 818 3559 llixit
833 3499 930 3568 enim,
947 3482 1063 3574 inquit,
1081 3495 1271 3576 Apostolus,

158 3599 236 3678 quia
259 3615 320 3676 ego
343 3597 489 3661 vivebam
511 3601 578 3660 sine
599 3597 671 3677 lege
693 3599 879 3677 aliquando.
897 3597 968 3660 Hoc
983 3607 1031 3660 est
1046 3608 1220 3677 antequam
1242 3599 1274 3658 in

158 3699 244 3762 istud
267 3716 387 3778 corpus
411 3700 565 3774 venirem,
589 3700 620 3760 in
643 3717 678 3760 ea
701 3701 807 3778 specie
830 3701 974 3779 corporis
998 3701 1085 3775 uixi,
1108 3717 1192 3779 quae
1213 3697 1274 3761 sub

155 3801 230 3880 lege
252 3816 315 3860 nnn
337 3809 442 3877 esset,
466 3800 597 3879 pecudis
618 3801 760 3875 scilicet,
785 3802 837 3862 vel
859 3802 936 3862 evis.
960 3801 1019 3864 Sed
1045 3819 1106 3862 non
1129 3799 1292 3878 respexit

154 3904 194 3963 ad
219 3901 263 3974 id,
286 3900 373 3979 qnod
396 3903 567 3980 seqnitur:
591 3902 670 3963 idest
692 3902 745 3962 sed
765 3901 818 3963 ubi
838 3900 921 3964 veuit
942 3903 1127 3964 mandatum
1141 3944 1149 3975 ,
1165 3920 1272 3980 pecco·

156 4010 226 4062 tum
247 3999 377 4063 revicit.
402 4000 473 4063 Non
495 4003 577 4062 enim
601 4002 682 4062 dixit
711 4020 745 4063 sc
779 4004 900 4064 venisse
924 4004 961 4063 ad
986 4003 1193 4064 mandatum:
1217 4002 1272 4063 sed

154 4101 195 4162 ad
217 4119 252 4164 se
276 4100 397 4163 venisse
421 4101 632 4163 mandatumr
655 4108 687 4163 el
709 4113 876 4179 peccatum
899 4121 961 4163 non
984 4101 1064 4164 dixit
1086 4118 1148 4163 nou
1171 4100 1269 4164 luisse
1357 4168 1360 4175 ,

153 4204 186 4264 in
208 4219 256 4279 se,
279 4201 333 4266 sed
356 4210 523 4268 mortuum
547 4201 644 4267 luisse
666 4212 708 4267 et.
721 4205 888 4270 revixisse.
907 4203 941 4266 ln
956 4221 1022 4283 quo
1037 4205 1150 4284 ntique
1166 4211 1272 4268 osten·
