2886 4784
176 358 465 540 {fissranpetistaa
487 462 615 543 legisset
635 460 813 525 secontiam
836 461 1015 544 praefatam
1048 428 1278 530 bodicrnim'e·

176 565 344 637 ditionem,
368 563 464 626 aliter
483 583 665 627 sermonem
686 583 782 628 suum
814 583 1001 645 exponens,
1035 567 1190 634 dixisset:
1213 569 1277 647 qaia

174 667 200 731 si
224 667 265 728 ita
288 672 336 728 est
357 682 453 727 causa
479 667 552 740 viri,
577 675 612 729 ut
633 684 696 727 non
717 666 813 728 liceat
833 669 862 728 ei
884 670 1023 729 uxorem
1045 668 1212 753 dimittere
1231 671 1278 731 nisi

175 767 219 831 ob
241 765 498 841 fornicationem,
514 776 544 828 et
563 765 662 830 ctiam
682 766 796 828 ducere
818 778 878 831 etc.
897 765 976 850 itam
998 769 1030 831 in
1051 766 1154 831 Libro
1172 767 1228 832 ΙΙΙ.
1245 767 1280 833 Dr

175 865 355 946 ot'rpins‘itns
375 886 416 929 ex
439 869 552 930 eodem
582 871 705 945 capite:
728 875 757 930 et
776 877 851 931 enat
873 869 1053 948 spatiantes,
1085 869 1143 951 qai
1174 869 1278 950 seipsa

175 955 398 1033 castraverunt
414 978 544 1049 propter
563 987 695 1050 repnnm
717 971 896 1034 coeloram:
920 986 944 1032 tr
957 988 1049 1048 nam,
1073 974 1141 1046 ait,
1164 976 1280 1036 cumin

172 1072 398 1152 superioribas
420 1072 609 1152 conjuginm
640 1073 871 1136 memoraverit
900 1090 965 1136 non
994 1091 1066 1136 esse
1098 1074 1280 1138 solvendum

172 1172 240 1238 nisi
259 1172 417 1237 cas-,cansa
438 1172 689 1256 fornicationis,
723 1175 753 1236 iu
783 1175 1018 1254 posterioribus
1049 1182 1114 1238 etc.
1136 1194 1155 1233 a
1180 1175 1280 1257 itaque

174 1285 238 1340 tam
262 1277 292 1338 in
315 1276 387 1347 hoc,
404 1293 501 1354 qoam
524 1276 554 1337 in
572 1275 752 1355 praemissis
768 1275 928 1338 Ambrosii
947 1275 1136 1338 testimoniis
1151 1297 1193 1340 ex
1210 1275 1280 1341 uas-

175 1378 259 1441 tbaei
282 1394 311 1438 c.
338 1375 426 1439 xtx.
450 1377 535 1439 haud
559 1386 682 1439 tantum
711 1377 851 1457 conjugii
884 1375 1207 1441 indissolubilitatem
1234 1378 1280 1442 tio·

174 1481 256 1552 cuit,
279 1479 375 1539 etiam
397 1486 501 1540 stante
523 1478 686 1540 adulterio
703 1498 712 1540 r
728 1478 783 1540 set
800 1487 831 1540 et
845 1477 928 1541 illati
944 1478 1016 1540 inde
1031 1477 1188 1556 insertur,
1203 1477 1279 1560 quoti

171 1598 230 1642 nos
250 1581 453 1657 quaerimus,
476 1579 629 1641 nimirum
643 1579 809 1669 ‚codicem
825 1597 923 1658 qnam
944 1580 1011 1660 ipsc
1032 1579 1127 1659 legit,
1144 1578 1279 1660 Evange-

134 1700 137 1705 ’
171 1682 294 1744 iiornm
325 1681 421 1761 juxta
455 1690 596 1743 veterem
631 1681 762 1743 iatinam
797 1684 1001 1755 versionem,
1025 1685 1279 1763 nequaquamiu

173 1801 205 1846 v.
228 1779 259 1846 9.
288 1783 385 1843 verba
409 1781 597 1860 praeterea:
620 1780 678 1859 pai
698 1776 853 1844 dimiserit
874 1799 1005 1842 oaorem
1028 1798 1150 1857 snam,
1171 1779 1237 1847 nisi
1249 1781 1279 1844 ab

170 1882 433 1966 fornicationem,
456 1893 485 1945 et
504 1880 606 1945 otiam
628 1879 781 1956 donarit,
804 1879 996 1943 maechatur.
1023 1878 1066 1943 Et
1096 1884 1277 1962 praesertim

173 1987 235 2050 boc
255 1987 364 2048 eiucet
385 2005 426 2048 ax
448 1986 682 2049 commentario
703 1980 739 2044 in
763 1980 902 2058 Lucam,
925 1989 957 2044 et
974 1979 1129 2045 Tractata
1153 1981 1198 2046 De
1216 1983 1278 2046 bor·

168 2089 285 2152 tatiane
306 2088 348 2149 ad
368 2085 611 2166 oirqinitatem:
637 2087 690 2149 ubi
720 2089 901 2167 perspicue
921 2085 1090 2164 descripsit
1110 2092 1147 2149 et
1167 2086 1277 2152 discus·

167 2193 210 2253 sit
232 2207 285 2252 vr.
306 2187 336 2252 5.
359 2188 391 2254 6.
411 2189 442 2254 7.
464 2187 494 2254 8.
518 2183 610 2254 9.1θ.
627 2185 676 2252 ii.
693 2205 721 2250 c.
739 2183 825 2250 XiX.
845 2185 990 2265 ejusdem
1013 2183 1190 2264 Matthaei,
1205 2187 1273 2268 quia

169 2297 276 2354 tamen
297 2299 457 2353 recentem
482 2290 645 2368 vulgatam
667 2298 876 2366 expromeret
896 2286 1080 2353 lectionem.
1269 2294 1271 2298 ’

251 2389 442 2453 Philostrius
456 2389 618 2453 Ambrosii
632 2388 812 2462 familiaris,
823 2392 975 2469 (qnorum
991 2389 1149 2470 antiquae
1165 2387 1273 2469 Vnipt·

172 2499 224 2556 tac
245 2495 372 2556 codices
395 2511 434 2554 ex
452 2493 527 2564 ioci,
543 2492 658 2552 aetatis
669 2535 680 2566 ,
693 2500 725 2552 et
739 2509 850 2552 sensns
866 2491 1106 2570 propinquitate
1122 2491 1218 2555 iidem
1228 2491 1272 2571 ju·

173 2609 210 2655 re
233 2603 438 2670 repetuntur,
461 2593 542 2653 adeo
563 2601 598 2654 ut
622 2594 651 2651 in
676 2592 735 2654 bac
764 2593 952 2671 quaestione
981 2602 1131 2655 mutuam
1155 2595 1213 2657 sibi
1233 2592 1271 2654 uti

168 2700 201 2756 et
222 2694 312 2755 nobis
334 2702 497 2770 praestent
518 2689 668 2772 operam)
683 2693 714 2752 in
734 2689 833 2754 Libro
851 2689 893 2752 De
912 2690 1092 2754 haeresibus
1109 2712 1142 2754 n.
1157 2692 1271 2763 84qu

169 2795 267 2858 titulo
287 2792 489 2866 abstinentes,
512 2794 636 2871 inquit:
661 2813 677 2851 a
699 2792 777 2855 Sunt
793 2784 832 2853 'in
853 2790 981 2867 Galliis,
1000 2777 1035 2854 et
1059 2791 1231 2873 Hispaniis,
1244 2800 1272 2854 ct

168 2893 356 2974 Aquitania,
382 2894 481 2955 veluti
503 2894 559 2971 qui
582 2895 817 2970 gnosticorum,
835 2902 868 2953 et
890 2892 1159 2955 manichaeorum
1184 2894 1270 2973 parti·

168 2995 277 3056 eniam
300 2981 595 3072 pernitiosissimam
619 3010 723 3070 aequa
744 3001 949 3071 sequuntur,
978 2992 1195 3073 eamdemque
1218 3008 1270 3054 non

59 3126 60 3135 κ
168 3095 317 3158 dubitant
339 3095 540 3174 praedicare,
560 3102 745 3173 separantes
766 3092 1027 3172 persuasionibus
1050 3095 1202 3176 conjugia
1222 3095 1269 3155 ba·

169 3198 293 3261 minam
327 3207 358 3259 et
390 3214 538 3259 escarum
561 3196 808 3268 abstinentiam,
831 3196 1079 3274 promittentes,
1101 3215 1189 3276 quae
1216 3210 1268 3257 una

167 3317 210 3362 ex
231 3297 323 3377 Legis
346 3307 518 3378 praecepto
539 3296 593 3359 sed
617 3317 658 3360 cx
681 3296 891 3376 promotionis
906 3294 1056 3358 coelestis
1071 3305 1104 3358 ct
1118 3295 1268 3376 dignitatis

166 3417 276 3473 causa,
296 3400 453 3462 volontati
470 3399 635 3462 hominnm
655 3399 756 3460 talisa
772 3397 899 3460 Christo
914 3414 1066 3460 concessa
1089 3407 1140 3461 est
1161 3396 1263 3478 pratia.

166 3497 252 3563 Dicit
273 3502 356 3562 enim
380 3499 535 3563 Dominus
558 3499 677 3563 Petro:
699 3517 763 3561 non
783 3517 887 3562 omnes
905 3495 1040 3577 capiant
1060 3497 1121 3562 isac
1141 3500 1265 3562 aeriam.

169 3598 210 3665 Et
230 3603 348 3663 iterum
370 3601 454 3664 idem
472 3598 626 3662 Dominus
646 3602 708 3663 ait:
724 3597 780 3682 qni
800 3597 952 3663 dimiserit.
972 3616 1106 3662 naerens
1127 3620 1217 3665 snam
1234 3594 1269 3661 n'·

166 3719 205 3764 nc
224 3719 323 3763 cansa
343 3699 504 3776 criminis,
516 3699 596 3782 facit
616 3720 682 3764 eam
696 3701 863 3764 moechari.
880 3700 979 3764 atiud
1001 3708 1052 3765 est
1073 3703 1186 3782 itaqua
1204 3719 1268 3765 con·

166 3820 261 3867 sensu
284 3805 445 3865 communi
468 3804 529 3865 hoc
551 3802 619 3864 fieri
635 3804 741 3866 landis
755 3820 853 3865 causa
867 3802 998 3882 majoris
1013 3805 1264 3885 consequentiae,

166 3909 200 3964 et
221 3901 310 3963 aliud
333 3911 443 3963 contra
467 3903 571 3981 legem
593 3903 752 3977 suadere,
775 3910 954 3982 contraque
975 3905 1152 3968 amborum
1173 3906 1269 3970 iacere

168 4001 413 4065 volontatem.»
437 4001 552 4082 itaque
572 4003 669 4065 simul
691 4004 890 4075 considerata
915 4004 1082 4069 Philostrii
1103 4007 1269 4089 expositio·

132 4131 136 4139 ·
162 4120 206 4165 aa
227 4104 334 4180 quoad
356 4103 567 4185 conjugium,
589 4113 678 4184 patet
699 4113 798 4168 totam
816 4106 898 4167 verti
913 4124 1014 4185 super
1028 4109 1268 4189 pharisaeorum

165 4205 387 4282 quaestionem
408 4224 484 4271 cum
504 4203 584 4272 Jasu
602 4204 698 4287 iuxta
720 4203 878 4272 Matthaei
898 4207 984 4274 dicta
999 4210 1030 4273 in
1046 4229 1075 4276 c.
1092 4209 1182 4277 XiX.
1198 4227 1269 4292 quo·
