2886 4784
1232 322 1274 392 69

158 478 255 535 nam,
279 476 377 538 quam
398 454 498 538 paulo
520 461 593 517 anto
618 446 827 529 reprobavit,
860 437 1096 507 sotuoitttatem
1128 433 1273 544 statpans

158 563 324 644 conjugii,
348 559 434 639 qood
457 556 573 619 ibidem
597 554 753 617 Dominus
774 544 889 629 quavis
910 542 951 606 do
976 553 1100 611 causa,
1132 548 1170 593 ao
1188 527 1272 646 adep

158 663 258 728 ctiam
279 666 383 725 stacia
405 660 501 724 unius
522 657 667 739 coniugis
690 648 914 721 fornicatione,
936 659 978 706 ax
1001 637 1166 717 primaeva
1187 633 1275 690 instr-

163 764 287 828 tutione
310 762 440 844 perenni
463 760 593 825 vinculo
614 758 840 821 intemeratum
862 743 985 819 docuit,
1009 736 1188 815 voluitque.
1212 726 1253 809 (a)

258 3359 292 3439 (⁵)
313 3360 391 3417 Haac
419 3354 535 3432 antiqua
561 3364 591 3416 st
616 3358 740 3434 genuina
765 3354 848 3419 lectio
879 3352 1032 3436 sodomus
1062 3366 1147 3420 sonsa
1175 3364 1289 3437 sarapta

180 3451 270 3515 iuisss
288 3457 399 3513 ridetur
416 3471 503 3527 penos
522 3471 604 3528 apros
622 3456 806 3525 nestorianos,
825 3463 897 3513 tosta
913 3456 1038 3528 Josapho
1055 3456 1182 3513 Simonio
1199 3459 1291 3514 Assos

180 3551 276 3606 manio
304 3549 333 3602 in
361 3548 449 3603 Tomo
467 3547 519 3602 lv,
539 3545 729 3603 Bibliothecae
757 3548 907 3605 Orientalis
925 3567 952 3622 p.
971 3547 1034 3605 326.
1053 3548 1083 3604 Is
1101 3547 1170 3605 citat
1191 3549 1290 3606 Timo-

179 3643 280 3700 theum
298 3641 408 3697 illorum
426 3641 628 3714 patriarcham
656 3642 705 3713 qui
731 3642 762 3696 in
789 3643 897 3716 synodo
916 3642 983 3699 anni
1000 3641 1063 3698 786.
1084 3650 1113 3698 ct
1130 3645 1292 3698 confirmata

180 3751 228 3791 an.
248 3732 311 3789 804.
330 3734 447 3790 statuitz
468 3755 481 3784 ι
502 3731 592 3789 Nemo
610 3734 748 3805 propriam
766 3752 887 3795 uxorem,
900 3735 1031 3798 dimittat,
1045 3735 1100 3789 nisi
1112 3751 1197 3790 causa
1207 3733 1292 3789 iorni-

175 3825 320 3892 cationis,
340 3833 390 3881 aut
408 3821 573 3899 religionis;
592 3823 743 3881 dummodo
761 3834 857 3884 tamen
875 3827 909 3882 ad
928 3826 1055 3883 seculum
1074 3845 1130 3881 non
1148 3827 1292 3900 regredia-

180 3927 239 3975 tur.
259 3919 297 3974 Et
314 3919 383 3974 hacc
400 3919 440 3973 ait
453 3919 488 3976 in
506 3919 576 3974 Oan-
593 3917 639 3975 42.
660 3917 743 3974 Porro
763 3919 792 3973 in
811 3920 879 3977 Gan.
900 3919 945 3976 44.
966 3917 1088 3975 dicitur:
1110 3932 1122 3970 t
1145 3919 1176 3974 Si
1194 3918 1294 3975 mulier

180 4011 318 4068 fornicata
334 4013 438 4080 fucrit,
458 4012 516 4068 siro
532 4011 592 4079 rir3
611 4010 711 4067 mulier
730 4011 843 4084 quidam
871 4011 953 4068 domo
982 4013 1113 4086 ejiciatur
1131 4011 1208 4067 nuda
1235 4013 1296 4068 sins

182 4105 251 4162 doto
261 4124 268 4174 ς
286 4104 416 4160 similitor
432 4104 483 4160 vir.
505 4103 583 4160 Uxor
600 4115 695 4160 autom
713 4123 770 4161 non
788 4103 876 4162 nubat
887 4124 893 4160 :
906 4103 956 4177 qui
974 4104 1050 4161 enim
1069 4104 1213 4162 dimissam
1239 4105 1296 4162 dst-

182 4201 267 4265 xsrit,
287 4197 459 4256 moechatur.
479 4197 552 4254 item
570 4196 686 4254 maritus
704 4215 761 4253 non
780 4198 864 4254 ducat
881 4197 1002 4255 aiteram.
1025 4222 1038 4248 ι
