2886 4784
548 438 687 505 corut
710 439 797 502 Vlll.
1191 338 1234 403 73

140 618 281 705 physici
301 628 329 683 et
354 617 480 683 Callisti
504 620 693 703 Pontificum
704 621 778 702 fidei
791 620 960 700 intrpritas
975 623 1012 683 de
1029 617 1142 683 SSrisue
1160 617 1188 681 Τ
1185 619 1230 681 ri·

140 721 259 787 nitutis
279 719 432 803 Mysterio
453 724 605 785 aduersus
627 722 827 804 Anonymum
844 733 1078 803 propupnutur.

140 886 215 1013 :um
240 946 335 1027 plura
358 947 432 1023 siut,
452 956 489 1008 ut
507 945 656 1023 vidimus,
673 947 948 1010 insimulationum
966 948 1067 1025 capita
1085 947 1126 1007 ab
1141 947 1224 1008 Auo·

141 1068 206 1113 mo
228 1056 380 1110 contexta
404 1049 433 1109 iu
457 1049 567 1110 ambus
590 1046 772 1119 Pontifices,
795 1051 863 1110 sire
886 1049 1003 1110 horum
1020 1050 1167 1128 dogmata
1183 1052 1223 1110 si·

163 1167 279 1213 mores
301 1151 572 1224 considerentur,
595 1150 635 1210 ab
660 1169 699 1211 eo
727 1152 939 1229 incipiemus,
971 1153 1025 1213 uni
1053 1150 1227 1230 praecipue

142 1253 235 1317 tttsrt
260 1252 338 1313 fides
359 1251 399 1313 de
420 1249 545 1315 Triadis
560 1249 716 1334 Mysteriu
732 1251 912 1314 catholicae
928 1251 1093 1314 doctrinae
1108 1253 1227 1311 dicitur

142 1354 289 1426 uersari,
308 1353 425 1432 quippe
455 1349 609 1441 Heracliti
635 1352 869 1431 philosophiae,
892 1360 924 1414 et
946 1348 1116 1427 Theodoti,
1140 1346 1224 1416 Noe·

161 1463 201 1517 ct
222 1452 355 1516 Sabellii
378 1453 546 1515 erroribus
568 1462 807 1532 superstructa.

187 1555 242 1619 Sic
263 1562 373 1616 autem
398 1554 585 1637 Anonymus
606 1558 690 1616 inter
711 1555 773 1616 alia
796 1554 964 1618 docentem
980 1555 1103 1617 inducit
1123 1552 1229 1617 Ponti·

140 1675 223 1721 cm:
254 1651 380 1716 Verbum
402 1673 463 1716 esse
484 1653 588 1732 ipsum
609 1653 743 1731 Filium,
767 1657 965 1735 eumdemque
988 1655 1117 1718 Patrem
1146 1673 1229 1718 nue-
1284 1658 1288 1665 “

140 1764 283 1840 patum
304 1773 405 1818 unum
426 1764 530 1818 autem
551 1775 615 1819 esse
646 1754 803 1837 Spiritum
834 1757 1026 1820 indivisum:
1047 1777 1110 1822 non
1137 1758 1230 1822 aliud

140 1869 243 1923 rtrem
263 1876 349 1934 esse,
372 1855 464 1919 aliud
484 1856 619 1933 Filium,
641 1861 692 1920 sed
713 1878 816 1921 unum
836 1860 978 1940 idemque
1005 1881 1090 1935 esse,
1120 1861 1229 1923 emnia

140 1959 236 2025 iritu
257 1957 368 2022 divine
388 1957 423 2020 te
444 1961 526 2021 coele
546 1970 575 2022 et
595 1959 631 2021 in
653 1970 738 2025 terre
756 1961 936 2034 abundare;
955 1958 1174 2041 Spiritumque
1188 1963 1228 2025 il·

140 2080 170 2125 m
193 2057 233 2122 in
255 2070 343 2121 utero
369 2056 509 2138 Virpinis
531 2058 738 2123 incarnatum
758 2079 823 2122 een
838 2059 942 2122 elium
956 2080 1019 2123 esse
1033 2081 1070 2123 ac
1087 2062 1226 2136 Patrem,

140 2164 156 2226 l
183 2179 286 2224 uuum
301 2170 329 2223 et
342 2162 423 2223 idem
438 2179 510 2223 esse.
529 2159 616 2222 lttud
634 2160 717 2222 enim
733 2159 916 2240 sipnificure
930 2163 1014 2242 quod
1032 2159 1229 2225 dictumest:

140 2282 215 2327 eme
237 2265 350 2340 credis,
372 2262 449 2343 quie
470 2281 540 2325 sum
561 2259 597 2323 im
620 2261 715 2324 Putre
735 2273 763 2324 et
787 2261 881 2324 Peter
901 2262 937 2324 in
957 2281 1002 2325 me
1018 2259 1091 2325 est?
1117 2262 1227 2326 Visidi-
1266 2334 1276 2351 ·

140 2387 163 2429 rs
187 2363 273 2427 emim
289 2375 424 2443 partem,
446 2382 526 2444 quae
546 2363 638 2424 domo
658 2373 712 2437 est,
729 2363 812 2425 daec
827 2382 889 2425 esse
906 2363 1050 2426 Filium:
1065 2364 1225 2427 inclusum

140 2478 214 2531 dem
235 2466 271 2529 in
294 2465 379 2529 Filio
400 2463 556 2544 Spiritum
582 2465 707 2533 Putrem
727 2484 800 2527 esse.
828 2465 899 2529 Non
925 2464 1008 2527 enim
1034 2465 1101 2542 uit,
1116 2466 1228 2529 dicam

140 2587 189 2631 tos
210 2586 275 2630 esse
298 2567 376 2629 Deos
400 2567 526 2629 Putrem
547 2576 574 2628 et
597 2565 732 2640 Filium,
752 2569 925 2630 sedunum
947 2566 1061 2630 dicem.
1088 2566 1126 2629 ln
1144 2566 1229 2630 Filio

140 2671 192 2734 im
215 2680 360 2732 moratus
383 2669 490 2742 Peter,
514 2679 687 2746 susceptum
708 2689 728 2730 a
749 2688 779 2730 ae
800 2687 940 2744 curnem,
967 2667 1111 2732 divinem
1131 2669 1228 2750 effecit

152 2790 281 2844 mnam;
303 2770 350 2834 ite
370 2780 406 2832 ut
429 2769 526 2832 Pater
546 2778 574 2831 et
594 2767 702 2832 Filius
725 2779 891 2832 uocaretur
920 2787 1005 2832 uuus
1039 2770 1145 2834 neus:
1173 2770 1230 2852 qui

144 2893 181 2935 m
204 2889 274 2934 une
291 2890 428 2951 persona
450 2869 507 2944 rit,
528 2871 646 2948 duplex
666 2890 728 2933 esse
749 2891 813 2932 non
830 2881 949 2949 potest;
971 2881 999 2933 et
1019 2891 1053 2932 ee
1073 2891 1165 2935 sensu
1181 2869 1229 2933 di·

140 2987 196 3038 tur
220 2972 316 3036 Peter
337 2991 399 3034 esse
416 2990 531 3050 pessus
553 2991 622 3033 cum
647 2971 739 3035 Filio.
761 2993 777 3030 >t

191 3072 312 3137 Deinde
333 3077 365 3136 in
388 3073 485 3136 Libro
503 3071 540 3137 X.
557 3094 583 3136 c.
602 3071 721 3137 xvlu.
741 3092 855 3136 rursus
876 3075 1066 3156 Anonymus
1082 3074 1226 3155 ejusdem

140 3177 237 3239 illisti
259 3177 410 3254 exposuit
432 3174 676 3253 professionem,
699 3193 796 3253 quoru
819 3175 896 3237 dicit
919 3184 1103 3238 mutuatum
1128 3176 1226 3237 luisse

146 3274 251 3340 Noeti
273 3275 439 3338 doctrinas
465 3296 479 3334 s
504 3274 597 3338 Dixit
616 3274 718 3354 ipiter
739 3274 986 3349 Necessitatem
1005 3292 1068 3336 esse
1085 3273 1183 3336 Deum
1196 3284 1224 3336 et

140 3388 245 3441 utrem
267 3375 514 3453 uniuersorum,
535 3376 629 3439 illum
650 3376 758 3441 emmiu
788 3375 923 3458 secisse,
956 3386 985 3438 et
1011 3374 1229 3439 absconditum

140 3479 212 3540 isse
227 3475 282 3553 iia,
298 3477 355 3556 qui
375 3487 464 3552 sunt,
486 3497 584 3558 quum
604 3479 694 3540 vellet
704 3499 714 3537 .·
731 3488 759 3540 et
774 3479 925 3552 eumdem,
942 3496 1040 3558 quum
1058 3478 1159 3553 uellet,
1175 3498 1229 3557 up·

140 3578 280 3645 troisse:
300 3589 330 3641 et
350 3599 413 3643 esse
434 3577 624 3642 invisibilem
645 3581 775 3660 quando
796 3599 861 3642 non
883 3579 1099 3660 conspiciture
1122 3578 1230 3641 cisili-

140 3703 168 3743 m
191 3698 267 3741 vero
288 3681 415 3761 quaudo
438 3681 657 3759 conspiciturr
681 3690 708 3742 et
730 3680 907 3761 inpunitum
937 3682 1063 3759 quondo
1093 3699 1157 3742 non
1184 3678 1232 3759 pi·

140 3782 224 3846 titur
244 3781 345 3856 domo,
367 3792 396 3843 et
414 3781 557 3861 petritum
578 3785 706 3862 quamdo
726 3801 766 3844 ec
793 3780 917 3861 Vispine
938 3778 1104 3854 nescirem·
1120 3788 1149 3840 et
1169 3778 1229 3840 im·

140 3881 292 3947 meililem
313 3894 341 3945 et
362 3884 571 3947 immortalem
597 3885 725 3965 pisendo
753 3903 808 3946 nec
836 3883 964 3963 petitur
993 3901 1047 3944 nec
1077 3880 1223 3943 murmur.

143 4003 222 4048 uum
244 3995 348 4046 eutem
364 3983 528 4063 passiones
549 3984 669 4059 adsint,
687 3984 762 4065 pati
783 3996 811 4048 et
826 3982 909 4047 mori
923 3982 980 4045 eit.
1003 3982 1152 4044 Eumdem
1170 3983 1230 4046 Pu-

141 4106 191 4148 em
213 4096 241 4147 et
262 4085 381 4150 Filium
399 4086 545 4166 propriis
567 4084 755 4165 temporibus
780 4099 923 4152 uocatum
949 4083 1049 4165 fuisse
1074 4083 1235 4148 emistimut

140 4198 240 4268 ruptor
260 4206 310 4264 eu,
330 4208 409 4270 quae
430 4188 459 4251 ei
479 4189 675 4253 ecciderunt.
