2886 4784
163 486 196 539 et
217 474 357 540 Leonem
381 475 586 554 Apostolicae
608 473 698 539 Sedis
721 474 907 555 praesules;
924 473 980 554 qni
1000 473 1145 555 singulas
1167 466 1275 536 haere·

157 595 230 649 ses,
254 594 313 655 pro
334 575 440 637 divina
464 576 523 638 sibi
546 575 783 655 dispensatione
812 576 1006 649 commissa,
1029 592 1104 637 cnm
1129 573 1274 654 synodali

158 678 407 755 congregatione
429 671 640 748 damnantes,
661 676 737 754 quid
761 677 869 739 cuncti
892 674 1089 756 generaliter
1109 676 1205 755 sequi
1226 674 1275 737 de·

158 777 256 840 beant
277 779 460 851 christiani,
485 795 634 840 mansura
658 778 689 838 in
710 795 828 840 aerum
849 777 921 854 lege
951 768 1146 849 sanxerunt,
1169 775 1276 838 lauda·

160 878 216 940 hili
249 879 509 942 commemoratis
539 877 659 940 ellectu
682 923 690 938 .
716 922 723 937 .
750 921 757 938 .
782 922 789 939 .
815 876 850 939 ln
883 879 931 939 his
963 894 1065 950 vero,
1100 879 1131 938 in
1161 877 1275 956 quibus

161 977 312 1042 Mennam
334 979 470 1042 t'ratrem
492 987 524 1041 et
545 981 773 1058 coepiscopum
796 986 943 1042 nostrum
975 997 1153 1042 memorem
1180 976 1275 1040 libelli

52 1083 56 1091 '
160 1082 225 1157 sui,
247 1099 344 1161 quem
373 1081 615 1160 praedecessori
648 1086 759 1143 nostro
789 1081 902 1143 beatae
935 1082 1112 1144 memoriae
1135 1079 1276 1161 Agapeto

160 1182 369 1246 ordinationis
390 1202 468 1245 suae
492 1193 637 1261 tempore
661 1190 787 1244 restrae
809 1181 1000 1245 clementiae
1022 1202 1184 1246 consensu
1205 1199 1272 1262 por·

161 1292 308 1358 rexerat,
327 1284 478 1363 sequitur
499 1300 614 1345 resera
636 1280 726 1345 Sedis
748 1282 953 1361 Apostolicae
971 1284 1187 1363 disciplinam,
1205 1284 1272 1346 bae·

160 1384 268 1447 reticio
289 1384 422 1446 interius
444 1384 682 1462 comprehensis
704 1383 825 1447 Severo
848 1385 1056 1465 eutychiano,
1083 1384 1181 1448 Petro
1204 1400 1270 1464 apa·

160 1502 253 1548 meno
284 1494 318 1548 et
350 1485 503 1548 huthimo
532 1486 687 1548 ecclesiae
722 1486 1085 1565 constantinopolitanae
1120 1498 1267 1567 per'raso·

163 1587 192 1648 ri
215 1630 223 1646 .
245 1629 254 1646 .
279 1631 286 1647 .
310 1628 319 1647 .
342 1595 374 1649 et
395 1587 466 1649 aliis
486 1589 654 1649 anathema
679 1586 796 1648 dixisse
829 1587 928 1665 pietas
953 1596 1057 1649 vestra
1091 1585 1268 1657 mandarit,

162 1687 194 1749 in
216 1688 309 1752 nullo
331 1705 348 1749 a
372 1689 461 1750 nobis
483 1689 613 1768 quidem
637 1689 770 1750 moleste
787 1689 966 1769 suscipitur
986 1707 1003 1751 a
1027 1689 1195 1768 praedicto
1210 1686 1266 1749 ira·

54 1828 59 1833 ·
162 1798 211 1851 tre
233 1797 343 1850 nostro
367 1789 416 1850 rel
433 1807 449 1850 a
466 1790 613 1868 quolibet
635 1790 699 1852 alio
723 1791 752 1850 in
775 1790 955 1852 haereticos
977 1789 1061 1852 dicta
1085 1789 1263 1864 damnatio;

55 1944 62 1964 ,
160 1889 216 1952 sed
238 1898 268 1951 et
290 1889 427 1952 libenter
450 1891 689 1971 amplectimur,
705 1896 738 1952 et
754 1888 843 1954 Sedis
867 1888 1073 1970 Apostolicae
1096 1889 1265 1955 auctorita·

162 1998 193 2054 te
214 1990 380 2055 firmamus
403 2000 463 2055 oto.
488 2012 504 2049 o

241 2090 345 2155 Simnl
367 2096 478 2175 itaque
500 2094 667 2169 consertis,
684 2111 768 2175 quae
787 2092 988 2157 lastinianus
1010 2094 1057 2155 dea
1071 2113 1117 2168 se,
1143 2103 1175 2156 et
1197 2091 1267 2156 Pon·

166 2191 266 2256 tidoes
283 2194 448 2273 Agapetus
463 2203 495 2256 et
511 2192 649 2274 Vigilins
670 2194 710 2256 de
731 2195 841 2275 seipsis
863 2203 894 2256 et
917 2193 955 2256 de
973 2193 1122 2273 Principe
1138 2193 1266 2256 indubiis

161 2311 200 2358 ac
221 2294 342 2356 mutuis
363 2303 511 2359 asserunt
533 2295 810 2358 testificationibus
832 2295 873 2355 ab
894 2313 977 2356 anno
998 2290 1070 2357 535.
1097 2313 1202 2374 nsque
1230 2291 1264 2354 ad

161 2412 281 2456 annum
302 2391 370 2463 5d0.
398 2403 485 2474 patet
507 2413 602 2458 unam
627 2403 749 2458 tantnrn
773 2395 883 2467 sidem,
898 2403 929 2455 et
953 2412 1052 2457 nuum
1075 2395 1219 2456 studium
1238 2394 1264 2454 in

163 2494 405 2558 haereticorum
426 2497 635 2558 insectatione
657 2496 774 2559 borum
792 2501 989 2574 permovisse
1005 2497 1174 2574 animum3
1196 2497 1265 2576 quin

162 2596 274 2657 necin
297 2612 362 2657 uno
384 2614 442 2658 noo
464 2597 495 2657 in
516 2597 586 2658 aliis
608 2597 742 2676 aliquod
764 2596 951 2658 deiectionis
973 2596 1126 2659 iudicium
1145 2594 1265 2658 maniis·

162 2703 269 2759 stetur
285 2714 303 2758 a
319 2694 448 2778 Synodo
464 2697 721 2760 chalcedonensi.
736 2693 903 2759 Undenam
920 2712 999 2775 ergo
1013 2694 1187 2758 lastiniani
1203 2711 1268 2758 cnm

33 2787 38 2795 ’
165 2796 283 2877 vigilio
305 2798 472 2861 occultum
495 2805 624 2877 pactum
647 2813 678 2861 et
701 2797 789 2859 illius
811 2802 842 2862 in
865 2799 950 2863 hunc
973 2797 1123 2860 violentia
1148 2814 1206 2875 pro
1226 2813 1268 2857 re·

163 2902 365 2963 stauratione
387 2898 531 2963 Anthimi
553 2903 585 2960 ιιι
606 2901 713 2962 sedem
736 2900 965 2980 episcopalem,
981 2909 1013 2962 et
1032 2916 1092 2977 pro
1113 2895 1267 2976 acephalis

166 3008 199 3062 et
230 3017 290 3080 pro
322 3000 496 3062 abolitione
529 3003 684 3080 epistolae
705 3020 729 3062 s.
752 2999 896 3064 Leonis?
918 2999 1068 3062 Attamen
1091 2997 1268 3061 Anastasius

166 3101 265 3183 hujus
288 3103 460 3180 impietatis
483 3119 554 3163 reos
577 3112 756 3180 utromque
777 3103 912 3180 corripit
933 3110 963 3163 et
988 3099 1220 3177 lmperatorem
1242 3101 1269 3158 et

166 3201 297 3282 Papam.
321 3203 381 3267 Cui
404 3220 481 3282 ergo
504 3202 699 3264 credendum
723 3201 799 3265 est'?

246 3304 387 3378 Deinde,
411 3306 459 3366 his
480 3306 522 3367 ita
545 3324 578 3366 se
601 3305 792 3366 habentibus
815 3305 853 3365 de
877 3302 983 3381 vigilii
1006 3302 1180 3366 concordia
1203 3318 1275 3362 oum·

162 3405 345 3469 iustiniano
368 3409 399 3468 iu
422 3406 565 3467 huthimi
587 3415 618 3467 et
639 3407 872 3483 acephalorum
894 3406 1110 3475 damnatione,
1128 3415 1192 3466 tres
1213 3403 1266 3465 eir·

163 3509 246 3569 citor
266 3523 363 3568 annos
396 3507 545 3567 innovata
580 3516 651 3584 post
683 3505 844 3569 Pontificio
876 3507 1094 3569 ascensionem
1126 3506 1158 3566 in
1188 3501 1267 3565 Petri

162 3605 371 3678 Cathedram,
396 3625 434 3668 ne
455 3609 579 3670 sincera
601 3608 730 3685 quidem
755 3608 834 3669 fiunt
859 3609 1017 3669 Anastasii
1039 3606 1137 3679 diota,
1156 3605 1209 3668 ubi
1229 3603 1267 3664 ait

164 3706 319 3788 vigilium
353 3708 662 3787 Constantinopolim
695 3709 878 3786 proiectum
910 3712 995 3771 circa
1029 3725 1079 3767 an.
1103 3703 1186 3782 bil,
1217 3719 1267 3783 per

162 3811 245 3873 dnos
267 3828 366 3872 annos
387 3810 587 3873 contendisse
616 3828 689 3872 oum
721 3809 891 3873 Theodora
924 3818 956 3871 et
986 3808 1192 3881 lastiniano,
1213 3813 1265 3877 art,

161 3911 246 3992 quod
266 3920 360 3974 anteo
383 3911 484 3991 (idest
506 3911 546 3972 ab
567 3911 657 3973 initio
681 3911 888 3975 Pontificatus
904 3930 953 3974 an.
969 3908 1062 3988 538.)
1071 3910 1264 3991 promiserat,

161 4015 348 4076 restitueret
371 4012 560 4076 hutbimnm
582 4014 774 4092 acephalum
797 4016 828 4076 in
849 4015 957 4078 sedem
989 4033 1094 4077 snam.
1118 4011 1262 4077 Iustinia-

163 4129 223 4175 nns
245 4114 327 4175 enim
352 4121 423 4191 post
446 4109 553 4192 Vigilil
576 4111 765 4176 electionem
787 4115 874 4177 circa
896 4131 946 4175 an.
972 4109 1043 4178 5⁴0.
1068 4131 1125 4192 per
1150 4113 1262 4173 litteras

163 4213 223 4294 ipsi
245 4211 351 4296 Papae
372 4215 621 4295 acceptissimas,
641 4215 713 4282 lidei
728 4234 805 4281 suae
821 4215 1053 4296 professionem
1069 4215 1175 4278 emisit
1185 4232 1197 4290 3
1218 4203 1262 4272 ubi
