2886 4784
157 359 200 434 'dl

238 463 393 528 Similiter
414 462 516 526 relate
531 461 570 524 ad
588 463 764 524 verborum
788 475 896 533 nsum,
912 457 937 521 si
955 452 1178 538 Hieronymus
1199 456 1275 522 seri·

160 564 291 644 risisset:
320 553 472 644 Pontifex
501 556 615 629 Romae
635 562 717 643 coeit
737 561 891 641 synodum
911 559 1064 623 adversus
1088 554 1277 638 widonem,

160 673 232 742 apta
257 674 288 726 et
309 667 460 728 canoniea
482 666 581 726 latina
605 663 747 727 formula
770 680 848 724 usna
870 668 964 723 esset.
993 659 1076 725 Cum
1101 677 1184 724 vero
1209 661 1273 723 ait:

161 765 232 844 ipso
254 763 391 844 (Romo)
413 763 495 845 coeit
515 773 661 829 renotem
688 765 841 826 adversae
869 781 962 836 eum,
983 762 1189 827 considerata
1219 759 1279 826 Ur·

165 867 211 931 bis
232 868 413 931 conditione
435 874 512 931 tuno
532 868 592 930 sub
614 867 724 947 gentili
747 866 897 945 imperio,
918 865 995 927 satis
1015 863 1188 943 peregrine
1206 863 1275 926 talis

166 977 339 1050 appareret
353 970 462 1032 dictio.
480 968 527 1032 Ao
545 968 745 1032 tantumdem
762 987 825 1031 vox
840 973 968 1029 senatus
983 964 1116 1030 illerum
1134 965 1276 1029 indicans

165 1071 207 1132 ab
227 1071 441 1136 ecclesiastiea
463 1071 562 1134 latina
585 1074 825 1150 nuncupatione
846 1070 1049 1140 abhorrens,
1071 1085 1168 1130 suam
1190 1084 1279 1146 repe-

166 1173 204 1235 tit
229 1172 460 1236 derivationem
486 1190 504 1236 a
534 1172 695 1235 vocabulo
723 1189 840 1252 graeco
868 1163 1098 1271 πρεσβυτέριον
1127 1179 1276 1244 senetur,

165 1272 246 1336 idest
258 1273 509 1352 presbyterorum
529 1281 653 1346 coetum·
669 1292 767 1354 quem
787 1293 902 1339 revera
924 1275 1078 1338 adunavit
1095 1270 1280 1335 Demetrius

169 1370 388 1435 Alexandriae
416 1381 452 1436 nt
480 1374 629 1453 Origeuis
655 1374 850 1438 damnationi
878 1374 1109 1439 subscriberet.
1137 1370 1181 1434 Et
1210 1371 1280 1433 bino

166 1471 243 1552 jure
269 1473 464 1537 admittenda
487 1468 616 1539 videtur
640 1475 824 1538 emendatio
847 1477 933 1539 vocis
959 1473 1031 1555 ipso
1051 1475 1083 1536 in
1102 1469 1182 1553 ipre.
1210 1469 1280 1536 Non

168 1575 251 1635 enim
272 1572 343 1653 ipso
364 1577 477 1639 civitas
498 1575 560 1639 sed·
574 1574 640 1656 ipse
660 1577 828 1657 episeopus
846 1578 1052 1661 presbyteros
1074 1575 1168 1638 urbis
1185 1573 1282 1638 rolle-

171 1677 216 1754 git
237 1685 348 1739 eontra
372 1678 460 1741 illius
481 1678 613 1743 scholae
628 1678 834 1758 Magistrum.
851 1678 930 1742 ltem
951 1699 977 1742 s.
1002 1676 1225 1763 Hieronymus
1245 1675 1281 1738 de

168 1794 263 1841 sacro
292 1779 559 1862 presbyterorum
590 1788 649 1843 aut
676 1782 903 1859 episcoporum
934 1786 1095 1843 eonveutn
1122 1779 1278 1854 loeutus,

166 1896 331 1959 nunquam
353 1889 481 1943 senates
502 1898 580 1942 vore
602 1887 761 1955 deusest,
784 1882 838 1944 sed
861 1882 964 1945 altera
985 1885 1017 1946 iu
1040 1879 1188 1944 Ecclesia
1210 1896 1281 1959 pro·

170 1979 243 2041 bata
272 1981 411 2060 synodus
441 1982 493 2056 vel
518 1980 712 2059 ennodium,
741 1983 842 2047 veluti
867 2001 963 2064 saepe
988 1983 1136 2046 ooonrrit
1163 1983 1194 2044 in
1218 1980 1281 2043 suis

169 2082 305 2159 scriptis.
335 2079 573 2145 Tantummodo
601 2085 633 2144 in
664 2085 723 2145 hae
748 2084 884 2163 epistola
908 2085 1050 2147 scribens
1075 2083 1115 2144 ad
1148 2080 1280 2144 Paulam

171 2183 267 2262 eique
290 2201 486 2248 norrenses
509 2202 626 2264 graeco
650 2182 809 2264 Pamphili
825 2186 1049 2265 apologetico,
1066 2201 1153 2265 quae
1173 2201 1191 2245 a
1214 2181 1281 2248 Cle·

172 2303 210 2346 ro
230 2285 442 2350 alexandrino
471 2288 502 2348 in
528 2288 677 2350 eumdem
703 2296 822 2351 statuta
848 2298 944 2364 snut,
972 2288 1169 2350 verbotenus
1194 2302 1281 2365 grae·

171 2387 200 2448 ci
222 2385 397 2465 scriptoris
420 2406 530 2451 vocem
549 2385 778 2466 presbyterium
801 2392 831 2451 iu
851 2397 995 2450 senatum
1022 2386 1211 2462 transtulit,
1233 2401 1281 2449 eo·

174 2505 278 2566 usque
304 2488 335 2548 in
358 2486 501 2552 Eoelesia
524 2489 621 2551 latina
644 2491 844 2553 inusitatum.

252 2585 471 2663 Quamobrem
493 2609 557 2653 uon
579 2592 740 2653 immerito
762 2591 966 2667 existimavi,
989 2592 1030 2654 ab
1051 2589 1188 2671 epistola
1211 2586 1275 2651 ilie·

174 2688 300 2770 ronymi
324 2691 518 2754 vocabulum
541 2689 663 2765 Romo,
690 2689 946 2767 attestantem,
970 2694 1017 2754 uti
1038 2690 1273 2753 amanuensium

173 2789 312 2869 glossam
328 2793 500 2857 arbitrario
521 2802 553 2858 et
574 2795 796 2872 intempestive
812 2795 982 2871 intrusam,
999 2794 1214 2857 amovendum
1233 2806 1271 2852 es·

172 2909 220 2964 se,
238 2901 274 2956 ut
293 2895 446 2958 historiae
467 2904 642 2960 serventur
662 2898 757 2972 ordo,
773 2899 938 2978 integritas
960 2908 992 2963 et
1012 2917 1087 2962 enm
1110 2895 1221 2960 ceteris
1238 2888 1267 2950 dt

174 2991 234 3055 bae
257 3012 292 3058 re
314 3000 527 3062 monumentis
549 3001 780 3062 convenientia.
