2886 4784
158 325 199 392 58

158 447 273 489 nomen
298 429 462 507 transegit,
477 430 608 510 quippe,
628 436 663 490 ut
683 427 765 490 inira
789 429 929 503 dicetur,
948 427 1170 495 Romanorum
1189 426 1281 501 Pom,

159 530 279 592 tihcum
303 532 456 593 memoria
481 547 594 608 parurn
618 539 707 607 grata
730 531 838 594 sonuit
861 531 891 591 in
913 530 1047 592 auribus
1068 531 1146 593 suis.

240 632 272 691 in
294 633 376 692 idem
402 649 478 693 vero
499 631 642 694 studium
666 633 856 712 progressis,
879 632 967 695 citati
987 631 1074 696 Libri
1090 631 1162 695 vlt.
1188 632 1274 714 obji-

156 737 290 797 ciuntur
310 732 524 811 nobissapita
552 731 620 795 vlt.
644 741 676 794 et
699 729 785 794 vm.
813 735 866 794 ubi
889 735 930 795 de
951 733 1079 796 duobus
1094 729 1278 806 Theodotis

160 835 328 896 haereticis
352 835 430 896 haec
451 843 541 896 notat
558 854 565 896 ε
584 857 600 892 «
616 831 802 895 Theodotus
825 835 958 913 quidam
980 842 1051 897 erat
1067 834 1276 916 byzantinus,

159 939 215 1016 qui
241 935 422 999 introduxit
443 935 600 997 haeresim
618 952 744 997 noram.
763 933 887 999 Docens
901 936 940 998 de
956 937 1113 1016 principio
1128 938 1277 999 omnium

161 1053 271 1098 rerum
294 1055 334 1097 ex
356 1044 447 1114 parte
467 1035 582 1096 similia
605 1036 655 1109 iis,
672 1039 809 1113 quaein
834 1056 906 1099 vera
933 1036 1075 1100 Ecclesia
1099 1035 1276 1111 docentur,

158 1155 176 1198 a
201 1137 268 1198 Deo
289 1139 393 1199 omnia
419 1136 582 1198 fatebatur
604 1146 711 1199 creata
736 1138 844 1201 tuisse.
869 1139 1033 1202 Christum
1050 1147 1158 1200 autem
1175 1153 1278 1200 suum

161 1241 419 1316 eguosticorum
442 1246 475 1299 et
495 1237 639 1300 Cerinthi
670 1248 701 1301 et
733 1238 863 1302 Ebionis
895 1239 1049 1302 doctrinis
1082 1232 1277 1313 mutuatus,

160 1340 237 1402 dicit
260 1341 438 1402 hoc'modo
459 1343 670 1418 apparuisse:
694 1350 726 1404 et
747 1340 861 1405 Jesum
883 1361 952 1404 esse
969 1341 1127 1403 hominem
1144 1358 1187 1403 cx
1205 1337 1282 1403 vu·-

159 1443 231 1519 gine
253 1452 377 1513 natum,
400 1441 578 1502 secundnm
602 1442 802 1505 voluntatem
828 1443 931 1503 Patris
956 1442 1072 1516 vixisse
1093 1459 1167 1504 cnm
1190 1453 1281 1523 cetef

163 1544 206 1604 ris
229 1541 422 1616 hominibus,
439 1550 470 1604 et
488 1542 585 1605 fuisse
602 1546 743 1606 maxime
755 1543 941 1622 religiosum
952 1564 962 1622 3
979 1554 1156 1622 postremo,
1172 1561 1279 1622 quum

164 1644 386 1721 baptizaretur
407 1645 437 1704 in
459 1641 614 1717 Jordane,
637 1645 667 1704 in
689 1663 723 1707 se
742 1647 901 1724 recepisse
917 1643 1082 1707 Christum
1096 1643 1157 1706 sub
1171 1642 1279 1723 hgura

166 1743 339 1806 columbae
360 1762 501 1821 superne
523 1745 757 1808 advenientem.
782 1745 992 1824 Quapropter
1013 1764 1075 1808 non
1104 1747 1193 1823 prius
1218 1747 1285 1806 rir-

169 1855 254 1908 tutes
277 1847 307 1906 in
329 1845 387 1906 illo
408 1863 539 1923 operam
563 1866 654 1909 suam
677 1848 879 1925 impendisse,
893 1864 990 1926 quam
1008 1849 1093 1908 visus
1111 1845 1211 1908 fuerit
1226 1844 1283 1908 de·

167 1949 319 2010 scendons
349 1964 448 2027 super
479 1948 571 2010 illum
605 1949 766 2027 Spiritus,
801 1948 970 2009 deciarans
1001 1946 1069 2009 esse
1101 1945 1281 2011 Christum.

163 2048 266 2111 Deum
289 2059 398 2111 autem
422 2068 527 2129 neque
551 2060 626 2112 tunc
648 2052 698 2112 isti
722 2052 828 2129 ipsum
853 2049 973 2112 iactum
1004 2068 1072 2111 esse
1105 2049 1220 2111 volunt
1249 2049 1281 2108 in

162 2151 304 2212 adventu
325 2148 488 2230 Spiritusz
512 2151 566 2211 aiii
590 2160 698 2214 autem
722 2160 794 2229 post
816 2153 1091 2214 resurrectionem
1124 2167 1165 2213 ex
1195 2165 1284 2210 mor·

167 2253 240 2313 tuis.
263 2249 405 2315 Diversis
427 2260 535 2313 autem
559 2255 681 2314 exortis
704 2255 789 2314 inter
809 2271 864 2315 eos
887 2251 1148 2331 quaestionibus,
1180 2266 1282 2312 ausus

163 2352 377 2431 estquidam,
401 2361 433 2414 et
456 2355 521 2430 ipse
543 2352 732 2416 Theodotus
756 2354 894 2427 nomine,
918 2362 989 2416 arte
1011 2355 1180 2429 trapezita,
1198 2350 1285 2441 dice·

165 2473 211 2528 re,
237 2456 389 2517 virtutem
412 2454 586 2534 quamdam
603 2460 777 2518 unanimam
791 2475 859 2516 esse
880 2454 1132 2527 Melchisedech,
1150 2461 1181 2514 et
1197 2454 1284 2515 hunc

163 2555 293 2617 Christo
315 2573 383 2616 esse
405 2555 572 2633 majorem.
599 2555 700 2635 Cujus
723 2557 760 2615 ad
785 2556 954 2632 imaginem
972 2555 1092 2615 iactum
1115 2551 1282 2615 Christum

165 2654 263 2717 fuisse
284 2657 491 2717 contendunt.
509 2653 550 2717 Et
572 2655 629 2734 ipsi
654 2658 775 2734 pariter
797 2656 827 2716 in
849 2657 1038 2717 sententiam
1053 2663 1166 2717 euntes
1186 2671 1278 2732 prae·

165 2754 307 2818 fatorum
331 2755 614 2818 theodotiaoorum
638 2757 757 2818 addunt
784 2757 943 2818 hominem
977 2775 1045 2818 esse
1077 2753 1215 2828 Jesum,
1251 2761 1283 2816 et

162 2860 341 2920 secundnm
364 2859 508 2919 eamdem
531 2858 711 2920 doctrinam
734 2858 899 2921 Christum
921 2876 1022 2936 super
1044 2875 1118 2919 eum
1147 2858 1280 2918 descen·

162 2958 255 3019 disse.
284 2979 298 3013 o
960 2952 962 2957 ’
1243 2970 1246 2975 “
1279 2974 1282 2981 ’

246 3057 328 3121 Cum
350 3067 462 3122 autem
486 3061 563 3122 haec
585 3062 628 3122 ait
653 3061 853 3145 Anonymus,
877 3059 1120 3122 similitudinem
1138 3065 1283 3120 statuens

166 3158 251 3219 inter
272 3160 462 3224 Cerinthum
485 3171 517 3224 et
541 3161 697 3223 Ebionom
713 3181 787 3224 cum
806 3172 949 3240 utroque
966 3159 1147 3234 Theodoto,
1164 3178 1287 3241 nequa·

169 3276 266 3337 quam
288 3263 385 3325 sensit
406 3282 439 3324 se
463 3265 579 3340 partim
604 3264 717 3342 decipi.
742 3261 814 3326 Non
837 3264 922 3324 enim
946 3263 995 3323 isti
1025 3280 1133 3323 secum
1167 3279 1286 3322 conve·

171 3373 289 3423 nerunt
312 3365 342 3424 in
364 3363 524 3425 omnibus.
547 3362 719 3426 Corinthus
737 3381 826 3440 sane,
845 3371 923 3424 teste
941 3382 965 3423 s.
983 3360 1162 3440 Epiphanio
1185 3358 1286 3424 Haer.

172 3459 223 3526 28.
248 3481 277 3522 n.
299 3462 328 3525 1.
353 3463 488 3526 docuit:
514 3485 530 3522 «
554 3472 724 3543 postquam
747 3463 803 3525 ille
824 3461 921 3527 Iesus
944 3483 983 3525 ex
1006 3460 1140 3540 Josephi
1162 3470 1194 3523 et
1216 3461 1288 3524 Ma·

170 3566 237 3624 riae
258 3565 377 3626 semiue
399 3574 492 3626 natus
515 3564 680 3638 adoievit,
706 3566 735 3625 io
759 3564 845 3626 hunc
861 3582 878 3625 a
894 3580 1021 3626 summo
1043 3562 1099 3622 iilo
1119 3559 1188 3623 Deo
1203 3561 1292 3624 dela-

177 3683 268 3740 psum
284 3682 351 3724 esse
363 3662 541 3737 Christum,
555 3666 614 3726 hoc
630 3673 677 3727 est
693 3665 849 3743 Spiritum
863 3664 1016 3726 Sanctum
1030 3662 1202 3726 columbae
1217 3680 1289 3740 spo·

171 3767 220 3827 cie
241 3767 279 3825 ad
303 3763 503 3840 Jordauem,
527 3785 564 3828 ac
588 3775 656 3828 tum
679 3768 707 3828 ei
731 3769 931 3844 incognitum
956 3764 1085 3828 Patrem
1115 3771 1153 3824 et·
1173 3778 1232 3842 per
1254 3763 1292 3823 il·

170 3866 241 3927 ium
268 3867 402 3943 posteris
425 3867 623 3945 patefecisse.
650 3867 691 3931 Et
713 3867 755 3929 ob
779 3868 821 3941 id,
847 3885 922 3930 mox
946 3877 982 3930 ut
1008 3869 1037 3928 io
1065 3868 1168 3944 ipsum
1184 3863 1293 3927 coele·

171 3966 227 4026 stis
249 3965 304 4025 illa
326 3986 360 4028 se
381 3987 414 4027 se
439 3968 542 4030 virtus
565 3968 706 4039 infudit,
730 3976 878 4047 portenta
901 3979 932 4031 et
956 3967 1113 4029 miracula
1148 3974 1292 4043 patrasse

177 4074 238 4127 etc.
262 4083 278 4120 o
304 4061 450 4146 Uterque
474 4087 552 4132 vero
573 4066 760 4132 Theodotus
781 4069 929 4132 absolute
951 4080 982 4132 et
1003 4085 1131 4146 semper
1152 4066 1219 4127 ulia
1237 4064 1292 4125 ab·

175 4183 255 4244 sque
279 4173 429 4249 temporis
451 4172 651 4235 distinctione
674 4171 832 4235 divinitati
848 4170 966 4238 Christi
991 4168 1113 4234 mentiti
1127 4176 1220 4242 sunt,
1237 4165 1291 4228 ad·
