2886 4784
157 342 215 407 ltu

591 438 729 507 CAPUT
753 436 825 501 Vll.

155 641 246 703 Brevi
272 639 447 719 praemissa
475 639 670 704 discussione
698 645 734 704 de
761 640 853 706 Nocti
880 640 999 704 liaermi
1027 640 1186 706 Heracliti

188 741 401 821 pliilosopliiae
423 751 628 820 comparata,
651 741 826 824 Zephyriui
846 750 874 803 et
899 739 1028 805 Callisti
1050 743 1186 825 Pontifi-

193 864 263 906 cum
284 841 351 905 vila
370 852 398 905 et
418 840 564 905 doctrina
583 856 789 924 exponuntur
803 844 904 925 juxta
920 842 1081 923 Anonymi
1101 845 1186 908 testi·

195 942 335 1007 monium
378 986 1065 1006 ..............
1110 963 1185 1026 pag.
1225 944 1261 1012 63

586 1143 725 1210 CAPUT
748 1143 837 1207 vm.

153 1346 326 1429 Zepliyrini
339 1353 367 1406 et
385 1341 511 1407 Callisti
527 1345 717 1427 Pontificum
733 1346 806 1430 fidei
825 1347 993 1428 intepritos
1015 1349 1052 1410 de
1072 1345 1192 1414 ssnoe

193 1446 364 1514 Trinitatis
378 1444 528 1524 Mysterio
543 1452 695 1512 aduersus
710 1451 910 1529 Anonymum
923 1460 1159 1530 propupnotur.
1172 1471 1190 1510 u
1232 1451 1273 1517 73

603 1649 742 1715 CAPUT
766 1649 821 1713 lX.

156 1853 382 1919 Tlceodotionae
403 1866 431 1919 et
452 1852 618 1918 noetianos
633 1852 788 1913 liaereseos
803 1855 931 1931 frustra
950 1851 1123 1917 criminari
1138 1873 1191 1916 co·

195 1968 292 2020 natur
320 1959 502 2036 Anonymus
528 1974 568 2015 ss.
593 1953 762 2033 Pontifices
789 1953 1002 2036 Zephyriam
1029 1965 1058 2019 el
1091 1955 1194 2020 Calli-

106 2119 108 2122 ,
195 2068 276 2122 stum
321 2100 1123 2120 ................
1171 2077 1188 2116 n
1232 2057 1273 2124 82

614 2257 753 2321 CAPUT
777 2256 814 2318 X.

156 2461 231 2524 Item
253 2462 380 2526 Sabellii
401 2464 557 2525 haereseos
577 2446 678 2539 prolis
700 2460 737 2520 ab
762 2461 925 2537 Anonymo
948 2457 1095 2522 incusari
1115 2478 1195 2538 pro·

194 2565 287 2626 batur
304 2567 463 2643 [tractatos
489 2563 655 2641 Pontifices
678 2560 894 2640 Zephyriuum
916 2572 944 2623 el
970 2560 1152 2623 Callistum.
1175 2581 1193 2618 n
1236 2559 1276 2626 97

602 2739 742 2804 CAPUT
764 2739 821 2801 xt.

155 2916 325 3000 Rufulutu'r
345 2920 532 2999 Anonymus
556 2918 682 2983 Callisti
701 2919 836 2998 culpans
857 2914 1094 2996 indulpmtiam
1116 2934 1198 2996 erpa

190 3031 368 3100 peccatores
389 3040 599 3102 quoscumque
624 3032 696 3101 post
722 3018 912 3098 baptismum
938 3019 1068 3096 lapsos:
1089 3016 1196 3096 quasi

198 3120 338 3184 Ecclesia
363 3121 481 3186 Christi
505 3133 577 3184 ante
606 3123 661 3183 hoc
689 3131 807 3199 tempus
829 3141 849 3182 a
869 3117 1062 3198 poenitentia
1089 3127 1119 3179 et
1144 3138 1198 3181 re·

195 3221 414 3287 conciliatione
435 3220 605 3284 eoccluserit
616 3221 720 3300 fideles
742 3219 891 3301 cujusque
912 3216 1057 3282 criminis
1073 3236 1194 3281 reos.»
1218 3217 1278 3286 111

597 3404 736 3471 CAPUT
758 3405 831 3469 Xll.
917 3465 919 3469 ,

160 3572 340 3641 Dilunntur
368 3584 396 3636 et
421 3575 612 3654 refelluntur
636 3573 740 3654 primo
767 3594 807 3636 en
828 3595 852 3636 s.
876 3572 1080 3654 Epiphanio,
1110 3592 1197 3654 quas

200 3675 386 3752 Anonymus
405 3671 536 3736 Callisto
557 3672 756 3752 coprouoolr
774 3674 927 3736 secundas
941 3673 987 3734 ocl
1002 3669 1113 3735 tertias
1133 3662 1200 3734 itu·

197 3774 281 3853 ptias
302 3773 336 3835 in
363 3773 451 3837 Clero
472 3772 638 3836 admissos.
657 3769 810 3849 Secundo,
827 3775 912 3856 quod
927 3772 1019 3852 Papa
1039 3771 1201 3851 cujusque

199 3874 389 3936 conditionis
409 3875 490 3937 uiris
507 3873 688 3954 permiserit
709 3873 895 3938 mulieribus
921 3874 1045 3937 nubere.
1072 3870 1196 3950 Tertio,

201 3977 350 4036 adversus
371 3979 511 4038 eumdem
526 3973 680 4054 prolator
696 3994 752 4037 nea
769 3974 950 4052 Callistum,
966 3994 1021 4037 nec
1031 3984 1103 4055 post
1125 3991 1200 4037 eum

202 4075 372 4154 Pontifices
397 4096 542 4157 unquam
568 4077 604 4139 in
629 4075 771 4141 Ecclesia
792 4075 938 4141 Romana
964 4071 1111 4157 baptismi
1138 4077 1202 4137 ael·

202 4174 322 4239 misisse
344 4178 574 4242 renovationem
598 4221 1131 4242 ...........
1179 4196 1197 4236 n
1223 4175 1285 4244 118
