2886 4784
487 386 625 502 onear
649 430 721 495 vti.

40 641 143 711 Brevi
162 639 339 722 praemissa
360 637 555 701 discussione
576 639 612 699 de
633 636 723 702 Nocti
743 636 861 699 haeresi
883 634 1041 698 Heracliti
1062 636 1164 715 philo·

84 745 214 826 sophiae
234 751 430 820 comparata,
447 738 621 820 Zephyrini
641 749 669 802 et
687 738 815 802 Callisti
838 739 1029 818 Pontificum
1051 737 1118 802 uita
1138 749 1166 800 et

86 844 235 911 doctrina
254 853 459 923 exponantur
473 842 573 923 juata
596 839 756 921 Anonymi
776 839 999 904 testimoniam.

51 1111 105 1237 si
120 1173 289 1249 hucusque
298 1169 482 1232 summatim
499 1168 647 1251 expedita
661 1176 747 1241 sunt,
764 1187 848 1248 qaue
867 1169 1054 1252 Anonymus
1066 1171 1167 1244 scrip-

51 1280 93 1340 sit
117 1277 146 1336 iu
170 1273 435 1352 praecedentibus
458 1272 571 1334 libris:
605 1290 667 1332 non
690 1273 731 1332 ita
756 1260 862 1332 tamea
885 1273 1044 1349 agendum
1067 1280 1112 1332 est
1138 1271 1169 1328 ln

52 1375 154 1443 Libro
178 1368 231 1435 tx.
256 1376 310 1436 ubi
335 1374 491 1452 peculiari
513 1373 623 1434 studio
643 1373 804 1433 calamum
819 1373 993 1450 obstringit
1013 1371 1170 1432 advorsus

50 1470 144 1540 duos¹
161 1474 329 1538 Pontifices
351 1482 381 1534 et
405 1483 564 1554 martyres
588 1468 808 1557 zephyrinum
832 1482 864 1534 et
886 1471 1071 1546 Callistum,
1088 1490 1170 1550 quo·

54 1594 131 1638 rum
156 1574 321 1636 rarimode
344 1572 436 1633 fidem
460 1582 490 1633 et
513 1581 605 1632 aetus
628 1572 823 1650 iniquissime
849 1573 990 1635 vellicat.
1022 1570 1173 1650 Quapro-

54 1686 129 1756 pter
152 1685 264 1736 corttra
288 1674 379 1737 istius
402 1673 640 1750 improbitatem
660 1673 831 1752 plusquam
848 1675 878 1734 in
897 1672 1062 1750 praelatis,
1080 1674 1170 1734 nobis
1202 1684 1208 1693 ·

53 1793 265 1854 summopere
286 1775 503 1836 dimicandum
525 1781 584 1834 est.
625 1806 629 1815 ·

140 1879 187 1938 hc
209 1877 335 1938 interim
356 1877 450 1956 juxta
476 1875 682 1936 discussionis
704 1875 849 1936 ordinem
873 1874 999 1937 Auctor
1018 1875 1059 1935 ita
1077 1894 1173 1937 exor-

55 1981 147 2041 ditur
168 1976 323 2039 Librum:
348 1998 364 2036 a
389 1974 476 2050 Quae
491 1972 589 2053 fucrit
602 1973 693 2039 Nocti
705 1974 858 2037 maledica
872 1973 1040 2047 dementia,
1055 1986 1082 2036 et
1097 1994 1174 2053 pao-

57 2079 150 2140 modo
173 2076 296 2139 obscuri
317 2073 479 2138 Heracliti
496 2073 625 2153 placitis
646 2073 823 2136 adbaeserit
853 2092 918 2135 non
953 2072 1071 2136 Christi
1101 2077 1176 2155 dop-

59 2179 222 2243 matibus:
245 2186 273 2239 ct
294 2178 449 2256 quomodo
476 2174 649 2250 Callistus,
673 2174 841 2238 commixta
867 2174 1037 2238 Cleomenis
1064 2175 1176 2240 (disci-

55 2282 129 2359 pali
149 2276 239 2344 Noeti
249 2280 269 2356 )¹
286 2277 406 2341 haeresi
428 2288 457 2339 et
480 2276 652 2349 Theodoti,
674 2277 774 2340 aliam
795 2275 997 2339 recentiorem
1024 2275 1176 2339 baeresim

60 2381 310 2445 constituerit.»
335 2378 438 2441 Paulo
471 2390 543 2459 post
572 2398 603 2441 u.
636 2376 667 2442 8.
700 2379 809 2440 addit:
834 2378 1034 2454 «Quoniam
1066 2389 1175 2441 autem

59 2486 168 2562 stirpis
191 2484 282 2545 istius
305 2483 544 2545 baereticorum
561 2481 779 2559 genealogiam
805 2483 1175 2559 monstravimus,supe·

61 2595 125 2648 rest
147 2593 185 2645 ut
207 2600 341 2664 pravam
364 2600 479 2644 corum
503 2582 698 2661 placitorum
715 2581 946 2645 institutionem
963 2601 1175 2662 exponamus,

63 2685 219 2749 Heracliti
241 2680 391 2747 tenebrosi
413 2687 554 2763 primum
572 2685 699 2764 placitis
715 2685 883 2762 explicatis
892 2704 904 2763 3
920 2694 1018 2763 atque
1034 2685 1106 2747 dein
1123 2705 1175 2747 ne-

64 2807 151 2850 cesse
174 2787 446 2861 estosteouamus
468 2794 575 2863 partas
596 2786 634 2845 ad
658 2783 862 2847 Heraclitum
881 2785 1077 2858 referendas,
1095 2805 1179 2866 quae

62 2887 216 2967 quidem,
240 2887 294 2964 qui
318 2905 402 2949 nunc
425 2887 500 2948 huic
522 2887 647 2948 haeresi
669 2895 845 2965 praesum,
868 2885 1014 2949 nesciunt
1044 2887 1179 2950 tortasse

66 2984 230 3049 Tenebrosi
251 2986 338 3048 illius
358 3005 439 3061 esse,
464 2995 577 3065 putant
598 2996 706 3049 autem
729 3007 797 3049 esse
819 2986 937 3048 Christi
953 2997 1015 3050 etc.
1036 3008 1052 3044 s>

144 3086 326 3150 Universim
345 3088 515 3167 hucusque
527 3088 738 3167 patefecimus
754 3087 963 3164 Anonymum
983 3088 1179 3169 quandoque

64 3190 235 3267 deceptum
258 3190 289 3250 iu
313 3189 580 3267 philosophorum
604 3189 697 3251 dictis
719 3188 916 3266 applicandis
939 3190 1178 3251 haereticorum

64 3278 244 3350 erroribus.
269 3287 341 3349 Pari
366 3290 542 3350 rationein
565 3288 721 3350 hocloco
743 3307 805 3350 noo
829 3288 963 3349 videbor
985 3290 1119 3361 illusus,
1144 3308 1179 3351 o·

59 3387 211 3449 stendens
235 3386 356 3449 trustra
379 3391 477 3448 asseri
501 3384 642 3449 Noetum
665 3387 704 3449 ab
728 3385 885 3450 Heracliti
914 3389 1024 3449 schola
1047 3406 1123 3451 suos
1147 3407 1180 3450 e·

63 3487 170 3548 ruisse
191 3503 333 3559 errores,
350 3487 448 3546 sicuti
462 3487 659 3548 tantumdem
677 3485 855 3548 absurdum
872 3488 981 3550 haberi
998 3489 1080 3551 duos
1099 3487 1180 3552 Pon·

61 3587 164 3650 tifices
181 3584 399 3671 zephyrinum
415 3596 446 3649 et
461 3586 630 3650 Callistum
646 3588 790 3668 ejusdem
808 3588 904 3653 Noeti
925 3590 1088 3653 admisisse
1105 3592 1180 3652 hae-

62 3690 174 3750 resim.
201 3683 325 3750 Nuetus
347 3689 444 3764 euim,
466 3690 561 3752 sicuti
584 3710 623 3752 ex
640 3709 679 3752 ss.
700 3689 867 3774 Hippolyti
887 3700 919 3754 et
943 3690 1111 3772 Epiphanii
1139 3700 1183 3753 te·

66 3790 219 3851 stimouio
241 3790 541 3869 comprehenditur,
564 3794 714 3870 quamvis
736 3811 752 3853 n
777 3793 839 3854 lide
854 3794 1037 3856 orthodoxa
1053 3794 1184 3856 aberret

67 3889 187 3952 docens
208 3888 336 3952 Patrem
354 3908 487 3969 passum
508 3910 570 3952 esse
591 3910 654 3955 non
676 3889 822 3955 Filiam:
846 3897 914 3957 sire
930 3912 1087 3968 asserens,
1103 3912 1133 3954 se
1148 3913 1184 3954 a·

65 4009 145 4055 nam
168 3990 267 4054 Deum
287 3992 453 4066 uenerari,
475 4012 576 4056 esaum
596 3994 743 4069 nouisse,
764 4014 820 4058 nec
839 4005 963 4075 praeter
984 3995 1087 4074 ipsum
1108 3997 1183 4059 alte·

61 4110 140 4155 rum
160 4103 285 4166 actum,
302 4114 449 4174 passum,
462 4105 490 4157 et
510 4105 683 4160 mortuam:
701 4107 805 4160 tamen
822 4099 902 4160 hanc
919 4098 1047 4176 impiam
1063 4099 1183 4160 doctri-

63 4209 156 4270 nam,
180 4203 218 4259 ut
248 4196 384 4275 praelati
412 4197 667 4275 rimamarum,
691 4199 821 4263 firmare
847 4219 880 4262 se
902 4200 1008 4280 aJebat
1029 4219 1045 4261 s
1069 4200 1183 4262 divinis
