2886 4784
244 449 283 512 ad
306 467 337 511 n.
359 445 408 512 te.
431 447 527 511 aliter
548 446 714 510 docentem
737 445 858 510 inducit
880 445 1040 511 Simonem
1056 444 1094 509 de
1108 464 1156 520 se,
1170 446 1208 508 de
1225 444 1308 521 Deo,
1324 453 1361 510 et

242 551 283 612 de
305 551 485 612 creaturis:
509 549 664 612 mendum
685 567 798 625 nempe
818 546 960 627 penitens
981 547 1018 608 ab
1039 546 1180 626 ingenito
1212 547 1284 627 igne
1310 548 1366 627 se·

243 660 349 713 etum:
372 652 446 714 item
472 650 568 714 Deum
589 668 710 712 creasse
730 649 885 711 bominem
895 649 1054 727 puluerem
1068 668 1083 710 e
1097 660 1183 712 terro
1197 666 1365 712 assumen-

246 763 328 813 tem:
350 771 438 832 seque
461 751 559 814 Deum
580 750 753 832 efficientem
775 747 935 813 Simonem
961 769 1081 813 creasse
1111 751 1230 813 eoelum
1249 758 1279 811 et
1300 759 1367 812 ter·

244 846 324 918 rom.
348 855 485 933 lnsuper
508 852 601 932 plura
624 853 804 914 introducit
826 852 865 914 de
888 850 1052 915 Aeonibus
1075 853 1173 931 magis
1190 848 1365 914 Valentino

244 965 276 1018 et
298 957 353 1036 qui
375 955 415 1015 ab
436 973 475 1016 eo
496 955 559 1017 orti
581 965 679 1029 sunt,
702 953 851 1031 gnosticis
874 955 1022 1031 propria,
1046 971 1104 1015 nee
1131 953 1203 1014 ideo
1224 970 1242 1014 a
1263 970 1362 1033 prae·

248 1059 320 1120 latis
340 1057 551 1136 scriptoribus
573 1036 677 1119 eidem
699 1053 819 1117 Simoni
841 1055 1014 1133 adscripta.
1033 1052 1160 1129 Quibus
1175 1053 1364 1116 addendum

248 1165 308 1232 est,
332 1166 368 1219 ut
389 1159 509 1234 optime
532 1155 610 1218 vidit
632 1153 794 1230 eiuscius,
819 1155 1027 1237 anonymum
1053 1155 1134 1216 banc
1155 1153 1293 1216 Simonis
1314 1173 1368 1216 se·

248 1266 333 1321 etam
354 1256 521 1320 lloreotem
543 1257 808 1318 animadvertisse
815 1275 826 1333 ;
850 1273 924 1317 eum
946 1254 1101 1333 Origenes
1123 1255 1174 1333 (iu
1195 1255 1292 1336 cujus
1310 1273 1366 1316 ae·

248 1365 314 1420 tate
334 1376 369 1419 se
390 1376 423 1419 se
444 1357 609 1436 scripsisse
631 1355 708 1419 dicit
731 1355 880 1434 Auctor)
901 1356 931 1416 in
955 1354 1053 1418 Libro
1076 1353 1130 1419 Vl.
1154 1365 1266 1419 contre
1290 1355 1367 1421 Cel·

252 1475 325 1521 sum
347 1475 376 1518 n.
391 1453 442 1520 tt.
461 1467 493 1519 et
508 1457 583 1518 alibi
599 1455 739 1520 affirmet
751 1473 911 1536 nusquam
927 1457 1068 1535 gentium
1087 1457 1138 1519 vel
1154 1457 1267 1520 saltem
1283 1475 1368 1539 pan·

250 1557 394 1618 eissimos
417 1556 554 1636 reperiri
576 1557 780 1618 simonianos.

333 1655 445 1718 Postea
461 1658 649 1740 cleonymus
662 1674 689 1718 c.
706 1653 744 1716 ll.
758 1674 787 1716 n.
802 1653 852 1722 et.
868 1655 920 1720 22.
935 1657 1168 1719 valentinianae
1191 1657 1368 1721 haereseos

250 1757 407 1834 originem
429 1775 601 1836 quaerens,
618 1755 843 1843 a-Pytbagora
865 1759 910 1818 ait
931 1767 963 1819 et
984 1775 1001 1818 a
1026 1757 1159 1821 Platone
1179 1774 1216 1820 ac
1231 1759 1310 1820 istos
1323 1757 1368 1820 ab

250 1856 406 1938 aegyptiis
427 1858 614 1936 sapientiam
637 1859 807 1937 accepisse.
823 1856 871 1920 Ae
884 1866 1059 1936 propterea
1084 1859 1163 1920 citat
1184 1874 1268 1936 quae
1291 1856 1369 1920 Ple·

256 1965 288 2019 to
311 1959 342 2019 in
364 1955 495 2020 Timaeo
517 1957 628 2020 scribit
649 1958 687 2020 de
709 1955 826 2020 Solone
849 1961 880 2019 in
902 1955 1085 2040 Aegyptum
1108 1957 1254 2036 prolecto
1274 1956 1369 2021 illius

253 2059 354 2138 gentis
375 2059 540 2121 scientiam
563 2058 763 2138 perdiscendi
796 2077 912 2121 causa:
938 2079 954 2116 ιι
978 2056 1104 2120 Ηοιιιιιι
1136 2076 1214 2137 ergo
1245 2058 1368 2136 princi·

252 2159 381 2240 piorum
404 2159 486 2235 tons,
510 2161 567 2238 qui
589 2160 720 2238 quidem
742 2163 773 2221 in
795 2159 937 2222 Platonis
959 2156 1090 2220 Timaeo
1113 2159 1295 2235 invenitur,
1318 2165 1370 2223 est

251 2263 477 2343 aegyptiorum
499 2262 664 2339 sapientia.
689 2259 766 2322 lnde
787 2261 871 2322 enim
893 2258 1117 2322 Soloneuncta
1132 2260 1171 2322 de
1187 2258 1299 2322 mundi
1313 2277 1371 2324 ur·

254 2367 290 2421 tu
305 2368 336 2422 et
350 2361 478 2422 excidio
497 2361 651 2438 principia
672 2360 796 2437 retulit;
807 2367 838 2421 et
853 2361 987 2438 antiquo
998 2358 1138 2438 quodam
1155 2364 1188 2421 et
1200 2358 1370 2438 propheti·

253 2479 292 2523 co
312 2477 474 2533 sermone,
498 2468 533 2521 nt
557 2459 649 2521 Plato
671 2461 727 2533 ait,
751 2477 885 2538 graecos
899 2460 1007 2522 adbuc
1028 2477 1161 2538 pueros,
1184 2477 1244 2521 nee
1265 2458 1371 2524 ullius

255 2562 409 2623 hactenus
433 2561 633 2640 theologicae
661 2560 813 2623 scientiae
842 2578 957 2640 gnaros
987 2560 1128 2623 edocuit.
1155 2577 1172 2616 ιι
1195 2557 1373 2622 Verumta-

254 2679 328 2723 meo
349 2659 446 2721 aliter
476 2661 535 2721 iste
566 2668 678 2721 narrat
711 2660 791 2720 hanc
827 2660 858 2719 iu
889 2660 1072 2745 Aegyptum
1107 2659 1232 2724 Solonis
1261 2659 1374 2741 proie-

254 2764 406 2836 ctionem,
429 2777 592 2838 suumque
614 2776 688 2820 cum
709 2758 931 2821 sacerdotibus
954 2760 1042 2822 illius
1075 2761 1213 2840 regionis
1244 2777 1371 2823 sereno·

256 2880 339 2924 nem.
373 2861 454 2925 Cum
487 2862 534 2922 his
566 2878 704 2938 namque
733 2857 852 2921 Soloue
873 2858 912 2920 de
943 2878 1135 2938 graecorum
1168 2860 1368 2940 antiquitate

255 2961 490 3035 contendente,
515 2961 575 3021 boc
596 2961 642 3022 ait
663 2957 756 3021 Plato
778 2960 819 3020 ab
847 2961 920 3037 ipsis
952 2961 1127 3023 obtinuisse
1152 2977 1370 3038 responsum:

182 3083 185 3087 ·
258 3082 273 3119 c
299 3059 457 3134 OScten,
479 3057 587 3133 Solon,
610 3061 717 3140 praeci
738 3079 858 3140 semper
880 3060 976 3141 pueri
1004 3061 1100 3124 estis:
1127 3062 1236 3122 uultus
1266 3071 1375 3124 cutem

255 3179 389 3241 graecus
408 3181 501 3223 senece
522 3171 575 3224 est.
600 3160 812 3225 Percontante
827 3181 906 3242 ergo
921 3160 1052 3237 Solone,
1069 3179 1172 3240 quare
1187 3161 1249 3223 boc
1262 3159 1376 3226 dicis?

259 3263 459 3340 respondisse
482 3263 492 3338 (
506 3260 708 3323 sacerdotem
723 3258 756 3338 l:
775 3260 909 3340 juvenes
930 3259 1003 3323 estis
1016 3260 1136 3323 oreimis
1149 3259 1266 3322 cuncti.
1289 3258 1375 3325 Nul-

257 3361 545 3440 lenociniosis
567 3359 743 3425 bebetiseee
771 3361 908 3439 entique
934 3360 1097 3424 auditione
1126 3369 1279 3424 uetustam
1309 3358 1379 3440 ope’-

257 3462 397 3536 nionem,
418 3461 594 3524 oecultum
616 3461 779 3525 seientiam
800 3471 931 3541 tempore
952 3482 1081 3536 cenem,
1104 3471 1159 3525 ete.
1182 3481 1199 3518 n

341 3562 390 3625 Ex
407 3565 525 3643 quibus
548 3563 653 3625 verbis
674 3564 815 3641 eruitur,
838 3563 987 3627 Solonem
1004 3583 1078 3627 eum
1094 3563 1262 3626 secerdote
1274 3579 1378 3646 aegy-

261 3665 328 3743 ptio
350 3663 527 3743 disputasse
548 3681 624 3725 num
649 3665 807 3727 vetustior
828 3664 913 3727 soret
928 3682 1122 3743 graecorum
1138 3662 1302 3743 disciplina
1319 3681 1376 3726 ae·

262 3767 446 3847 gyptiorum
479 3764 753 3827 institutionibus:
787 3783 850 3827 uon
882 3784 959 3828 vero
992 3773 1104 3829 utrum
1138 3765 1238 3844 ignari
1271 3781 1376 3828 necne

261 3872 366 3928 essent
386 3865 503 3943 graeci.
527 3865 676 3950 Aegyptii
697 3883 836 3945 namque
857 3866 899 3928 ob
922 3865 1154 3929 vetustissimos
1175 3882 1253 3928 snus
1268 3862 1375 3929 libros
1421 3858 1429 3871 ’

262 3968 385 4044 graecis
407 3984 440 4027 se
462 3967 601 4029 eminere
623 3968 800 4045 putabant:
828 3987 844 4024 o
867 3963 976 4047 Senes,
1002 3973 1039 4028 ut
1062 3967 1221 4040 arbitror,
1246 3965 1377 4045 (subdit

263 4065 410 4128 Clemens
432 4066 661 4129 alexandrinus
682 4067 713 4128 in
734 4066 796 4129 fine
818 4064 905 4128 Libri
924 4063 949 4128 l.
967 4063 1165 4146 stromateo)
1180 4065 1302 4143 dicens,
1319 4067 1378 4146 qni

264 4168 460 4247 antiquiora,
476 4169 537 4231 boe
555 4176 614 4243 est,
631 4174 738 4230 nostra
760 4176 940 4244 noveraut3
964 4175 999 4230 ut
1023 4186 1137 4232 rursus
1148 4167 1298 4248 iuvenes,
1317 4168 1377 4246 qui
