2886 4784
155 336 217 406 tad
507 401 514 412 ,
666 384 683 413 .

238 439 352 504 Vos-in
366 441 496 528 Synodo
519 441 675 505 statuistis
696 441 889 504 catholicam
911 440 1092 504 doctrinam
1115 442 1247 504 contineri

156 559 219 603 nou
240 543 347 605 solnm
369 547 400 606 in
422 542 527 606 Libris
551 543 700 621 scriptis,
723 543 776 605 sed
799 550 832 606 et
851 543 918 604 sine
944 542 1066 622 scripto
1092 543 1247 605 traditioni·

158 642 229 716 bns,
247 662 331 722 quae
346 663 387 707 ex
404 645 504 724 ipsius
527 643 644 708 Christi
667 663 724 706 ore
746 645 786 705 ab
807 644 961 723 apostolis
983 653 1136 721 acceptae
1153 645 1196 704 nti
1209 661 1252 722 pur

157 761 270 806 manns
293 745 450 819 traditae,
473 744 512 805 ad
536 762 593 806 nos
615 762 719 823 usqne
741 751 969 822 pervenerunt
995 743 1037 806 Et
1058 762 1119 822 ego
1139 761 1251 823 quoquo

158 853 269 907 contra
292 864 359 920 eos,
383 846 437 925 qui
461 844 587 908 diverse
609 845 648 908 de
669 844 799 909 Christo
819 845 1020 918 sentiebant,
1044 845 1142 906 didici
1165 853 1195 906 et
1212 845 1255 906 du·

158 947 235 1021 cui,
261 947 429 1009 veritatem
462 947 558 1010 talem
591 965 660 1009 esse
691 947 903 1020 credendam,
934 965 1019 1025 quae
1052 948 1082 1005 in
1113 946 1201 1008 nullo
1225 947 1256 1005 ab

159 1047 374 1110 ecclesiastica
403 1056 435 1111 et
459 1047 634 1125 apostolica
670 1048 834 1110 discordat
864 1049 1045 1109 traditione.
1070 1047 1258 1125 proindeque

160 1165 211 1210 ex.
235 1165 264 1228 g.
287 1156 430 1228 quatuor
453 1146 628 1227 Evangelia
653 1149 682 1209 iu
709 1147 852 1211 Ecclesia
881 1147 1004 1209 admitti
1035 1165 1077 1209 er
1104 1147 1259 1208 traditione

161 1250 282 1328 accepi.

241 1348 304 1414 Vos
331 1351 455 1414 tandem
479 1352 510 1412 in
533 1351 605 1413 fidei
630 1349 785 1435 Symbola
810 1353 915 1411 carnis
942 1349 1213 1411 resurrectionem
1235 1355 1261 1409 et

164 1444 261 1515 iiiam
284 1462 448 1516 aeternam
476 1454 611 1516 confessi
634 1454 720 1515 eatis.
751 1451 793 1514 Et
820 1452 902 1514 hano
929 1451 1022 1513 tudem
1053 1469 1113 1528 ego
1143 1465 1261 1530 quoqne

162 1554 275 1628 tenui,
300 1555 382 1616 hano
404 1552 568 1633 professus
589 1572 682 1627 sum,
705 1560 737 1614 et
758 1552 932 1615 admodum
957 1552 1107 1614 laboravi
1134 1553 1165 1613 iu
1187 1553 1262 1613 uanis

161 1655 336 1734 pravisque
368 1657 570 1717 conterendis
606 1655 845 1716 haereticorum
879 1653 1084 1733 opinionibus
1118 1653 1261 1714 adversus

162 1755 243 1819 baec
271 1756 420 1835 dogmata
444 1757 612 1836 promotis.
636 1753 685 1818 Aa
713 1774 775 1816 non
801 1763 926 1817 tantem
955 1755 986 1814 in
1015 1754 1195 1817 haereticos
1218 1751 1264 1813 de·

162 1858 309 1937 certavi,
330 1858 385 1919 aed
408 1861 503 1919 etiam
527 1857 682 1919 adsersus
705 1856 823 1919 iratres
845 1874 932 1918 meos
956 1857 1024 1919 siue
1049 1858 1199 1936 ignaros,
1220 1851 1264 1914 rel

164 1957 361 2025 malevolus:
386 1960 441 2038 qni
464 1958 536 2021 ideo
559 1959 634 2019 mihi
657 1976 767 2020 coram
791 1956 934 2021 Ecclesia
956 1959 1137 2021 calumnias
1158 1958 1264 2018 iustru-

164 2076 245 2121 xere
266 2059 492 2141 iniquissimas,
515 2077 600 2138 quae
623 2059 792 2136 hucusque
814 2058 1001 2138 perdurant.

244 2155 465 2235 Quamobrem
488 2167 555 2227 loto
577 2160 669 2222 coelo
691 2168 821 2234 errant,
845 2162 900 2239 qui
932 2167 1047 2240 putant
1068 2159 1200 2240 aliquod
1221 2173 1265 2219 ma

168 2279 289 2337 nouum
312 2262 478 2331 doetrinae
499 2271 636 2343 systema
659 2261 841 2339 concepisse
873 2261 905 2324 in
940 2265 1018 2324 meis
1039 2262 1193 2342 seriptis,
1220 2257 1265 2321 uel

165 2364 196 2424 iu
217 2362 417 2425 scholasticis
446 2361 707 2425 institutionibus.
734 2362 923 2425 llluduotnr
948 2381 1051 2425 nouae
1074 2363 1266 2441 germanicae

167 2463 298 2526 scholae
321 2463 463 2540 magistri
485 2463 535 2541 (et
557 2464 617 2545 hoc
633 2464 662 2524 in
679 2464 836 2542 dogmatis
858 2463 1008 2526 catholici
1029 2459 1266 2533 detrimentum}

168 2563 312 2626 inlibris
336 2564 412 2624 ineis
434 2562 610 2642 quidquam
634 2563 819 2643 hujusmodi
840 2564 985 2641 reperire
999 2562 1170 2623 arbitrati:
1186 2560 1266 2640 qnasi

171 2662 316 2724 doctrina
341 2680 423 2733 ntea,
446 2665 685 2725 neotericorum
708 2665 819 2738 instar,
836 2664 919 2726 inter
940 2664 1210 2743 philosophorum
1228 2679 1268 2724 se·

166 2771 234 2825 ctas
256 2762 444 2825 collocanda
469 2762 554 2826 lorei
575 2774 669 2826 extra
690 2761 809 2830 Christi
837 2765 1005 2840 scholam,
1030 2765 1083 2827 uel
1103 2783 1180 2828 cum
1202 2764 1266 2843 ipsis

170 2863 408 2927 confundenda.
433 2864 472 2948 (³⁹⁵)

245 2964 437 3029 illuderetur
457 2966 594 3031 Schulae
614 2966 844 3030 alexandrinae
866 2986 883 3029 a
906 2969 1000 3031 beato
1017 2967 1132 3031 Marco
1156 2966 1267 3029 institu-

169 3073 220 3129 tae
241 3065 398 3130 adversns
420 3069 578 3131 ethnicam
606 3069 853 3147 philosophiam,
882 3087 918 3130 ea
945 3072 1085 3147 primum
1106 3087 1146 3130 ac
1170 3083 1268 3147 perpe·

170 3175 228 3231 luo
250 3187 326 3248 prae
349 3170 452 3232 oculis
474 3169 673 3233 habuilesn
696 3168 814 3233 Christi
840 3172 959 3233 uerba:
986 3171 1047 3249 qui
1071 3189 1136 3231 non
1158 3180 1200 3231 eat
1218 3184 1267 3228 me·

169 3287 252 3343 eum,
276 3278 388 3332 contro
408 3288 455 3332 me
476 3281 539 3342 est,·
562 3280 589 3332 et
609 3269 665 3352 qui
684 3289 749 3332 non
771 3280 938 3350 congregat
958 3289 1093 3346 mecum,
1116 3267 1266 3351 dispergit.

170 3367 213 3431 Et
235 3371 364 3449 quidem
386 3371 443 3433 ista
466 3371 581 3434 sedulo
604 3375 788 3447 meditatus,
805 3392 879 3435 aum
895 3372 1023 3436 Christo
1046 3371 1266 3451 cuurgregaban

171 3482 202 3530 et
225 3489 286 3532 nun
308 3473 539 3551 dispergebant.
565 3476 611 3536 hc
633 3474 764 3535 ideone
788 3492 929 3552 unquam
957 3475 1139 3547 illuderer,
1168 3474 1267 3534 adver·

169 3589 226 3635 ene
247 3573 390 3635 ethnicos
413 3575 619 3654 philosophos
640 3586 672 3636 et
695 3576 872 3636 haereticos
898 3577 1091 3654 praesertim
1122 3571 1268 3637 basilidia-

171 3690 241 3745 nos,
265 3675 507 3750 ualeniinianos,
526 3678 728 3738 marcionitas
752 3687 954 3759 pugnaturus
972 3677 1113 3752 veniens,
1131 3676 1172 3737 ab
1194 3673 1267 3735 initio

171 3773 253 3838 hanc
276 3774 346 3837 fidei
369 3776 599 3857 professionem
623 3778 732 3839 emisi:
759 3776 820 3840 llio
841 3779 909 3840 sola
924 3777 1078 3841 credendo
1094 3788 1139 3840 eet
1155 3777 1269 3844 ueritus,

255 4018 287 4088 Γ)
308 4008 385 4076 Haeo
407 4021 551 4091 speciatim
571 4020 727 4079 referuntur
747 4022 781 4078 ed
802 4023 884 4092 illos,
905 4022 952 4095 qui
974 4023 1005 4078 in
1030 4020 1157 4096 Origene
1179 4033 1269 4077 nouum

178 4107 317 4179 quoddam
335 4111 361 4166 ei
380 4112 521 4184 proprium
540 4113 681 4171 doctrinae
703 4122 829 4188 systema
849 4114 1106 4187 comprehenderam
1128 4130 1222 4184 meque
1237 4126 1271 4165 er

179 4211 282 4270 gunutt,
303 4203 376 4272 quud
389 4204 465 4259 istud
484 4206 654 4278 neglexerim
672 4208 702 4264 in
721 4209 790 4264 meis
809 4207 1041 4267 discussionibus.
