<?xml version="1.0" encoding="UTF-8"?>
<!DOCTYPE html PUBLIC "-//W3C//DTD XHTML 1.0 Transitional//EN"
    "http://www.w3.org/TR/xhtml1/DTD/xhtml1-transitional.dtd">
<html xmlns="http://www.w3.org/1999/xhtml" xml:lang="en" lang="en">
 <head>
  <title>
</title>
<meta http-equiv="Content-Type" content="text/html;charset=utf-8" />
  <meta name='ocr-system' content='tesseract 3.04.00' />
  <meta name='ocr-capabilities' content='ocr_page ocr_carea ocr_par ocr_line ocrx_word'/>
</head>
<body>
  <div class='ocr_page' id='page_1' title='image "./insgregoriinyss00vincgoog/insgregoriinyss00vincgoog_0344.png"; bbox 0 0 2886 4784; ppageno 0'>
   <div class='ocr_carea' id='block_1_1' title="bbox 1218 359 1277 431">
    <p class='ocr_par' dir='ltr' id='par_1_1' title="bbox 1218 359 1277 431">
     <span class='ocr_line' id='line_1_1' title="bbox 1218 359 1277 431; baseline 0.068 -3"><span class='ocrx_word' id='word_1_1' title='bbox 1218 359 1277 431; x_wconf 85' lang='lat' dir='ltr'>tte</span> 
     </span>
    </p>
   </div>
   <div class='ocr_carea' id='block_1_2' title="bbox 156 463 1279 956">
    <p class='ocr_par' dir='ltr' id='par_1_2' title="bbox 156 463 1279 956">
     <span class='ocr_line' id='line_1_2' title="bbox 159 463 1277 551; baseline -0.002 -20"><span class='ocrx_word' id='word_1_2' title='bbox 159 484 176 531; x_wconf 88' lang='lat' dir='ltr'>a</span> <span class='ocrx_word' id='word_1_3' title='bbox 194 463 323 533; x_wconf 82' lang='lat' dir='ltr'>Rnffino</span> <span class='ocrx_word' id='word_1_4' title='bbox 345 471 472 542; x_wconf 87' lang='lat' dir='ltr'>exacta,</span> <span class='ocrx_word' id='word_1_5' title='bbox 490 465 638 530; x_wconf 78' lang='lat' dir='ltr'>versione</span> <span class='ocrx_word' id='word_1_6' title='bbox 653 463 791 544; x_wconf 88' lang='lat' dir='ltr'>perlata,</span> <span class='ocrx_word' id='word_1_7' title='bbox 809 482 884 528; x_wconf 88' lang='lat' dir='ltr'>cnm</span> <span class='ocrx_word' id='word_1_8' title='bbox 900 467 1070 528; x_wconf 72' lang='lat' dir='ltr'><strong>sensissent</strong></span> <span class='ocrx_word' id='word_1_9' title='bbox 1086 463 1277 551; x_wconf 72' lang='lat' dir='ltr'>Hieronymi</span> 
     </span>
     <span class='ocr_line' id='line_1_3' title="bbox 157 564 1279 650; baseline -0.004 -15"><span class='ocrx_word' id='word_1_10' title='bbox 157 573 266 644; x_wconf 85' lang='lat' dir='ltr'>amici,</span> <span class='ocrx_word' id='word_1_11' title='bbox 289 569 332 630; x_wconf 85' lang='lat' dir='ltr'>ibi</span> <span class='ocrx_word' id='word_1_12' title='bbox 354 569 531 632; x_wconf 88' lang='lat' dir='ltr'>desiderari</span> <span class='ocrx_word' id='word_1_13' title='bbox 555 586 654 647; x_wconf 84' lang='lat' dir='ltr'>prava</span> <span class='ocrx_word' id='word_1_14' title='bbox 677 568 828 647; x_wconf 88' lang='lat' dir='ltr'>dogmata</span> <span class='ocrx_word' id='word_1_15' title='bbox 851 569 891 629; x_wconf 85' lang='lat' dir='ltr'>ab</span> <span class='ocrx_word' id='word_1_16' title='bbox 913 569 982 646; x_wconf 90' lang='lat' dir='ltr'>ipso</span> <span class='ocrx_word' id='word_1_17' title='bbox 998 564 1199 650; x_wconf 80' lang='lat' dir='ltr'>Hieronymo</span> <span class='ocrx_word' id='word_1_18' title='bbox 1223 586 1279 631; x_wconf 92' lang='lat' dir='ltr'>uo·</span> 
     </span>
     <span class='ocr_line' id='line_1_4' title="bbox 156 669 1277 750; baseline -0.004 -14"><span class='ocrx_word' id='word_1_19' title='bbox 156 681 222 736; x_wconf 88' lang='lat' dir='ltr'>tata</span> <span class='ocrx_word' id='word_1_20' title='bbox 246 690 283 734; x_wconf 91' lang='lat' dir='ltr'>ae</span> <span class='ocrx_word' id='word_1_21' title='bbox 306 672 460 745; x_wconf 79' lang='lat' dir='ltr'>refutata,</span> <span class='ocrx_word' id='word_1_22' title='bbox 485 678 633 750; x_wconf 90' lang='lat' dir='ltr'>putantes</span> <span class='ocrx_word' id='word_1_23' title='bbox 656 689 691 732; x_wconf 92' lang='lat' dir='ltr'>ea</span> <span class='ocrx_word' id='word_1_24' title='bbox 714 690 755 732; x_wconf 83' lang='lat' dir='ltr'>ex</span> <span class='ocrx_word' id='word_1_25' title='bbox 778 670 885 732; x_wconf 92' lang='lat' dir='ltr'>animo</span> <span class='ocrx_word' id='word_1_26' title='bbox 913 671 1057 732; x_wconf 86' lang='lat' dir='ltr'>omisisse</span> <span class='ocrx_word' id='word_1_27' title='bbox 1089 669 1277 733; x_wconf 86' lang='lat' dir='ltr'>Ruffiunmr</span> 
     </span>
     <span class='ocr_line' id='line_1_5' title="bbox 157 771 1274 851; baseline -0.002 -14"><span class='ocrx_word' id='word_1_28' title='bbox 157 774 274 838; x_wconf 83' lang='lat' dir='ltr'>iaisata</span> <span class='ocrx_word' id='word_1_29' title='bbox 308 775 399 836; x_wconf 93' lang='lat' dir='ltr'>istius</span> <span class='ocrx_word' id='word_1_30' title='bbox 434 773 601 851; x_wconf 82' lang='lat' dir='ltr'>versione,</span> <span class='ocrx_word' id='word_1_31' title='bbox 633 772 763 835; x_wconf 74' lang='lat' dir='ltr'>intrusis</span> <span class='ocrx_word' id='word_1_32' title='bbox 797 771 945 833; x_wconf 84' lang='lat' dir='ltr'>videlicet</span> <span class='ocrx_word' id='word_1_33' title='bbox 971 774 1139 834; x_wconf 88' lang='lat' dir='ltr'>erroribus</span> <span class='ocrx_word' id='word_1_34' title='bbox 1168 773 1209 834; x_wconf 86' lang='lat' dir='ltr'>ab</span> <span class='ocrx_word' id='word_1_35' title='bbox 1235 790 1274 836; x_wconf 89' lang='lat' dir='ltr'>eo</span> 
     </span>
     <span class='ocr_line' id='line_1_6' title="bbox 158 873 1277 956; baseline -0.003 -18"><span class='ocrx_word' id='word_1_36' title='bbox 158 874 399 956; x_wconf 73' lang='lat' dir='ltr'>praetermissis</span> <span class='ocrx_word' id='word_1_37' title='bbox 421 878 481 952; x_wconf 79' lang='lat' dir='ltr'>(ae</span> <span class='ocrx_word' id='word_1_38' title='bbox 501 874 577 953; x_wconf 79' lang='lat' dir='ltr'>iure</span> <span class='ocrx_word' id='word_1_39' title='bbox 598 873 728 953; x_wconf 87' lang='lat' dir='ltr'>quidem</span> <span class='ocrx_word' id='word_1_40' title='bbox 751 889 825 934; x_wconf 90' lang='lat' dir='ltr'>cnm</span> <span class='ocrx_word' id='word_1_41' title='bbox 849 889 1013 952; x_wconf 88' lang='lat' dir='ltr'>nunquam</span> <span class='ocrx_word' id='word_1_42' title='bbox 1037 873 1111 935; x_wconf 89' lang='lat' dir='ltr'>tatia</span> <span class='ocrx_word' id='word_1_43' title='bbox 1142 875 1277 952; x_wconf 88' lang='lat' dir='ltr'>scripse·</span> 
     </span>
    </p>
   </div>
   <div class='ocr_carea' id='block_1_3' title="bbox 157 972 1366 1052">
    <p class='ocr_par' dir='ltr' id='par_1_3' title="bbox 157 972 1366 1052">
     <span class='ocr_line' id='line_1_7' title="bbox 157 972 1366 1052; baseline -0.002 -13"><span class='ocrx_word' id='word_1_44' title='bbox 157 977 203 1040; x_wconf 90' lang='lat' dir='ltr'>rit</span> <span class='ocrx_word' id='word_1_45' title='bbox 226 974 286 1039; x_wconf 88' lang='lat' dir='ltr'>nec</span> <span class='ocrx_word' id='word_1_46' title='bbox 307 975 457 1039; x_wconf 91' lang='lat' dir='ltr'>docuerit</span> <span class='ocrx_word' id='word_1_47' title='bbox 478 975 659 1052; x_wconf 82' lang='lat' dir='ltr'>Origenes,</span> <span class='ocrx_word' id='word_1_48' title='bbox 684 985 720 1038; x_wconf 89' lang='lat' dir='ltr'>nt</span> <span class='ocrx_word' id='word_1_49' title='bbox 740 993 800 1037; x_wconf 89' lang='lat' dir='ltr'>sue</span> <span class='ocrx_word' id='word_1_50' title='bbox 832 974 907 1036; x_wconf 88' lang='lat' dir='ltr'>ioco</span> <span class='ocrx_word' id='word_1_51' title='bbox 941 972 1174 1052; x_wconf 79' lang='lat' dir='ltr'>expendimus)</span> <span class='ocrx_word' id='word_1_52' title='bbox 1197 975 1279 1036; x_wconf 87' lang='lat' dir='ltr'>hanc</span> <span class='ocrx_word' id='word_1_53' title='bbox 1363 999 1366 1002; x_wconf 57' lang='grc'>’</span> 
     </span>
    </p>
   </div>
   <div class='ocr_carea' id='block_1_4' title="bbox 158 1070 1327 2965">
    <p class='ocr_par' dir='ltr' id='par_1_4' title="bbox 158 1070 1327 1252">
     <span class='ocr_line' id='line_1_8' title="bbox 158 1070 1327 1158; baseline -0.002 -20"><span class='ocrx_word' id='word_1_54' title='bbox 158 1070 355 1158; x_wconf 79' lang='lat' dir='ltr'>Hieronymi</span> <span class='ocrx_word' id='word_1_55' title='bbox 378 1075 471 1136; x_wconf 86' lang='lat' dir='ltr'>amici</span> <span class='ocrx_word' id='word_1_56' title='bbox 495 1075 685 1137; x_wconf 86' lang='lat' dir='ltr'>obtulerunt</span> <span class='ocrx_word' id='word_1_57' title='bbox 709 1075 877 1136; x_wconf 77' lang='lat' dir='ltr'>Anastasio</span> <span class='ocrx_word' id='word_1_58' title='bbox 894 1072 1011 1151; x_wconf 86' lang='lat' dir='ltr'>Papae,</span> <span class='ocrx_word' id='word_1_59' title='bbox 1030 1082 1064 1134; x_wconf 92' lang='lat' dir='ltr'>ut</span> <span class='ocrx_word' id='word_1_60' title='bbox 1081 1071 1277 1153; x_wconf 67' lang='lat' dir='ltr'>perterritos</span> <span class='ocrx_word' id='word_1_61' title='bbox 1323 1115 1327 1122; x_wconf 88' lang='lat'><em>-</em></span> 
     </span>
     <span class='ocr_line' id='line_1_9' title="bbox 159 1173 1107 1252; baseline -0.003 -16"><span class='ocrx_word' id='word_1_62' title='bbox 159 1175 238 1238; x_wconf 85' lang='lat' dir='ltr'>libri</span> <span class='ocrx_word' id='word_1_63' title='bbox 262 1194 336 1239; x_wconf 91' lang='lat' dir='ltr'>cum</span> <span class='ocrx_word' id='word_1_64' title='bbox 358 1193 419 1238; x_wconf 91' lang='lat' dir='ltr'>suo</span> <span class='ocrx_word' id='word_1_65' title='bbox 442 1174 586 1236; x_wconf 79' lang='lat' dir='ltr'>ductore</span> <span class='ocrx_word' id='word_1_66' title='bbox 610 1183 641 1236; x_wconf 89' lang='lat' dir='ltr'>et</span> <span class='ocrx_word' id='word_1_67' title='bbox 665 1174 844 1252; x_wconf 68' lang='lat' dir='ltr'>interprete</span> <span class='ocrx_word' id='word_1_68' title='bbox 865 1173 1107 1235; x_wconf 77' lang='lat' dir='ltr'>damnarentur.</span> 
     </span>
    </p>

    <p class='ocr_par' dir='ltr' id='par_1_5' title="bbox 159 1272 1281 2965">
     <span class='ocr_line' id='line_1_10' title="bbox 246 1272 1278 1354; baseline 0.001 -17"><span class='ocrx_word' id='word_1_69' title='bbox 246 1274 410 1353; x_wconf 85' lang='lat' dir='ltr'>Quidquid</span> <span class='ocrx_word' id='word_1_70' title='bbox 434 1282 543 1335; x_wconf 90' lang='lat' dir='ltr'>autern</span> <span class='ocrx_word' id='word_1_71' title='bbox 566 1275 669 1354; x_wconf 88' lang='lat' dir='ltr'>egerit</span> <span class='ocrx_word' id='word_1_72' title='bbox 693 1272 840 1336; x_wconf 77' lang='lat' dir='ltr'>Pontifex</span> <span class='ocrx_word' id='word_1_73' title='bbox 866 1274 896 1334; x_wconf 94' lang='lat' dir='ltr'>in</span> <span class='ocrx_word' id='word_1_74' title='bbox 923 1275 982 1335; x_wconf 87' lang='lat' dir='ltr'>hoc</span> <span class='ocrx_word' id='word_1_75' title='bbox 1004 1274 1210 1353; x_wconf 89' lang='lat' dir='ltr'>quaestione,</span> <span class='ocrx_word' id='word_1_76' title='bbox 1236 1294 1278 1338; x_wconf 85' lang='lat' dir='ltr'>ex</span> 
     </span>
     <span class='ocr_line' id='line_1_11' title="bbox 160 1373 1277 1457; baseline -0.003 -18"><span class='ocrx_word' id='word_1_77' title='bbox 160 1378 281 1440; x_wconf 86' lang='lat' dir='ltr'>titteris</span> <span class='ocrx_word' id='word_1_78' title='bbox 313 1383 461 1449; x_wconf 89' lang='lat' dir='ltr'>constat,</span> <span class='ocrx_word' id='word_1_79' title='bbox 494 1394 576 1454; x_wconf 86' lang='lat' dir='ltr'>quas</span> <span class='ocrx_word' id='word_1_80' title='bbox 607 1374 695 1437; x_wconf 90' lang='lat' dir='ltr'>dedit</span> <span class='ocrx_word' id='word_1_81' title='bbox 726 1373 842 1438; x_wconf 81' lang='lat' dir='ltr'>loanni</span> <span class='ocrx_word' id='word_1_82' title='bbox 874 1375 1160 1457; x_wconf 87' lang='lat' dir='ltr'>hierosolymitano</span> <span class='ocrx_word' id='word_1_83' title='bbox 1192 1377 1277 1438; x_wconf 90' lang='lat' dir='ltr'>circa</span> 
     </span>
     <span class='ocr_line' id='line_1_12' title="bbox 160 1475 1280 1556; baseline -0.004 -16"><span class='ocrx_word' id='word_1_84' title='bbox 160 1477 294 1541; x_wconf 88' lang='lat' dir='ltr'>eosdem</span> <span class='ocrx_word' id='word_1_85' title='bbox 318 1475 483 1539; x_wconf 82' lang='lat' dir='ltr'>Rudinum</span> <span class='ocrx_word' id='word_1_86' title='bbox 507 1485 539 1538; x_wconf 95' lang='lat' dir='ltr'>et</span> <span class='ocrx_word' id='word_1_87' title='bbox 560 1475 745 1555; x_wconf 90' lang='lat' dir='ltr'>Origenem.</span> <span class='ocrx_word' id='word_1_88' title='bbox 772 1476 806 1537; x_wconf 89' lang='lat' dir='ltr'>in</span> <span class='ocrx_word' id='word_1_89' title='bbox 833 1477 880 1538; x_wconf 83' lang='lat' dir='ltr'>tris</span> <span class='ocrx_word' id='word_1_90' title='bbox 913 1477 1144 1553; x_wconf 89' lang='lat' dir='ltr'>sapientissime</span> <span class='ocrx_word' id='word_1_91' title='bbox 1175 1476 1280 1556; x_wconf 86' lang='lat' dir='ltr'>iuquit</span> 
     </span>
     <span class='ocr_line' id='line_1_13' title="bbox 159 1577 1279 1657; baseline -0.004 -15"><span class='ocrx_word' id='word_1_92' title='bbox 159 1577 263 1657; x_wconf 85' lang='lat' dir='ltr'>Papa,</span> <span class='ocrx_word' id='word_1_93' title='bbox 289 1577 451 1641; x_wconf 84' lang='lat' dir='ltr'>Huffinum</span> <span class='ocrx_word' id='word_1_94' title='bbox 474 1580 515 1640; x_wconf 94' lang='lat' dir='ltr'>ob</span> <span class='ocrx_word' id='word_1_95' title='bbox 536 1579 619 1640; x_wconf 89' lang='lat' dir='ltr'>hauc</span> <span class='ocrx_word' id='word_1_96' title='bbox 644 1579 822 1641; x_wconf 89' lang='lat' dir='ltr'>versionem</span> <span class='ocrx_word' id='word_1_97' title='bbox 845 1579 1073 1640; x_wconf 87' lang='lat' dir='ltr'>conscientiam</span> <span class='ocrx_word' id='word_1_98' title='bbox 1101 1595 1193 1641; x_wconf 88' lang='lat' dir='ltr'>suam</span> <span class='ocrx_word' id='word_1_99' title='bbox 1224 1577 1279 1638; x_wconf 86' lang='lat' dir='ltr'>ira·</span> 
     </span>
     <span class='ocr_line' id='line_1_14' title="bbox 164 1679 1277 1760; baseline -0.004 -18"><span class='ocrx_word' id='word_1_100' title='bbox 164 1680 244 1742; x_wconf 81' lang='lat' dir='ltr'>bere</span> <span class='ocrx_word' id='word_1_101' title='bbox 263 1679 431 1760; x_wconf 78' lang='lat' dir='ltr'>iudicem,</span> <span class='ocrx_word' id='word_1_102' title='bbox 454 1682 479 1742; x_wconf 91' lang='lat' dir='ltr'>si</span> <span class='ocrx_word' id='word_1_103' title='bbox 501 1698 537 1741; x_wconf 91' lang='lat' dir='ltr'>ea</span> <span class='ocrx_word' id='word_1_104' title='bbox 561 1698 659 1759; x_wconf 85' lang='lat' dir='ltr'>prava</span> <span class='ocrx_word' id='word_1_105' title='bbox 682 1683 801 1758; x_wconf 88' lang='lat' dir='ltr'>scripta</span> <span class='ocrx_word' id='word_1_106' title='bbox 832 1680 988 1741; x_wconf 87' lang='lat' dir='ltr'>vertendo</span> <span class='ocrx_word' id='word_1_107' title='bbox 1018 1679 1186 1758; x_wconf 90' lang='lat' dir='ltr'>probarit,</span> <span class='ocrx_word' id='word_1_108' title='bbox 1220 1686 1277 1740; x_wconf 90' lang='lat' dir='ltr'>aut</span> 
     </span>
     <span class='ocr_line' id='line_1_15' title="bbox 160 1779 1279 1858; baseline 0.002 -17"><span class='ocrx_word' id='word_1_109' title='bbox 160 1794 237 1854; x_wconf 87' lang='lat' dir='ltr'>nou,</span> <span class='ocrx_word' id='word_1_110' title='bbox 261 1779 341 1839; x_wconf 89' lang='lat' dir='ltr'>nihii</span> <span class='ocrx_word' id='word_1_111' title='bbox 365 1786 494 1857; x_wconf 88' lang='lat' dir='ltr'>praeter</span> <span class='ocrx_word' id='word_1_112' title='bbox 517 1780 596 1840; x_wconf 87' lang='lat' dir='ltr'>haee</span> <span class='ocrx_word' id='word_1_113' title='bbox 617 1780 768 1858; x_wconf 80' lang='lat' dir='ltr'>adjiciens</span> <span class='ocrx_word' id='word_1_114' title='bbox 790 1788 901 1841; x_wconf 89' lang='lat' dir='ltr'>contra</span> <span class='ocrx_word' id='word_1_115' title='bbox 919 1799 1004 1842; x_wconf 89' lang='lat' dir='ltr'>eum.</span> <span class='ocrx_word' id='word_1_116' title='bbox 1024 1779 1093 1842; x_wconf 90' lang='lat' dir='ltr'>Nec</span> <span class='ocrx_word' id='word_1_117' title='bbox 1108 1781 1205 1842; x_wconf 90' lang='lat' dir='ltr'>aliter</span> <span class='ocrx_word' id='word_1_118' title='bbox 1221 1798 1279 1858; x_wconf 88' lang='lat' dir='ltr'>pn·</span> 
     </span>
     <span class='ocr_line' id='line_1_16' title="bbox 162 1877 1278 1959; baseline -0.004 -19"><span class='ocrx_word' id='word_1_119' title='bbox 162 1880 246 1940; x_wconf 88' lang='lat' dir='ltr'>tavit</span> <span class='ocrx_word' id='word_1_120' title='bbox 269 1877 456 1940; x_wconf 74' lang='lat' dir='ltr'>Anastasius</span> <span class='ocrx_word' id='word_1_121' title='bbox 480 1879 517 1940; x_wconf 92' lang='lat' dir='ltr'>de</span> <span class='ocrx_word' id='word_1_122' title='bbox 538 1878 702 1957; x_wconf 82' lang='lat' dir='ltr'>Origene,</span> <span class='ocrx_word' id='word_1_123' title='bbox 726 1881 829 1940; x_wconf 90' lang='lat' dir='ltr'>sinens</span> <span class='ocrx_word' id='word_1_124' title='bbox 852 1879 941 1957; x_wconf 86' lang='lat' dir='ltr'>toqui</span> <span class='ocrx_word' id='word_1_125' title='bbox 965 1879 1003 1939; x_wconf 94' lang='lat' dir='ltr'>de</span> <span class='ocrx_word' id='word_1_126' title='bbox 1025 1879 1097 1959; x_wconf 83' lang='lat' dir='ltr'>ejus</span> <span class='ocrx_word' id='word_1_127' title='bbox 1118 1895 1278 1958; x_wconf 87' lang='lat' dir='ltr'>persona:</span> 
     </span>
     <span class='ocr_line' id='line_1_17' title="bbox 161 1979 1277 2044; baseline 0 -3"><span class='ocrx_word' id='word_1_128' title='bbox 161 1997 200 2043; x_wconf 87' lang='lat' dir='ltr'>ac</span> <span class='ocrx_word' id='word_1_129' title='bbox 234 1981 340 2043; x_wconf 88' lang='lat' dir='ltr'>solum</span> <span class='ocrx_word' id='word_1_130' title='bbox 374 1981 504 2041; x_wconf 86' lang='lat' dir='ltr'>latinam</span> <span class='ocrx_word' id='word_1_131' title='bbox 537 1981 794 2042; x_wconf 87' lang='lat' dir='ltr'>animadvertens</span> <span class='ocrx_word' id='word_1_132' title='bbox 829 1979 1026 2043; x_wconf 80' lang='lat' dir='ltr'>Periarciiors</span> <span class='ocrx_word' id='word_1_133' title='bbox 1061 1983 1277 2044; x_wconf 89' lang='lat' dir='ltr'>versionema</span> 
     </span>
     <span class='ocr_line' id='line_1_18' title="bbox 162 2079 1279 2162; baseline 0 -19"><span class='ocrx_word' id='word_1_134' title='bbox 162 2079 294 2143; x_wconf 81' lang='lat' dir='ltr'>Huffino</span> <span class='ocrx_word' id='word_1_135' title='bbox 315 2084 404 2158; x_wconf 89' lang='lat' dir='ltr'>prius</span> <span class='ocrx_word' id='word_1_136' title='bbox 427 2099 467 2142; x_wconf 79' lang='lat' dir='ltr'>es</span> <span class='ocrx_word' id='word_1_137' title='bbox 490 2083 633 2160; x_wconf 84' lang='lat' dir='ltr'>genuinis</span> <span class='ocrx_word' id='word_1_138' title='bbox 656 2094 802 2144; x_wconf 80' lang='lat' dir='ltr'>exactam</span> <span class='ocrx_word' id='word_1_139' title='bbox 825 2083 990 2144; x_wconf 86' lang='lat' dir='ltr'>codicibus</span> <span class='ocrx_word' id='word_1_140' title='bbox 1013 2086 1157 2162; x_wconf 88' lang='lat' dir='ltr'>graecis,</span> <span class='ocrx_word' id='word_1_141' title='bbox 1183 2091 1215 2145; x_wconf 90' lang='lat' dir='ltr'>et</span> <span class='ocrx_word' id='word_1_142' title='bbox 1239 2081 1279 2143; x_wconf 89' lang='lat' dir='ltr'>ab</span> 
     </span>
     <span class='ocr_line' id='line_1_19' title="bbox 160 2180 1279 2263; baseline 0.001 -20"><span class='ocrx_word' id='word_1_143' title='bbox 160 2183 274 2244; x_wconf 90' lang='lat' dir='ltr'>amicis</span> <span class='ocrx_word' id='word_1_144' title='bbox 297 2180 486 2263; x_wconf 77' lang='lat' dir='ltr'>Hieronymi</span> <span class='ocrx_word' id='word_1_145' title='bbox 518 2183 632 2242; x_wconf 91' lang='lat' dir='ltr'>deinde</span> <span class='ocrx_word' id='word_1_146' title='bbox 661 2181 896 2259; x_wconf 86' lang='lat' dir='ltr'>improbissime</span> <span class='ocrx_word' id='word_1_147' title='bbox 929 2184 1185 2259; x_wconf 88' lang='lat' dir='ltr'>interpolatam„</span> <span class='ocrx_word' id='word_1_148' title='bbox 1215 2182 1279 2244; x_wconf 86' lang='lat' dir='ltr'>huc</span> 
     </span>
     <span class='ocr_line' id='line_1_20' title="bbox 159 2272 1281 2362; baseline 0.002 -19"><span class='ocrx_word' id='word_1_149' title='bbox 159 2281 242 2345; x_wconf 88' lang='lat' dir='ltr'>iiiuc</span> <span class='ocrx_word' id='word_1_150' title='bbox 265 2285 414 2358; x_wconf 84' lang='lat' dir='ltr'>inspersis</span> <span class='ocrx_word' id='word_1_151' title='bbox 437 2283 641 2360; x_wconf 86' lang='lat' dir='ltr'>blasphemiis</span> <span class='ocrx_word' id='word_1_152' title='bbox 666 2283 675 2358; x_wconf 77' lang='lat' dir='ltr'>t</span> <span class='ocrx_word' id='word_1_153' title='bbox 688 2300 852 2360; x_wconf 81' lang='lat' dir='ltr'>nunquam</span> <span class='ocrx_word' id='word_1_154' title='bbox 881 2285 1073 2359; x_wconf 80' lang='lat' dir='ltr'>excogitatis</span> <span class='ocrx_word' id='word_1_155' title='bbox 1105 2272 1145 2344; x_wconf 91' lang='lat' dir='ltr'>ab</span> <span class='ocrx_word' id='word_1_156' title='bbox 1166 2282 1281 2362; x_wconf 87' lang='lat' dir='ltr'>Orige-</span> 
     </span>
     <span class='ocr_line' id='line_1_21' title="bbox 160 2383 1279 2462; baseline 0.001 -16"><span class='ocrx_word' id='word_1_157' title='bbox 160 2383 221 2460; x_wconf 87' lang='lat' dir='ltr'>ne)</span> <span class='ocrx_word' id='word_1_158' title='bbox 244 2391 394 2462; x_wconf 82' lang='lat' dir='ltr'>atquem</span> <span class='ocrx_word' id='word_1_159' title='bbox 419 2384 490 2446; x_wconf 89' lang='lat' dir='ltr'>ideo</span> <span class='ocrx_word' id='word_1_160' title='bbox 510 2384 585 2462; x_wconf 87' lang='lat' dir='ltr'>jore</span> <span class='ocrx_word' id='word_1_161' title='bbox 608 2385 832 2446; x_wconf 87' lang='lat' dir='ltr'>condemnavit</span> <span class='ocrx_word' id='word_1_162' title='bbox 861 2383 1034 2459; x_wconf 75' lang='lat' dir='ltr'>Pontifex,</span> <span class='ocrx_word' id='word_1_163' title='bbox 1058 2387 1140 2446; x_wconf 88' lang='lat' dir='ltr'>hanc</span> <span class='ocrx_word' id='word_1_164' title='bbox 1163 2402 1279 2447; x_wconf 90' lang='lat' dir='ltr'>vocaus</span> 
     </span>
     <span class='ocr_line' id='line_1_22' title="bbox 160 2484 1280 2563; baseline 0.002 -19"><span class='ocrx_word' id='word_1_165' title='bbox 160 2484 332 2563; x_wconf 78' lang='lat' dir='ltr'>profanam</span> <span class='ocrx_word' id='word_1_166' title='bbox 354 2487 663 2562; x_wconf 88' lang='lat' dir='ltr'>interpretationem.</span> <span class='ocrx_word' id='word_1_167' title='bbox 691 2484 728 2546; x_wconf 80' lang='lat' dir='ltr'>Et</span> <span class='ocrx_word' id='word_1_168' title='bbox 753 2487 828 2563; x_wconf 88' lang='lat' dir='ltr'>quid</span> <span class='ocrx_word' id='word_1_169' title='bbox 853 2486 932 2548; x_wconf 87' lang='lat' dir='ltr'>haec</span> <span class='ocrx_word' id='word_1_170' title='bbox 954 2485 1127 2547; x_wconf 80' lang='lat' dir='ltr'>conterunt</span> <span class='ocrx_word' id='word_1_171' title='bbox 1149 2485 1280 2547; x_wconf 74' lang='lat' dir='ltr'>anates:</span> 
     </span>
     <span class='ocr_line' id='line_1_23' title="bbox 162 2581 1279 2668; baseline 0 -22"><span class='ocrx_word' id='word_1_172' title='bbox 162 2585 264 2655; x_wconf 90' lang='lat' dir='ltr'>mati,</span> <span class='ocrx_word' id='word_1_173' title='bbox 295 2602 362 2662; x_wconf 87' lang='lat' dir='ltr'>quo</span> <span class='ocrx_word' id='word_1_174' title='bbox 390 2581 589 2660; x_wconf 82' lang='lat' dir='ltr'>Theophilus</span> <span class='ocrx_word' id='word_1_175' title='bbox 613 2591 647 2668; x_wconf 20' lang='lat' dir='ltr'>‘et</span> <span class='ocrx_word' id='word_1_176' title='bbox 677 2582 894 2667; x_wconf 83' lang='lat' dir='ltr'>Hieronymus</span> <span class='ocrx_word' id='word_1_177' title='bbox 925 2593 1081 2664; x_wconf 88' lang='lat' dir='ltr'>putarunt</span> <span class='ocrx_word' id='word_1_178' title='bbox 1109 2584 1279 2647; x_wconf 87' lang='lat' dir='ltr'>adstrictos</span> 
     </span>
     <span class='ocr_line' id='line_1_24' title="bbox 161 2682 1279 2765; baseline 0 -19"><span class='ocrx_word' id='word_1_179' title='bbox 161 2682 337 2763; x_wconf 86' lang='lat' dir='ltr'>Origenem</span> <span class='ocrx_word' id='word_1_180' title='bbox 360 2685 464 2764; x_wconf 89' lang='lat' dir='ltr'>ipsum</span> <span class='ocrx_word' id='word_1_181' title='bbox 487 2692 519 2745; x_wconf 87' lang='lat' dir='ltr'>ei</span> <span class='ocrx_word' id='word_1_182' title='bbox 544 2683 705 2746; x_wconf 85' lang='lat' dir='ltr'>Rnffinum</span> <span class='ocrx_word' id='word_1_183' title='bbox 729 2683 965 2765; x_wconf 80' lang='lat' dir='ltr'>interpretem?</span> <span class='ocrx_word' id='word_1_184' title='bbox 988 2686 1092 2747; x_wconf 88' lang='lat' dir='ltr'>Porro</span> <span class='ocrx_word' id='word_1_185' title='bbox 1113 2687 1144 2746; x_wconf 92' lang='lat' dir='ltr'>iu</span> <span class='ocrx_word' id='word_1_186' title='bbox 1165 2684 1279 2765; x_wconf 86' lang='lat' dir='ltr'>hujus·</span> 
     </span>
     <span class='ocr_line' id='line_1_25' title="bbox 162 2784 1281 2865; baseline 0.002 -19"><span class='ocrx_word' id='word_1_187' title='bbox 162 2784 250 2848; x_wconf 90' lang='lat' dir='ltr'>modi</span> <span class='ocrx_word' id='word_1_188' title='bbox 272 2785 516 2864; x_wconf 88' lang='lat' dir='ltr'>quaestionibus</span> <span class='ocrx_word' id='word_1_189' title='bbox 535 2785 718 2863; x_wconf 78' lang='lat' dir='ltr'>indicandis</span> <span class='ocrx_word' id='word_1_190' title='bbox 741 2795 773 2847; x_wconf 92' lang='lat' dir='ltr'>ot</span> <span class='ocrx_word' id='word_1_191' title='bbox 795 2788 834 2848; x_wconf 90' lang='lat' dir='ltr'>de</span> <span class='ocrx_word' id='word_1_192' title='bbox 852 2787 1000 2865; x_wconf 84' lang='lat' dir='ltr'>judicum</span> <span class='ocrx_word' id='word_1_193' title='bbox 1024 2788 1219 2850; x_wconf 90' lang='lat' dir='ltr'>anctoritate</span> <span class='ocrx_word' id='word_1_194' title='bbox 1235 2789 1281 2848; x_wconf 81' lang='lat' dir='ltr'>ti·</span> 
     </span>
     <span class='ocr_line' id='line_1_26' title="bbox 162 2886 1082 2965; baseline 0.002 -19"><span class='ocrx_word' id='word_1_195' title='bbox 162 2886 261 2948; x_wconf 89' lang='lat' dir='ltr'>deant</span> <span class='ocrx_word' id='word_1_196' title='bbox 283 2888 441 2964; x_wconf 90' lang='lat' dir='ltr'>sapientes</span> <span class='ocrx_word' id='word_1_197' title='bbox 465 2891 639 2950; x_wconf 84' lang='lat' dir='ltr'>canorrioae</span> <span class='ocrx_word' id='word_1_198' title='bbox 661 2888 847 2965; x_wconf 82' lang='lat' dir='ltr'>disciplinae</span> <span class='ocrx_word' id='word_1_199' title='bbox 870 2889 1022 2965; x_wconf 84' lang='lat' dir='ltr'>magistri.</span> <span class='ocrx_word' id='word_1_200' title='bbox 1040 2886 1082 2965; x_wconf 39' lang='grc' dir='ltr'>(ᾗ)</span> 
     </span>
    </p>
   </div>
   <div class='ocr_carea' id='block_1_5' title="bbox 160 3086 1281 4265">
    <p class='ocr_par' dir='ltr' id='par_1_6' title="bbox 160 3086 1281 4265">
     <span class='ocr_line' id='line_1_27' title="bbox 241 3086 1278 3161; baseline 0.002 -20"><span class='ocrx_word' id='word_1_201' title='bbox 241 3088 274 3159; x_wconf 86' lang='lat'>(*)</span> <span class='ocrx_word' id='word_1_202' title='bbox 295 3086 422 3142; x_wconf 86' lang='lat' dir='ltr'>Proiecto</span> <span class='ocrx_word' id='word_1_203' title='bbox 441 3103 498 3141; x_wconf 90' lang='lat' dir='ltr'>non</span> <span class='ocrx_word' id='word_1_204' title='bbox 516 3087 623 3160; x_wconf 88' lang='lat' dir='ltr'>absque</span> <span class='ocrx_word' id='word_1_205' title='bbox 629 3089 694 3160; x_wconf 87' lang='lat' dir='ltr'>jure</span> <span class='ocrx_word' id='word_1_206' title='bbox 704 3089 886 3159; x_wconf 85' lang='lat' dir='ltr'>conqueritur</span> <span class='ocrx_word' id='word_1_207' title='bbox 898 3088 1032 3143; x_wconf 82' lang='lat' dir='ltr'>Rudinus</span> <span class='ocrx_word' id='word_1_208' title='bbox 1054 3089 1099 3159; x_wconf 77' lang='lat' dir='ltr'>(et</span> <span class='ocrx_word' id='word_1_209' title='bbox 1117 3088 1186 3144; x_wconf 82' lang='lat' dir='ltr'>haec</span> <span class='ocrx_word' id='word_1_210' title='bbox 1199 3088 1278 3161; x_wconf 81' lang='lat' dir='ltr'>justa</span> 
     </span>
     <span class='ocr_line' id='line_1_28' title="bbox 165 3178 1278 3252; baseline 0 -17"><span class='ocrx_word' id='word_1_211' title='bbox 165 3178 282 3252; x_wconf 86' lang='lat' dir='ltr'>querela</span> <span class='ocrx_word' id='word_1_212' title='bbox 299 3197 355 3234; x_wconf 90' lang='lat' dir='ltr'>non</span> <span class='ocrx_word' id='word_1_213' title='bbox 374 3184 417 3234; x_wconf 88' lang='lat' dir='ltr'>est</span> <span class='ocrx_word' id='word_1_214' title='bbox 434 3180 635 3252; x_wconf 85' lang='lat' dir='ltr'>transigenda)</span> <span class='ocrx_word' id='word_1_215' title='bbox 655 3181 685 3234; x_wconf 90' lang='lat' dir='ltr'>iu</span> <span class='ocrx_word' id='word_1_216' title='bbox 698 3181 784 3236; x_wconf 88' lang='lat' dir='ltr'>Libro</span> <span class='ocrx_word' id='word_1_217' title='bbox 796 3182 819 3237; x_wconf 92' lang='lat'>1.</span> <span class='ocrx_word' id='word_1_218' title='bbox 839 3199 867 3236; x_wconf 88' lang='lat' dir='ltr'>n.</span> <span class='ocrx_word' id='word_1_219' title='bbox 891 3180 934 3235; x_wconf 85' lang='grc'>16.</span> <span class='ocrx_word' id='word_1_220' title='bbox 949 3180 1080 3236; x_wconf 85' lang='lat' dir='ltr'>adversus</span> <span class='ocrx_word' id='word_1_221' title='bbox 1099 3181 1193 3251; x_wconf 91' lang='lat' dir='ltr'>ipsum</span> <span class='ocrx_word' id='word_1_222' title='bbox 1211 3179 1278 3235; x_wconf 86' lang='lat' dir='ltr'>Hie-</span> 
     </span>
     <span class='ocr_line' id='line_1_29' title="bbox 163 3270 1279 3345; baseline -0.004 -16"><span class='ocrx_word' id='word_1_223' title='bbox 163 3289 338 3345; x_wconf 84' lang='lat' dir='ltr'>ronymum,</span> <span class='ocrx_word' id='word_1_224' title='bbox 367 3271 478 3344; x_wconf 88' lang='lat' dir='ltr'>quando</span> <span class='ocrx_word' id='word_1_225' title='bbox 505 3272 551 3328; x_wconf 92' lang='lat' dir='ltr'>ille</span> <span class='ocrx_word' id='word_1_226' title='bbox 570 3290 604 3327; x_wconf 86' lang='lat' dir='ltr'>ex</span> <span class='ocrx_word' id='word_1_227' title='bbox 624 3273 748 3345; x_wconf 86' lang='lat' dir='ltr'>genuino</span> <span class='ocrx_word' id='word_1_228' title='bbox 776 3289 876 3345; x_wconf 84' lang='lat' dir='ltr'>graeco</span> <span class='ocrx_word' id='word_1_229' title='bbox 904 3271 1060 3329; x_wconf 80' lang='lat' dir='ltr'>Periorotos</span> <span class='ocrx_word' id='word_1_230' title='bbox 1083 3270 1179 3326; x_wconf 90' lang='lat' dir='ltr'>codice</span> <span class='ocrx_word' id='word_1_231' title='bbox 1206 3271 1279 3326; x_wconf 85' lang='lat' dir='ltr'>circa</span> 
     </span>
     <span class='ocr_line' id='line_1_30' title="bbox 161 3362 1279 3437; baseline -0.004 -16"><span class='ocrx_word' id='word_1_232' title='bbox 161 3364 357 3421; x_wconf 85' lang='lat' dir='ltr'>testimonium</span> <span class='ocrx_word' id='word_1_233' title='bbox 378 3363 458 3419; x_wconf 80' lang='lat' dir='ltr'>Deum</span> <span class='ocrx_word' id='word_1_234' title='bbox 476 3380 547 3420; x_wconf 83' lang='lat' dir='ltr'>nemo</span> <span class='ocrx_word' id='word_1_235' title='bbox 565 3362 628 3420; x_wconf 84' lang='lat' dir='ltr'>vidit</span> <span class='ocrx_word' id='word_1_236' title='bbox 646 3381 775 3437; x_wconf 81' lang='lat' dir='ltr'>ecquem,</span> <span class='ocrx_word' id='word_1_237' title='bbox 797 3364 929 3436; x_wconf 85' lang='lat' dir='ltr'>Origenis</span> <span class='ocrx_word' id='word_1_238' title='bbox 957 3364 1039 3419; x_wconf 89' lang='lat' dir='ltr'>dietis</span> <span class='ocrx_word' id='word_1_239' title='bbox 1057 3363 1219 3418; x_wconf 85' lang='lat' dir='ltr'>orthodoxis</span> <span class='ocrx_word' id='word_1_240' title='bbox 1237 3363 1279 3417; x_wconf 90' lang='lat' dir='ltr'>in·</span> 
     </span>
     <span class='ocr_line' id='line_1_31' title="bbox 165 3453 1277 3530; baseline -0.002 -21"><span class='ocrx_word' id='word_1_241' title='bbox 165 3472 263 3530; x_wconf 77' lang='lat' dir='ltr'>genua</span> <span class='ocrx_word' id='word_1_242' title='bbox 282 3455 427 3526; x_wconf 85' lang='lat' dir='ltr'>expositis,</span> <span class='ocrx_word' id='word_1_243' title='bbox 447 3455 560 3527; x_wconf 87' lang='lat' dir='ltr'>inquit:</span> <span class='ocrx_word' id='word_1_244' title='bbox 582 3478 594 3505; x_wconf 80' lang='lat' dir='ltr'>s</span> <span class='ocrx_word' id='word_1_245' title='bbox 615 3455 696 3510; x_wconf 83' lang='lat' dir='ltr'>Istud</span> <span class='ocrx_word' id='word_1_246' title='bbox 715 3459 812 3525; x_wconf 85' lang='lat' dir='ltr'>caput,</span> <span class='ocrx_word' id='word_1_247' title='bbox 836 3454 911 3527; x_wconf 91' lang='lat' dir='ltr'>quod</span> <span class='ocrx_word' id='word_1_248' title='bbox 930 3455 978 3510; x_wconf 89' lang='lat' dir='ltr'>isti</span> <span class='ocrx_word' id='word_1_249' title='bbox 1000 3454 1100 3523; x_wconf 85' lang='lat' dir='ltr'>(amici</span> <span class='ocrx_word' id='word_1_250' title='bbox 1131 3453 1277 3526; x_wconf 88' lang='lat' dir='ltr'>Hierony-</span> 
     </span>
     <span class='ocr_line' id='line_1_32' title="bbox 162 3544 1279 3618; baseline -0.004 -16"><span class='ocrx_word' id='word_1_251' title='bbox 162 3548 214 3618; x_wconf 89' lang='lat' dir='ltr'>mi)</span> <span class='ocrx_word' id='word_1_252' title='bbox 227 3546 277 3617; x_wconf 88' lang='lat' dir='ltr'>qni</span> <span class='ocrx_word' id='word_1_253' title='bbox 287 3547 321 3600; x_wconf 89' lang='lat' dir='ltr'>ad</span> <span class='ocrx_word' id='word_1_254' title='bbox 334 3544 523 3600; x_wconf 87' lang='lat' dir='ltr'>insidiandum</span> <span class='ocrx_word' id='word_1_255' title='bbox 536 3545 603 3600; x_wconf 91' lang='lat' dir='ltr'>mihi</span> <span class='ocrx_word' id='word_1_256' title='bbox 613 3545 647 3600; x_wconf 90' lang='lat' dir='ltr'>de</span> <span class='ocrx_word' id='word_1_257' title='bbox 661 3546 773 3601; x_wconf 83' lang='lat' dir='ltr'>Oriente</span> <span class='ocrx_word' id='word_1_258' title='bbox 783 3546 941 3600; x_wconf 87' lang='lat' dir='ltr'>transmissi</span> <span class='ocrx_word' id='word_1_259' title='bbox 953 3552 1029 3611; x_wconf 86' lang='lat' dir='ltr'>sunt,</span> <span class='ocrx_word' id='word_1_260' title='bbox 1043 3563 1101 3600; x_wconf 89' lang='lat' dir='ltr'>non</span> <span class='ocrx_word' id='word_1_261' title='bbox 1114 3545 1205 3600; x_wconf 87' lang='lat' dir='ltr'>solum</span> <span class='ocrx_word' id='word_1_262' title='bbox 1217 3562 1279 3616; x_wconf 90' lang='lat' dir='ltr'>per-</span> 
     </span>
     <span class='ocr_line' id='line_1_33' title="bbox 164 3636 1279 3710; baseline -0.002 -16"><span class='ocrx_word' id='word_1_263' title='bbox 164 3654 247 3694; x_wconf 87' lang='lat' dir='ltr'>versa</span> <span class='ocrx_word' id='word_1_264' title='bbox 265 3636 462 3710; x_wconf 81' lang='lat' dir='ltr'>intelligentie,</span> <span class='ocrx_word' id='word_1_265' title='bbox 478 3655 574 3692; x_wconf 88' lang='lat' dir='ltr'>verum</span> <span class='ocrx_word' id='word_1_266' title='bbox 593 3639 677 3692; x_wconf 89' lang='lat' dir='ltr'>etiam</span> <span class='ocrx_word' id='word_1_267' title='bbox 696 3638 841 3693; x_wconf 86' lang='lat' dir='ltr'>verborum</span> <span class='ocrx_word' id='word_1_268' title='bbox 859 3637 995 3694; x_wconf 88' lang='lat' dir='ltr'>adulterio</span> <span class='ocrx_word' id='word_1_269' title='bbox 1013 3640 1105 3694; x_wconf 88' lang='lat' dir='ltr'>conati</span> <span class='ocrx_word' id='word_1_270' title='bbox 1123 3644 1191 3693; x_wconf 89' lang='lat' dir='ltr'>sunt</span> <span class='ocrx_word' id='word_1_271' title='bbox 1209 3638 1279 3693; x_wconf 86' lang='lat' dir='ltr'>inia-</span> 
     </span>
     <span class='ocr_line' id='line_1_34' title="bbox 163 3729 1279 3804; baseline 0 -18"><span class='ocrx_word' id='word_1_272' title='bbox 163 3747 253 3786; x_wconf 86' lang='lat' dir='ltr'>mare.</span> <span class='ocrx_word' id='word_1_273' title='bbox 275 3751 288 3779; x_wconf 77' lang='lat' dir='ltr'>s</span> <span class='ocrx_word' id='word_1_274' title='bbox 308 3729 417 3785; x_wconf 86' lang='lat' dir='ltr'>Deinde</span> <span class='ocrx_word' id='word_1_275' title='bbox 436 3731 529 3801; x_wconf 85' lang='lat' dir='ltr'>pergit</span> <span class='ocrx_word' id='word_1_276' title='bbox 548 3729 679 3785; x_wconf 85' lang='lat' dir='ltr'>Ruffinus</span> <span class='ocrx_word' id='word_1_277' title='bbox 697 3731 776 3786; x_wconf 81' lang='lat' dir='ltr'>valde</span> <span class='ocrx_word' id='word_1_278' title='bbox 794 3732 895 3786; x_wconf 85' lang='lat' dir='ltr'>anxius</span> <span class='ocrx_word' id='word_1_279' title='bbox 914 3731 989 3803; x_wconf 84' lang='lat' dir='ltr'>qnod</span> <span class='ocrx_word' id='word_1_280' title='bbox 1001 3732 1088 3786; x_wconf 86' lang='lat' dir='ltr'>latina</span> <span class='ocrx_word' id='word_1_281' title='bbox 1099 3749 1150 3786; x_wconf 86' lang='lat' dir='ltr'>sua</span> <span class='ocrx_word' id='word_1_282' title='bbox 1161 3731 1279 3804; x_wconf 83' lang='lat' dir='ltr'>Deprirt-</span> 
     </span>
     <span class='ocr_line' id='line_1_35' title="bbox 165 3823 1281 3897; baseline -0.002 -17"><span class='ocrx_word' id='word_1_283' title='bbox 165 3823 244 3897; x_wconf 74' lang='lat' dir='ltr'>cipiia</span> <span class='ocrx_word' id='word_1_284' title='bbox 260 3825 350 3878; x_wconf 86' lang='lat' dir='ltr'>versio</span> <span class='ocrx_word' id='word_1_285' title='bbox 368 3823 476 3890; x_wconf 84' lang='lat' dir='ltr'>falsata,</span> <span class='ocrx_word' id='word_1_286' title='bbox 497 3841 545 3894; x_wconf 91' lang='lat' dir='ltr'>per</span> <span class='ocrx_word' id='word_1_287' title='bbox 564 3824 659 3879; x_wconf 89' lang='lat' dir='ltr'>urbem</span> <span class='ocrx_word' id='word_1_288' title='bbox 688 3823 910 3878; x_wconf 84' lang='lat' dir='ltr'>circumferretur</span> <span class='ocrx_word' id='word_1_289' title='bbox 922 3866 929 3892; x_wconf 90' lang='lat'>,</span> <span class='ocrx_word' id='word_1_290' title='bbox 949 3828 977 3878; x_wconf 88' lang='lat' dir='ltr'>et</span> <span class='ocrx_word' id='word_1_291' title='bbox 1005 3823 1039 3878; x_wconf 88' lang='lat' dir='ltr'>ed</span> <span class='ocrx_word' id='word_1_292' title='bbox 1067 3840 1148 3879; x_wconf 88' lang='lat' dir='ltr'>aures</span> <span class='ocrx_word' id='word_1_293' title='bbox 1170 3839 1281 3895; x_wconf 89' lang='lat' dir='ltr'>quoque</span> 
     </span>
     <span class='ocr_line' id='line_1_36' title="bbox 166 3915 1280 3988; baseline 0 -17"><span class='ocrx_word' id='word_1_294' title='bbox 166 3915 315 3972; x_wconf 84' lang='lat' dir='ltr'>Pontificis</span> <span class='ocrx_word' id='word_1_295' title='bbox 332 3917 514 3988; x_wconf 87' lang='lat' dir='ltr'>pervenisset.</span> <span class='ocrx_word' id='word_1_296' title='bbox 537 3915 628 3987; x_wconf 87' lang='lat' dir='ltr'>Supra</span> <span class='ocrx_word' id='word_1_297' title='bbox 652 3916 764 3970; x_wconf 90' lang='lat' dir='ltr'>modum</span> <span class='ocrx_word' id='word_1_298' title='bbox 783 3933 847 3970; x_wconf 86' lang='lat' dir='ltr'>vero</span> <span class='ocrx_word' id='word_1_299' title='bbox 865 3934 894 3970; x_wconf 86' lang='lat' dir='ltr'>n.</span> <span class='ocrx_word' id='word_1_300' title='bbox 916 3915 960 3970; x_wconf 84' lang='lat'>19.</span> <span class='ocrx_word' id='word_1_301' title='bbox 980 3915 1132 3970; x_wconf 86' lang='lat' dir='ltr'>mirabatur</span> <span class='ocrx_word' id='word_1_302' title='bbox 1159 3915 1193 3969; x_wconf 91' lang='lat' dir='ltr'>de</span> <span class='ocrx_word' id='word_1_303' title='bbox 1218 3915 1280 3986; x_wconf 92' lang='lat' dir='ltr'>ipso</span> 
     </span>
     <span class='ocr_line' id='line_1_37' title="bbox 160 4006 1279 4080; baseline -0.001 -18"><span class='ocrx_word' id='word_1_304' title='bbox 160 4006 339 4080; x_wconf 85' lang='lat' dir='ltr'>Hieronymo</span> <span class='ocrx_word' id='word_1_305' title='bbox 351 4028 358 4074; x_wconf 80' lang='lat'><em>3</em></span> <span class='ocrx_word' id='word_1_306' title='bbox 381 4007 429 4078; x_wconf 91' lang='lat' dir='ltr'>qui</span> <span class='ocrx_word' id='word_1_307' title='bbox 449 4014 513 4063; x_wconf 81' lang='lat' dir='ltr'>crim</span> <span class='ocrx_word' id='word_1_308' title='bbox 531 4008 614 4079; x_wconf 88' lang='lat' dir='ltr'>paulo</span> <span class='ocrx_word' id='word_1_309' title='bbox 641 4014 706 4063; x_wconf 85' lang='lat' dir='ltr'>ante</span> <span class='ocrx_word' id='word_1_310' title='bbox 733 4007 767 4062; x_wconf 85' lang='lat' dir='ltr'>ed</span> <span class='ocrx_word' id='word_1_311' title='bbox 786 4006 975 4080; x_wconf 69' lang='lat' dir='ltr'>vigilantium</span> <span class='ocrx_word' id='word_1_312' title='bbox 1004 4007 1128 4063; x_wconf 88' lang='lat' dir='ltr'>scribens</span> <span class='ocrx_word' id='word_1_313' title='bbox 1155 4007 1279 4062; x_wconf 84' lang='lat' dir='ltr'>dixerat:</span> 
     </span>
     <span class='ocr_line' id='line_1_38' title="bbox 167 4098 1279 4175; baseline -0.002 -20"><span class='ocrx_word' id='word_1_314' title='bbox 167 4115 214 4171; x_wconf 83' lang='lat' dir='ltr'>per</span> <span class='ocrx_word' id='word_1_315' title='bbox 232 4115 270 4155; x_wconf 82' lang='lat' dir='ltr'>me</span> <span class='ocrx_word' id='word_1_316' title='bbox 290 4098 364 4156; x_wconf 82' lang='lat' dir='ltr'>latini</span> <span class='ocrx_word' id='word_1_317' title='bbox 383 4110 534 4174; x_wconf 76' lang='lat' dir='ltr'>cognoscent</span> <span class='ocrx_word' id='word_1_318' title='bbox 552 4116 634 4157; x_wconf 85' lang='lat' dir='ltr'>omnes</span> <span class='ocrx_word' id='word_1_319' title='bbox 653 4099 769 4175; x_wconf 77' lang='lat' dir='ltr'>origenis</span> <span class='ocrx_word' id='word_1_320' title='bbox 783 4100 847 4158; x_wconf 81' lang='lat' dir='ltr'>torio</span> <span class='ocrx_word' id='word_1_321' title='bbox 859 4110 881 4156; x_wconf 83' lang='lat' dir='ltr'>et</span> <span class='ocrx_word' id='word_1_322' title='bbox 892 4099 1012 4174; x_wconf 76' lang='lat' dir='ltr'>ignorent</span> <span class='ocrx_word' id='word_1_323' title='bbox 1028 4099 1098 4156; x_wconf 83' lang='lat' dir='ltr'>mois</span> <span class='ocrx_word' id='word_1_324' title='bbox 1113 4124 1126 4152; x_wconf 86' lang='lat'>«</span> <span class='ocrx_word' id='word_1_325' title='bbox 1140 4100 1219 4167; x_wconf 87' lang='lat' dir='ltr'>istos,</span> <span class='ocrx_word' id='word_1_326' title='bbox 1230 4099 1279 4165; x_wconf 82' lang='lat' dir='ltr'>eit,</span> 
     </span>
     <span class='ocr_line' id='line_1_39' title="bbox 165 4190 1280 4265; baseline 0.002 -20"><span class='ocrx_word' id='word_1_327' title='bbox 165 4190 263 4257; x_wconf 87' lang='lat' dir='ltr'>libros,</span> <span class='ocrx_word' id='word_1_328' title='bbox 285 4208 358 4264; x_wconf 84' lang='lat' dir='ltr'>ques</span> <span class='ocrx_word' id='word_1_329' title='bbox 375 4209 451 4249; x_wconf 89' lang='lat' dir='ltr'>nuuc</span> <span class='ocrx_word' id='word_1_330' title='bbox 469 4194 681 4258; x_wconf 84' lang='lat' dir='ltr'>transtuleram,</span> <span class='ocrx_word' id='word_1_331' title='bbox 706 4195 932 4265; x_wconf 84' lang='lat' dir='ltr'>reinterpretatus</span> <span class='ocrx_word' id='word_1_332' title='bbox 956 4198 1017 4260; x_wconf 88' lang='lat' dir='ltr'>est;</span> <span class='ocrx_word' id='word_1_333' title='bbox 1041 4199 1069 4248; x_wconf 93' lang='lat' dir='ltr'>et</span> <span class='ocrx_word' id='word_1_334' title='bbox 1094 4193 1186 4250; x_wconf 85' lang='lat' dir='ltr'>omnia</span> <span class='ocrx_word' id='word_1_335' title='bbox 1209 4210 1280 4265; x_wconf 86' lang='lat' dir='ltr'>quae</span> 
     </span>
    </p>
   </div>
   <div class='ocr_carea' id='block_1_6' title="bbox 0 0 1456 4784">
    <p class='ocr_par' dir='ltr' id='par_1_7' title="bbox 0 0 1456 4784">
     <span class='ocr_line' id='line_1_40' title="bbox 0 0 1456 4784; baseline 0 0"><span class='ocrx_word' id='word_1_336' title='bbox 0 0 1456 4784; x_wconf 95' lang='lat' dir='ltr'> </span> 
     </span>
    </p>
   </div>
  </div>
 </body>
</html>
