2886 4784
161 445 250 511 runt,
275 440 393 501 horum
417 437 489 499 ideo
512 439 663 518 utrinque
685 438 868 502 conditione
892 439 1029 502 librata:
1054 438 1115 501 fide
1138 440 1259 516 scilieet,

158 558 222 618 qua
245 540 277 602 io
300 537 443 602 Ecclesia
468 540 584 602 versati
613 548 709 602 sunt:
740 539 928 602 muneribus
941 583 953 614 ,
983 540 1101 618 quibus
1130 541 1258 606 decorati

111 669 116 676 ·
160 649 257 702 sunt:
280 642 435 714 scientie,
456 631 521 720 ⁸qim
546 644 759 720 praestitere:
782 650 909 714 aetate,
933 659 997 721 qua
1022 642 1079 703 alii
1105 643 1177 706 aliis
1200 646 1260 706 rici·

161 744 268 804 niores
289 742 423 804 luerunt
442 739 596 822 Origeui:
620 742 717 818 lama,
733 761 818 822 quae
840 744 871 804 io
893 743 972 805 orbe
987 744 1165 807 christiano
1184 745 1220 807 de
1231 746 1261 808 iis

160 845 317 907 invaluit:
341 844 505 908 codicibus
524 842 672 923 Operum
687 845 962 923 origenianorum,
979 843 1097 925 quibus
1112 828 1162 906 usi
1176 855 1260 908 sunt:

164 948 315 1025 regione,
338 946 392 1008 ubi
414 945 572 1024 degerunt
595 945 697 1007 relate
718 945 757 1006 ad
779 945 913 1019 locum,
936 963 1033 1023 quem
1062 945 1221 1020 incoluit,
1237 953 1264 1008 et

162 1047 217 1108 ubi
240 1056 391 1108 mortuus
413 1054 461 1108 cst
481 1043 659 1126 Origenes:
683 1064 842 1121 numero,
866 1064 932 1125 quo
964 1045 1020 1109 aiii
1047 1047 1122 1110 aliis
1142 1064 1264 1126 snpera-

163 1157 259 1211 runt:
283 1152 400 1221 causis,
425 1148 509 1210 unde
530 1148 569 1209 ad
593 1149 654 1209 hoc
673 1147 831 1226 judicium
854 1146 1013 1225 compulsi
1042 1155 1147 1211 suute
1167 1147 1263 1211 studio

163 1261 195 1312 et
217 1252 369 1324 utilitate,
393 1252 511 1330 quihus
533 1251 572 1312 ed
595 1252 676 1312 hano
700 1251 751 1311 rel
773 1248 862 1312 iilam
885 1258 1009 1330 partem
1031 1266 1222 1316 accessere:
1238 1257 1265 1312 et

163 1362 446 1415 monumentorum
468 1352 676 1426 auctoritate,
699 1351 817 1430 quibus
838 1351 956 1431 singuli
979 1352 1029 1414 usi
1043 1359 1131 1413 suut.
1147 1347 1265 1415 Cunctis

162 1455 298 1517 istorum
315 1453 464 1514 cribratis
480 1452 571 1515 dictis
588 1452 792 1515 manifestum
809 1451 875 1527 fiet,
892 1469 966 1514 cum
980 1469 1119 1513 numero
1138 1459 1206 1514 tum
1219 1468 1265 1513 au·

162 1558 313 1616 ctoritate
334 1564 365 1615 et
387 1555 529 1616 omnium
555 1555 713 1615 virtutum
735 1552 907 1632 splendore
937 1552 1142 1625 micantium,
1162 1568 1264 1614 corum

162 1656 358 1718 antecellere
379 1655 583 1734 opinionem,
606 1653 779 1733 Origenem
809 1654 1055 1733 praedicationis
1078 1653 1265 1734 apostolicae

163 1757 329 1821 custodem
345 1767 376 1819 et
391 1758 562 1829 vindicem,
574 1757 786 1819 ecelesiarum
801 1760 990 1835 magistrum
1006 1764 1038 1818 et
1054 1753 1177 1820 Christi
1194 1772 1265 1818 mar·

164 1866 267 1939 tyrum
290 1859 321 1920 in
343 1855 404 1920 iide
428 1858 585 1921 catholica
608 1875 793 1936 supremam
812 1857 930 1931 obiisse
952 1856 1047 1918 diem.

244 1950 400 2038 Deinceps
421 1959 533 2021 eadem
556 1977 635 2022 cura
655 1958 871 2038 praelatisque
889 1977 965 2021 usus
980 1957 1187 2021 adminiculis
1201 1973 1264 2019 eeu·

161 2079 230 2124 sam
251 2063 399 2125 dieturus
419 2062 564 2125 incedam
585 2061 821 2124 monachorum
843 2061 1043 2123 nitriensium
1066 2067 1099 2122 et
1121 2060 1263 2131 aliorum,

163 2165 219 2241 qui
233 2161 403 2244 Theophili
420 2171 526 2226 aetate
546 2180 585 2225 ae
605 2170 716 2242 postea
741 2180 845 2241 usqne
867 2162 906 2222 ad
927 2161 1093 2243 synodum
1110 2159 1150 2222 V.
1166 2161 1264 2238 Orige·

164 2263 194 2325 ni
219 2266 409 2342 patrocinati
429 2271 528 2339 suot,
550 2263 719 2326 ostendens
742 2280 804 2325 uua
826 2280 902 2325 cum
925 2264 1080 2343 magistro
1100 2261 1263 2340 discipulos

164 2363 287 2428 irustra
308 2367 401 2444 argui
423 2364 614 2439 hnerctieos,
632 2381 706 2426 cum
728 2365 790 2427 sint
811 2364 974 2440 catholici,
989 2382 1028 2427 ac
1047 2382 1160 2426 omnes
1181 2359 1263 2425 simul

164 2468 248 2529 iuter
268 2477 393 2530 sanctus
418 2468 502 2530 viros
526 2467 556 2527 in
576 2466 698 2528 vveteris
721 2463 886 2528 Ecclesiae
915 2467 1132 2528 monumentis
1168 2480 1264 2525 nume·

164 2577 291 2645 rentur,
314 2572 426 2648 eisque
447 2569 607 2647 adscripta
633 2567 793 2628 haeretica
810 2566 958 2646 dogmata
977 2567 1025 2627 vei
1041 2566 1206 2645 perfidiae,
1222 2559 1263 2621 vei

165 2671 376 2747 ignorantiae,
402 2669 451 2731 vei
476 2670 636 2732 illusionis
660 2668 757 2730 luisse
780 2687 871 2745 opus.

248 2769 295 2830 Ac
317 2765 444 2832 interim
479 2790 538 2847 pro
569 2770 764 2850 quaestionis
794 2770 907 2830 ordine
938 2767 1173 2846 praemittenda
1204 2771 1265 2826 suut

165 2887 249 2947 quae
271 2872 309 2931 de
333 2872 456 2933 haeresi
478 2881 510 2933 et
541 2872 716 2934 haereticis
751 2872 866 2933 docent
896 2869 1092 2947 'l'heoiogiae
1124 2866 1265 2946 {nagistrh

168 2971 334 3048 Primum,
359 2974 508 3049 haeresis,
532 2976 692 3054 inquiunt,
709 2984 753 3035 est
773 2986 864 3035 error
883 2972 1057 3034 intellectus
1079 2969 1157 3032 liber
1172 2977 1198 3029 ct
1207 2983 1266 3046 per·

166 3072 260 3134 ithae
280 3083 389 3136 contra
409 3075 498 3152 fidem
520 3075 556 3135 in
577 3094 625 3147 eo,
647 3076 704 3153 qni
723 3076 813 3153 fidem
832 3070 976 3152 suscepit.
998 3071 1170 3145 Secundo,
1191 3081 1266 3128 nemo

168 3183 213 3235 est
232 3174 415 3250 haereticus,
437 3173 589 3255 quamdiu
608 3185 743 3253 paretes
764 3173 805 3236 sit
820 3171 980 3254 judicium
1002 3190 1096 3233 suum
1123 3164 1267 3232 Ecclesiae

164 3275 342 3339 submittere
347 3297 362 3348 ;
384 3287 440 3338 atat
460 3276 559 3340 nescit
580 3275 775 3339 eontrarium
796 3285 896 3337 tenere
917 3291 1023 3335 veram
1042 3269 1162 3336 Christi
1176 3267 1269 3332 Eccle-

165 3375 258 3450 siam,
281 3386 402 3439 estoces
424 3378 609 3458 ipnorantio
628 3376 721 3440 etiem
743 3376 896 3458 culpabili
915 3385 943 3437 et
962 3392 1072 3437 crosso
1095 3369 1270 3436 sententiam

165 3497 255 3540 suam
276 3477 437 3540 mordiens
458 3489 593 3541 tuentur.
610 3479 775 3553 Similiter,
792 3497 866 3540 eum
888 3478 919 3538 iu
941 3477 1001 3538 hac
1024 3477 1214 3553 quaestione
1234 3481 1270 3534 te·

166 3582 312 3640 stimonia
336 3582 365 3640 in
389 3579 493 3642 medio
517 3580 708 3659 proterenda
731 3583 792 3642 siut
815 3578 965 3653 Petrum,
981 3577 1036 3654 qui
1055 3576 1106 3637 vel
1123 3593 1196 3654 pro,
1211 3574 1269 3635 sire

166 3689 277 3745 centra
300 3681 473 3760 Origenem
496 3691 627 3754 stetere,
650 3680 692 3742 ob
712 3680 828 3743 oeulos
850 3681 1023 3758 praecipue
1047 3677 1270 3738 tenende-suut

166 3799 207 3842 ss.
231 3779 419 3865 Hieronymi
440 3789 472 3844 et
493 3782 664 3861 Augustini
687 3783 782 3843 diota.
799 3778 887 3843 Unus
903 3781 933 3840 in
949 3777 1094 3858 Epistola
1113 3777 1166 3840 vei
1181 3774 1269 3836 Libro

167 3882 323 3944 adversus
344 3881 507 3946 loannem*
533 3883 851 3968 hierosolymitanum
873 3883 997 3960 inquite
1022 3901 1038 3937 c
1062 3875 1135 3942 Scio
1156 3896 1201 3940 me
1220 3872 1270 3937 eli·

166 3991 212 4044 ter
231 3983 340 4045 hahere
362 3986 551 4064 Apostolos,
573 3983 666 4048 aliter
685 3985 824 4065 reliquos
845 3990 1029 4046 tractatores
1032 4000 1049 4054 ;
1070 3978 1146 4042 ilios
1166 3991 1272 4058 semper

55 4123 56 4127 =
167 4103 240 4147 aero
260 4085 385 4163 dicere,
410 4085 485 4150 istos
506 4086 542 4150 in
562 4088 751 4167 quidusdam
771 4093 807 4148 oi
827 4083 965 4148 homines
986 4084 1147 4145 oberrare.
1171 4081 1272 4158 Augu·

168 4187 268 4251 stinus
290 4188 321 4250 in
344 4187 442 4252 Libro
467 4190 489 4251 i.
511 4189 671 4266 adversus
692 4186 862 4252 lulianum
885 4204 912 4249 c.
939 4183 979 4247 ii.
1005 4180 1080 4247 Alio
1101 4192 1200 4256 suut,
1220 4181 1270 4248 eih
