2886 4784
161 448 276 539 melius
301 475 340 537 de
364 472 613 554 tranquillitate,
637 493 653 536 a
678 475 785 539 stoicis
810 459 950 539 venerat.
969 496 984 535 n
1001 475 1093 556 Quae
1111 476 1208 538 verba
1228 472 1288 538 ra·

165 577 282 639 melins
304 579 537 655 interpretatus
557 575 665 637 subdit
699 575 900 639 Marcionem
921 577 961 638 ab
984 577 1150 641 Ecclesiae
1172 594 1288 638 como«

165 678 260 739 nione
276 677 416 757 ejectum
432 676 473 739 ob
491 683 671 756 stupratam
692 679 861 756 virginem,
878 687 1095 740 commentum
1115 696 1185 741 esse
1202 677 1287 738 duos

162 781 253 855 deor,
277 780 417 842 alterurn
440 778 560 839 bonum
587 786 618 840 et
634 780 808 858 sapientem
826 776 929 841 Deum
948 781 1175 858 tranquillum,
1195 779 1288 857 quie·

167 893 248 954 tum,
271 880 433 952 sedatum,
458 877 515 955 qui
540 879 658 939 nemini
680 896 738 957 per
760 878 954 941 indicibilem
977 890 1112 942 naturae
1134 897 1215 941 snae
1230 878 1287 938 lao-

162 982 295 1042 nitatem
317 997 436 1042 nocere
459 996 565 1057 neque
590 978 680 1052 velit,
704 977 808 1058 neque
832 983 941 1060 possit.
968 977 997 1042 ls
1019 988 1066 1042 est
1088 978 1210 1042 Christi
1228 978 1286 1039 Pa·

164 1093 222 1144 ter.
247 1080 399 1143 alierum
423 1097 503 1140 vero
518 1076 629 1140 'Deum
657 1079 750 1143 linxit
771 1100 839 1142 esse
863 1083 1006 1157 malum,
1036 1085 1093 1161 qni
1125 1080 1286 1144 muudum

161 1184 287 1246 creavit
308 1193 340 1244 et
362 1183 507 1244 omniurn
532 1187 579 1242 est
600 1190 718 1244 auctor
738 1184 924 1257 malornm,
947 1200 1033 1263 quae
1054 1183 1135 1245 liunt
1157 1189 1189 1244 et
1212 1200 1284 1262 per·

160 1290 332 1362 petrantur
357 1284 387 1343 in
410 1281 541 1344 mundo.
571 1280 744 1344 Praeterea
766 1281 989 1348 Tertullianus
1015 1287 1047 1345 iu
1069 1283 1227 1364 praelatis
1246 1283 1285 1344 li·

161 1383 226 1446 nats
256 1383 413 1445 adversus
446 1382 627 1457 eumdem,
657 1381 746 1445 addit
777 1385 881 1463 ipsum
911 1386 1071 1465 epicureis
1102 1383 1223 1446 similia
1251 1389 1284 1446 et

160 1484 370 1563 genethliacis
393 1484 528 1558 docere,
556 1501 639 1563 quae
662 1485 706 1545 nil
727 1503 899 1548 commune
921 1487 1039 1548 habent
1060 1502 1136 1549 cum
1161 1483 1283 1565 Empe-

111 1605 115 1612 ·
162 1587 266 1650 doctis
287 1586 502 1665 philosophia.

244 1686 380 1767 insuper
411 1707 471 1750 nec
503 1691 600 1751 latuit
622 1684 892 1763 Tertullianum,
915 1686 1121 1767 Empedoclis
1143 1687 1285 1751 lnimici·

165 1790 240 1871 tiam
262 1798 296 1851 et
319 1791 501 1853 Amicitiam
525 1791 610 1852 circa
634 1791 800 1864 universas
822 1797 990 1852 creaturas
1016 1791 1162 1852 versari:
1189 1790 1283 1870 quip-

162 1908 201 1969 pe
223 1909 240 1951 e
262 1891 433 1952 contrariis
455 1895 602 1952 constent
623 1907 661 1950 ac
682 1898 797 1951 mutuo
813 1890 1006 1952 contendant
1017 1909 1028 1967 ;
1044 1897 1076 1951 et
1092 1887 1166 1952 inin'c
1184 1890 1226 1951 ab
1241 1906 1281 1952 en

160 2008 224 2052 non
247 2001 282 2054 ut
303 2009 420 2054 causae
441 1991 496 2053 sed
527 1990 663 2058 elluatus
692 1991 949 2054 considerautur.
984 1989 1052 2054 Nec
1082 1993 1160 2052 item
1195 1993 1280 2070 igno

160 2091 261 2173 rapit,
285 2088 515 2170 Empedoclem
538 2089 686 2153 refutare
708 2098 740 2152 et
761 2090 975 2152 condemnare
997 2089 1202 2152 Marcionem
1227 2106 1282 2169 po·

161 2192 224 2255 tina
246 2210 343 2273 quam
366 2192 506 2270 dicatur,
530 2191 657 2256 Marcio
678 2193 720 2254 ab
740 2212 779 2254 eo
800 2211 878 2255 suae
895 2193 1064 2255 haereseos
1081 2193 1210 2254 initium
1227 2191 1280 2253 de·

159 2293 301 2357 duxisse.
325 2291 443 2357 Totum
465 2293 640 2357 Marcionis
660 2294 804 2356 studium
827 2295 971 2356 consistit
993 2297 1025 2355 in
1046 2293 1225 2356 dividendo
1248 2299 1279 2354 et

158 2394 332 2455 scindendo
356 2391 484 2466 Deum,
508 2400 545 2457 nt
567 2394 606 2455 de
630 2411 693 2456 uno
716 2393 797 2454 dnos
820 2394 916 2455 iaciat
935 2394 1026 2455 deos.
1054 2391 1089 2454 ln
1114 2393 1179 2454 hoc
1207 2392 1280 2454 totis

162 2493 285 2555 viribus
307 2496 477 2568 incumbit,
501 2504 537 2556 ut
559 2493 662 2557 Deum
687 2494 806 2555 bonnm
830 2504 959 2573 separet
981 2512 998 2556 a
1022 2494 1208 2556 neomato.
1231 2491 1279 2555 Ea

160 2594 299 2655 adverso
320 2591 526 2671 Empedoclis
547 2602 686 2674 systema
709 2595 866 2668 consistit,
892 2595 993 2657 veluti
1015 2594 1097 2669 dixi,
1115 2604 1152 2656 nt
1168 2593 1278 2657 mundi

159 2695 331 2769 elementa,
354 2713 439 2773 qnae
459 2713 500 2758 ox
522 2703 638 2758 natura
660 2713 718 2758 sua
741 2706 815 2758 sunt
830 2698 887 2758 sibi
904 2699 1082 2769 contraria,
1096 2692 1129 2757 in
1146 2693 1277 2758 harmo-

160 2799 246 2857 niam
268 2803 300 2857 et
322 2797 528 2858 concordiam
550 2804 704 2870 revocat,
730 2804 766 2859 ut
786 2799 848 2859 sint
871 2815 984 2858 unum.
1012 2796 1098 2860 Etsi
1120 2797 1277 2875 quodan-

161 2897 257 2959 modo
279 2897 390 2958 liceret
415 2895 619 2974 Empedoclis
648 2898 836 2959 sententiam
868 2897 907 2957 ad
941 2896 1061 2961 Christi
1095 2892 1278 2960 doctrinam

158 2997 337 3077 symbolice
359 2997 497 3072 reicrre,
521 2997 560 3058 ab
582 2997 669 3060 illius
695 2997 799 3059 verbis
821 2995 996 3060 Marcionis
1018 2998 1136 3077 dogma
1158 2997 1278 3061 rulelli-

160 3109 224 3161 tur.
241 3099 387 3164 Christus
408 3101 491 3161 enim
514 3102 619 3161 omnia
641 3119 738 3179 qliae,
754 3105 830 3160 sunt
844 3100 874 3159 in
897 3100 989 3160 coelo
1007 3106 1040 3161 et
1062 3102 1203 3162 interra
1225 3115 1277 3180 pa·

158 3197 309 3275 citicavit,
324 3210 359 3262 ut
381 3203 425 3262 ait
445 3200 633 3279 Apostolus,
657 3200 854 3260 inimicitiam
877 3198 1050 3262 sustollens
1072 3201 1158 3262 inter
1173 3199 1278 3263 Deum

158 3311 191 3365 at
211 3313 380 3365 creaturas
402 3304 443 3364 ob
466 3303 598 3380 originis
620 3302 762 3378 culpam.

238 3400 311 3465 Non
333 3410 381 3463 est
402 3402 515 3462 deinde
538 3400 840 3478 praetereundum,
864 3400 950 3478 quod
975 3399 1168 3482 Anonymus
1193 3400 1279 3464 Mar·

158 3503 258 3565 cionis
282 3503 441 3563 haeresim
465 3520 620 3563 revocare
650 3501 782 3562 studens
804 3499 842 3560 ad
866 3498 1073 3578 Empedoclis
1105 3502 1275 3574 scholam,

156 3596 248 3664 addit
269 3602 308 3663 de
330 3599 501 3679 cujusdam
524 3601 745 3672 marcionitae,
770 3600 897 3658 nomine
920 3596 1061 3677 Prepon,
1080 3600 1205 3663 libror
1225 3600 1277 3663 ulti

157 3702 286 3764 dnobus
309 3699 486 3764 Marcionis
510 3703 672 3781 principiis
696 3699 827 3760 tertium
851 3697 951 3761 veluti
984 3701 1129 3763 medium
1161 3702 1278 3783 adjecit

161 3802 244 3864 idest
264 3796 451 3861 ductitium:
476 3821 492 3859 a
515 3801 567 3862 nn
590 3803 673 3862 enim
697 3797 907 3876 Empedocles
930 3799 1065 3875 (scribit
1088 3800 1279 3885 Anonymua

161 3922 194 3964 n.
206 3896 272 3979 31.)
296 3900 454 3965 mundum
477 3920 576 3964 unum
594 3922 661 3966 esse
678 3920 694 3963 a
712 3898 877 3967 Discordia
895 3900 979 3961 mala
999 3903 1234 3981 gubernatum,
1248 3910 1279 3962 et

160 4002 304 4064 alterum
319 4001 521 4080 spiritualem
538 4004 578 4063 ab
596 4001 744 4064 Amicitia
761 3998 964 4061 ordinatum:
988 4010 1020 4063 et
1042 4005 1188 4067 medium
1210 4017 1275 4065 esso

158 4103 401 4165 adversantium
430 4103 662 4182 principiorum
692 4098 816 4161 ductum
845 4098 992 4163 verdum:
1023 4121 1093 4181 qno
1124 4110 1273 4183 regente,

156 4202 343 4283 junguntur
358 4243 367 4277 ,
385 4220 469 4281 quac
490 4201 590 4262 divisa
613 4207 687 4262 sunt
710 4217 726 4259 ι
745 4195 923 4273 Discordia,
939 4207 971 4263 et
991 4202 1172 4266 secundnm
1190 4198 1274 4264 Ami·
