2886 4784
165 349 222 399 xrv

157 439 254 514 Libri
284 435 462 512 secundus
491 447 528 512 et
558 432 690 512 tertius
711 431 888 533 (quorum
910 431 1006 508 nulla
1034 435 1171 509 mentio
1207 435 1244 509 in

158 566 428 666 codicibuslet]
451 565 600 665 quidem
625 569 731 656 jure,
759 563 869 636 veluti
898 563 1085 661 praelatus
1115 562 1246 639 Cruice

159 697 286 772 sentit.
300 696 340 769 lo
354 695 435 770 fine
447 703 605 793 namque
626 692 723 768 Libri
747 712 894 793 quartos
914 693 1090 792 inscripti,
1107 719 1140 791 p.
1157 687 1248 768 136.

156 825 245 899 dicit
266 824 502 921 anonymus:
527 847 545 895 a
573 819 694 912 Quum
711 835 834 897 autern
856 823 1043 896 videamur
1062 822 1152 896 haec
1175 821 1248 897 sul·

157 952 323 1026 ficienter
351 952 590 1048 exposuisse,
620 973 805 1049 quumque
833 950 953 1025 omnia
974 963 1139 1024 terrenae
1161 951 1243 1048 phi·

159 1079 346 1176 losophiae
375 1081 544 1178 dogmata
577 1079 633 1154 his
662 1091 817 1178 quatuor
844 1079 946 1152 libris
974 1079 1048 1153 sint
1075 1102 1248 1176 compre-

160 1206 302 1292 hensa,
330 1230 425 1280 nunc
454 1207 631 1282 adeamus
660 1219 731 1280 etc.
756 1231 773 1276 n
795 1203 887 1279 Hinc
914 1218 1058 1280 constat
1085 1214 1250 1305 quoquc,

159 1347 317 1431 quatuor
345 1337 482 1430 primos
510 1335 621 1409 libros
643 1334 772 1408 merito
800 1333 867 1408 sub
898 1331 1246 1432 Philosophumenon

160 1462 306 1536 nomine
334 1462 619 1559 comprehendit
643 1476 783 1536 ceteros
813 1484 899 1537 vero
919 1463 1089 1534 'omnium
1118 1462 1250 1538 haere·

161 1611 240 1662 sum
260 1589 435 1664 exhibere
455 1589 754 1665 confutationem.
772 1588 823 1664 [le
837 1589 967 1687 quibus
985 1589 1114 1665 melius
1133 1590 1243 1666 iulra.

269 1716 431 1817 Denique
457 1732 564 1794 uerno
589 1718 742 1803 neseiat,
758 1717 1000 1823 rnebrevicer
1026 1718 1071 1792 ab
1097 1719 1247 1817 Anony-

162 1867 222 1918 mo
243 1860 398 1922 tractata
426 1850 461 1922 in
496 1861 579 1923 octo
599 1846 900 1945 praecedentibus
925 1847 1027 1922 libris
1052 1849 1250 1945 expeditu-

162 1995 257 2047 rum.
286 1972 424 2063 Quibus
452 1977 640 2074 appositae
669 1976 912 2050 discussiones
951 1976 1061 2079 ueluti
1092 1975 1241 2072 praelu-

160 2101 261 2175 dium
290 2103 379 2176 fieut
406 2127 557 2190 eorum,
586 2127 678 2202 quae
712 2102 954 2177 elucubranda
984 2117 1091 2178 erunt
1120 2106 1155 2176 in
1185 2127 1248 2180 se·

163 2229 359 2324 quentibus
386 2228 488 2305 libris
517 2229 636 2306 ntor
663 2229 707 2303 X.
732 2244 865 2305 contre
882 2230 1171 2305 insimulationes
1198 2231 1248 2305 ab

161 2357 240 2453 ipso
260 2362 295 2431 in
315 2359 559 2457 Zephyrinum
588 2372 626 2432 et
644 2357 836 2433 Callistum
856 2357 1051 2434 Pontifices
1080 2359 1188 2447 latas,
1209 2375 1249 2435 ct

163 2483 411 2562 aberrationes
430 2489 593 2579 eiusdem
613 2487 649 2560 in
670 2510 757 2561 suae
778 2487 859 2561 fidei
881 2488 1123 2584 expositione.
1149 2471 1242 2562 ltem

164 2633 271 2686 nemo
300 2615 453 2709 ignoret,
484 2636 541 2687 me
562 2593 598 2686 io
618 2615 686 2690 lroc
714 2615 835 2687 studio
855 2637 941 2710 prae
961 2614 1076 2689 oculis
1096 2615 1245 2689 habuis·

165 2761 204 2812 se
220 2739 327 2832 hujus
344 2742 473 2838 Operis
492 2754 635 2816 textum
657 2765 825 2838 graecum
846 2763 928 2816 cum
950 2743 1116 2816 versione
1136 2757 1174 2817 et
1190 2767 1249 2817 re-

164 2868 331 2942 censione
360 2870 446 2944 dicti
474 2894 504 2945 c.
530 2845 615 2957 riri,
633 2871 748 2948 felicis
773 2884 811 2945 et
839 2872 1127 2969 nunquamsatis
1143 2894 1245 2945 com-

164 2997 386 3074 mendandae
416 3002 636 3089 memoriae,
665 2999 808 3076 Patricii
838 3001 1129 3092 Cruice;cu1'us,
1151 3001 1249 3074 sieu-

164 3125 190 3197 ti
215 3139 254 3198 ct
282 3126 434 3204 aliorum
463 3132 611 3227 optimis
645 3154 710 3228 pro
738 3131 1010 3228 opportunitate
1047 3130 1140 3203 uotis
1161 3153 1248 3202 usus

163 3275 256 3326 sum.

534 3663 888 3800 ww
