2886 4784
158 519 237 580 sioni
260 518 290 578 in
313 516 413 594 prima
440 515 576 578 Periodo
598 515 757 594 expletae.
774 513 855 580 Cum
874 534 952 579 vero
970 517 1081 582 subdit
1096 537 1121 581 s.
1139 513 1257 595 Ductor,

160 637 363 697 paucorum,
387 620 443 698 qui
465 617 537 680 fidei
563 620 729 680 veritatem
754 620 921 694 amabant,
945 629 977 681 et
997 618 1173 700 Origeuem
1199 622 1262 685 ode·

159 728 253 796 rant,
278 721 406 799 publice
430 723 494 798 peti
518 730 637 799 capot,
664 739 704 780 au
734 722 849 783 merito
874 722 923 783 vel
953 723 1119 785 immerito
1147 724 1187 786 de
1210 724 1262 785 illis

161 822 292 894 dixerit,
310 824 365 901 qui
386 822 512 884 seducti
534 840 549 883 a
568 819 749 900 Theophilo
771 832 803 883 et
824 823 964 902 imperiti
987 824 1134 902 undique
1154 824 1265 887 calum·

162 925 230 986 uias
251 924 464 1003 iniquissimas
485 924 678 1002 spargebant
700 925 857 987 adversos
889 927 1082 1005 episcopos,
1106 927 1265 990 monachor

162 1045 199 1090 ac
223 1027 332 1090 fideles
356 1030 465 1102 viros,
487 1034 519 1089 ot
541 1045 638 1088 verae
659 1007 732 1086 fidei
757 1037 1040 1104 propugnatores,
1064 1029 1163 1092 sicuti
1188 1046 1263 1108 prae·

161 1132 318 1204 misimus,
342 1130 553 1208 prodentium
576 1129 711 1191 consilio
734 1129 894 1207 relinquo.

244 1231 475 1294 Verumtamen
497 1232 598 1296 relate
620 1231 659 1292 ad
682 1249 797 1293 eornm
822 1233 944 1311 plures,
962 1249 1045 1311 quos
1059 1231 1107 1293 ait
1122 1231 1267 1314 Hierony·

161 1354 232 1398 mos
255 1344 331 1397 tunc
352 1333 500 1415 origenis
521 1340 649 1396 secutos
682 1334 863 1406 haeresim,
887 1350 924 1394 ac
947 1333 1050 1396 relate
1071 1335 1113 1395 ad
1137 1353 1265 1414 paucos,

159 1438 215 1517 qni
238 1455 312 1499 eum
337 1435 551 1507 refellebant,
584 1437 739 1514 tantisper
771 1435 1008 1498 immorandum
1031 1437 1124 1497 nobis
1145 1444 1203 1500 est.
1224 1433 1266 1497 bt·

161 1542 289 1620 dymm,
315 1537 487 1618 blaagrtns,
511 1537 683 1611 Rudinus,
708 1536 983 1618 chrysostomus,
1010 1536 1154 1601 Joannes
1176 1539 1267 1602 hiero·

162 1640 399 1723 solymitaons,
435 1641 621 1716 Palladios,
646 1639 814 1716 lsidorus,
838 1638 1039 1716 Dioscorus,
1064 1641 1265 1713 Ammonius,

165 1743 360 1826 Euthymios
381 1744 522 1823 aliique,
547 1752 615 1808 tnm
638 1743 884 1822 Scripturarnm
907 1744 1041 1807 scientia
1063 1744 1185 1822 periti,
1206 1760 1266 1808 cun

162 1847 193 1907 iu
215 1847 327 1908 ordine
343 1847 547 1910 hierarchico
565 1846 750 1919 venerandi,
768 1853 867 1925 atque
889 1848 1008 1925 pietate
1030 1847 1155 1922 eximii,
1172 1865 1209 1909 ea
1227 1864 1267 1908 ae

163 1955 228 2009 tate
250 1949 280 2008 in
305 1946 446 2011 Ecclesia
470 1947 636 2013 Catholica
660 1949 838 2019 notissimi,
862 1947 901 2008 de
923 1948 1042 2027 quibus
1064 1948 1216 2025 superios
1230 1963 1267 2008 st·

164 2051 203 2116 tis
224 2048 344 2111 dietum
367 2057 430 2125 ost,
454 2050 485 2112 hi
508 2051 640 2130 quidem
663 2069 679 2110 a
703 2049 855 2129 praetatis
877 2055 1113 2129 nuncupantur
1132 2047 1265 2129 Origenlt

164 2152 317 2213 haeretici
341 2153 609 2231 patrocinatores.

241 2252 438 2334 Ceteroquiu
467 2255 545 2334 quid
574 2251 632 2317 sibi
658 2253 728 2314 vult
759 2253 943 2332 huiusmodi
977 2249 1264 2330 patrociniumlet

164 2356 269 2434 qualis
286 2365 411 2419 tessera
436 2355 508 2418 fidei
530 2365 638 2419 seotao
659 2353 892 2435 origenianae?
913 2367 1050 2435 atquae
1072 2354 1265 2435 specialiori

164 2461 324 2521 haeretica
346 2459 497 2539 Origenis
519 2460 681 2539 dogmata,
706 2460 824 2539 quibus
846 2460 1102 2520 communicasse
1125 2457 1264 2519 dicuutur

165 2559 340 2634 Palladius,
357 2559 607 2644 Chrysostomus
629 2559 750 2638 aliique
774 2558 997 2637 quadringenti
1020 2559 1124 2619 sancti
1139 2557 1210 2630 viri,
1226 2554 1265 2616 rel

164 2662 232 2731 lere
255 2670 342 2723 totus
363 2662 463 2734 orbis,
488 2667 637 2740 utputat
658 2659 907 2741 Hieronymus?
928 2659 1029 2724 Juxta
1053 2658 1225 2740 Theophili
1242 2659 1267 2720 et

162 2763 352 2845 Hieronymi
374 2763 589 2842 seusum,'qui
605 2761 752 2839 Origeuis
775 2772 881 2823 sactae
904 2761 1022 2823 addicti
1044 2769 1152 2837 eraut,
1170 2764 1200 2825 iu
1215 2757 1267 2838 pri·

165 2866 222 2926 mis
245 2863 362 2925 Christi
385 2864 582 2924 divinitatem
607 2871 777 2940 negarunt,
795 2871 973 2924 asserentes
996 2863 1177 2924 nimirum:
1199 2857 1268 2942 qnod

164 2962 269 3026 Filius
291 2963 379 3025 nobis
399 2972 615 3042 comparatus,
637 2962 679 3024 sit
699 2961 837 3025 veritos:
863 2959 958 3024 Patri
978 2963 1134 3037 collatus,
1158 2960 1279 3027 mentre

166 3064 261 3128 oium.
288 3065 388 3127 ltem:
412 3074 570 3144 quantum
592 3063 696 3146 differt
723 3064 847 3128 Paulos
869 3073 897 3126 et
921 3063 1037 3127 Petrus
1057 3085 1078 3126 o
1103 3061 1270 3135 salvatore,

164 3178 253 3230 tacto
277 3164 424 3230 Salvator
445 3168 551 3229 minor
572 3177 617 3228 est
641 3167 746 3229 Patre.
771 3164 849 3241 Qui,
875 3169 974 3229 veluti
996 3167 1167 3244 Origenes,
1191 3166 1269 3227 doce

164 3270 259 3330 bant:
282 3268 358 3347 quio
379 3267 462 3330 siout
484 3265 591 3330 Filius
612 3287 676 3328 noo
697 3266 780 3328 uidet
805 3267 956 3341 Patrem,
986 3266 1033 3329 ito
1064 3285 1121 3329 neo
1144 3264 1269 3346 Spt'rt'tttt

164 3368 299 3432 &nctus
320 3368 404 3431 videt
426 3368 558 3432 Filium.
583 3368 648 3445 Qui
672 3370 793 3431 realem
817 3367 914 3431 Verbi
946 3372 1201 3432 incarnationem
1230 3383 1269 3428 ro·

166 3472 323 3534 tuterunt.
348 3470 413 3546 Qut
435 3470 503 3534 Deo
525 3473 789 3550 omnipotentiam
815 3472 1059 3533 subtrahebant.
1086 3471 1152 3546 Qui
1185 3474 1269 3531 mato·

167 3575 245 3636 riam
263 3570 329 3633 Deo
345 3582 548 3635 coaeternam
567 3573 723 3633 tenebant.
743 3571 805 3646 Qut
824 3574 928 3634 caruis
941 3575 1193 3635 resurrectionis
1209 3571 1271 3646 dog·

170 3677 245 3735 mati
270 3678 480 3748 restiterunt,
503 3686 533 3736 et
557 3675 636 3736 illud
660 3673 845 3753 adjicientes
867 3676 1067 3752 sphaericam
1094 3673 1229 3734 lormam
1247 3669 1272 3729 iu

168 3776 406 3836 resurrectione
426 3787 630 3853 assumptura
654 3793 721 3833 esse
743 3794 892 3851 corpora.
912 3772 975 3849 Qut
994 3775 1023 3833 lu
1040 3774 1154 3835 seculo
1175 3774 1273 3834 loturo

165 3876 346 3935 aeternitati
378 3894 555 3952 poenarum
590 3877 734 3949 mentiti,
768 3875 945 3953 aliquando
977 3875 1135 3952 reprobos
1158 3883 1191 3934 et
1211 3872 1272 3931 dae·

167 3995 288 4052 ornnes,
308 3979 354 4038 uti
379 3981 600 4057 poenitentiae
615 3997 761 4058 capaces,
781 3980 903 4057 gloriae
926 3977 1057 4038 coelesti
1083 3976 1154 4038 lore
1175 3972 1274 4036 admit·

168 4076 279 4137 tendes
302 4078 498 4140 asscrebant.
522 4077 586 4152 Qui
609 4079 750 4140 liberum
773 4079 945 4139 arbitrium
970 4076 1128 4137 tollebant
1160 4075 1200 4134 ab
1230 4074 1274 4132 ho·

170 4180 264 4240 mine.
290 4175 354 4252 Qui
377 4182 508 4258 spiritus
531 4180 687 4241 coelestes
708 4180 739 4240 in
762 4180 883 4240 animas
906 4179 1073 4238 hominnm
1104 4173 1275 4237 alternatim

169 4279 363 4343 commutari
387 4279 554 4360 dicebant,
577 4289 609 4346 et
632 4280 705 4347 hinc
727 4281 910 4346 animarum
934 4278 1122 4344 fabulosum
1154 4275 1275 4342 descen·
