2886 4784
1229 365 1269 434 st

163 496 237 541 rum
260 477 321 540 viri
342 475 502 538 levissima
526 472 656 553 quidem
678 487 776 534 causa
798 489 920 534 uxores
942 470 1168 550 repudiabant,
1186 469 1266 536 alias

161 581 221 642 sibi
244 577 466 651 adsciscentes,
490 583 523 638 et
554 573 646 653 qnasi
669 574 893 635 vestimentum
928 572 1165 649 permutantes)
1187 570 1271 633 illud

161 695 370 759 summopere
391 678 540 747 studuit,
564 683 600 737 nt
621 685 713 736 torus
734 674 961 735 immaculatus
982 682 1174 735 servaretur
1194 671 1272 733 ad·

162 783 301 855 delibus,
324 796 506 858 eorumque
527 778 678 848 castitas,
702 774 879 854 pudicitia,
901 775 1095 837 continentia
1127 776 1270 853 undiquc

162 881 348 960 fulgerent,
371 888 403 941 et
426 879 522 940 homo
545 894 607 938 non
628 875 767 955 amplius
789 876 890 947 carni,
914 874 968 937 sed
998 877 1126 954 spiritui
1146 877 1272 964 servire

161 983 367 1061 intelligeret.
393 978 596 1058 Proindeque
619 977 770 1039 mandans
792 975 972 1056 coniugatis
995 985 1140 1040 mutuam
1162 994 1272 1039 serva·
1362 1057 1365 1062 Α

163 1103 199 1148 re
221 1083 444 1155 dilectionem,
470 1098 508 1143 ac
531 1081 608 1141 viris
629 1078 846 1140 infirmitatem
870 1096 1012 1141 uxorum
1036 1078 1135 1153 terre,
1158 1080 1274 1157 quavis

162 1186 203 1248 de
223 1184 320 1248 causa
344 1180 454 1246 nolens
477 1190 513 1246 ut
534 1181 574 1242 ab
596 1180 659 1241 illis
680 1179 892 1252 discederent,
909 1180 1010 1241 solam
1027 1183 1155 1259 excepit
1176 1181 1274 1260 potis·

162 1287 276 1350 simam
298 1282 451 1348 adulterii
475 1287 628 1346 causam:
653 1289 787 1359 propter
809 1299 920 1361 quam,
939 1281 999 1342 tide
1021 1281 1184 1362 conjugali
1208 1281 1277 1344 vio·

161 1388 242 1464 lata,
266 1407 304 1448 ne
325 1386 427 1466 prolis
448 1384 531 1448 ordo
552 1383 830 1456 confunderetur,
849 1383 1044 1461 repudianda
1066 1394 1135 1448 erat
1151 1401 1195 1457 ,a
1217 1384 1274 1447 do·

162 1508 216 1553 mo
238 1490 383 1570 conjugis
404 1497 535 1562 amota,
559 1496 705 1548 manente
729 1494 833 1547 tamen
857 1488 1017 1550 intereos
1040 1488 1182 1561 vinculo,
1206 1503 1273 1566 quo

165 1589 253 1656 Dens
274 1608 329 1653 eos
345 1590 491 1669 primum
514 1589 729 1661 constrinxit,
752 1588 833 1651 adeo
856 1597 892 1651 ut
913 1592 1050 1652 maritus
1068 1589 1145 1671 inre
1169 1588 1275 1651 dimit·

163 1701 232 1755 tens
253 1709 391 1755 uxorem
414 1690 633 1762 fornicariam,
659 1697 716 1752 ant
738 1690 935 1768 repudians,
956 1692 1025 1755 sive
1046 1692 1086 1753 ab
1107 1709 1144 1753 ea
1166 1690 1274 1753 diver·

163 1798 244 1867 tens',
267 1791 403 1853 alteram
428 1807 518 1860 vero,
541 1790 618 1850 dum
642 1791 733 1867 prior
753 1789 893 1862 vivebat,
914 1791 1036 1852 habere
1058 1791 1218 1869 nequiret.

244 1891 285 1955 Et
305 1892 391 1955 istud
412 1888 537 1970 liquido
559 1889 781 1967 significarunt
805 1891 962 1970 primaevi
985 1890 1097 1953 Patres
1119 1889 1273 1966 Hermas,

161 1993 312 2059 Clemens
332 1992 576 2066 alexandrinus,
599 1990 771 2070 Origenes,
791 1989 1025 2065 Tertullianus,
1043 1989 1194 2064 Basilius,
1209 1990 1273 2058 Na·

161 2096 344 2168 rianeenus,
362 2091 521 2169 Hilarius,
538 2092 741 2167 Ambrosius,
759 2090 990 2176 Hieronymus,
1006 2091 1271 2176 chrysostomus,

160 2197 217 2276 qui
238 2212 328 2258 sacra
354 2193 474 2269 verba,
496 2189 656 2255 dimitteres
675 2210 808 2256 acorem
835 2200 947 2268 suom,
980 2203 1109 2275 eccepto
1132 2192 1275 2275 fornico-

162 2296 259 2359 tionis
280 2313 392 2368 causo,
412 2291 491 2373 (ecit
511 2311 578 2356 eom
599 2293 778 2370 moechari,
801 2296 1004 2374 interpretati
1026 2295 1066 2357 de
1091 2297 1205 2359 uxoris
1226 2295 1273 2356 di·

164 2397 315 2459 missione
336 2395 379 2457 ob
401 2393 613 2468 adulterium,
637 2413 695 2458 nec
718 2403 892 2469 notarunt,
916 2412 974 2458 nec
995 2395 1221 2476 expenderunt
1242 2396 1273 2456 iu

162 2516 203 2560 co
226 2497 388 2560 versiculo
409 2492 558 2558 etodium
579 2494 729 2572 decerit,
752 2514 826 2560 cum
859 2496 938 2559 haec
962 2497 1058 2559 verba
1084 2497 1219 2560 deerant
1239 2498 1271 2559 in

163 2599 241 2671 illis,
264 2615 347 2676 quos
367 2597 525 2675 legerant,
548 2598 712 2660 codicibus
733 2598 834 2660 sacris
855 2597 1038 2660 immediate
1061 2597 1112 2660 vel
1135 2597 1273 2661 mediate

158 2701 299 2779 acceptis
330 2697 371 2760 ab
399 2698 633 2776 Apostolorum
658 2701 826 2774 manibus,
854 2708 886 2763 et
915 2717 934 2761 a
961 2691 1089 2762 calamo
1121 2700 1206 2763 tideli
1239 2702 1271 2762 in

162 2819 221 2864 sua
242 2800 422 2878 integritate
443 2801 595 2861 exaratis.
837 2798 840 2805 ’

243 2901 397 2966 Ceterum
423 2901 499 2964 huic
520 2902 687 2982 proposito
709 2901 883 2965 admodum
906 2901 1028 2964 iaciunt
1060 2921 1271 2967 romanorum

161 3006 248 3083 leges
270 3001 315 3065 De
340 3000 518 3065 adulteriis.
541 3001 660 3066 Scribit
691 3001 847 3081 Ulpianus
874 3003 904 3064 in
927 3001 1024 3066 Libro
1047 3002 1134 3066 viti.
1159 3002 1275 3085 Dispu-

163 3104 343 3168 rationum:
367 3125 384 3165 n
406 3101 572 3191 lenocinii
592 3103 711 3166 crimen
733 3101 809 3183 depe
829 3101 920 3166 Jctta
947 3102 1178 3184 praescriptum
1209 3115 1254 3168 ert
1266 3150 1278 3181 ,

162 3225 234 3268 cum
254 3203 297 3269 rit
317 3203 354 3268 e'u
374 3203 511 3268 eumdem
531 3206 684 3269 maritum
701 3223 803 3286 poeno
824 3214 965 3278 statute,
987 3205 1044 3286 qni
1063 3207 1100 3268 de
1119 3205 1277 3271 adulterio

160 3304 277 3369 neoris
296 3304 374 3386 quid
394 3304 530 3385 ceperit:
553 3303 627 3369 item
647 3305 684 3367 io
703 3324 783 3382 eum,
800 3303 860 3384 qui
881 3303 917 3368 in
937 3306 1097 3369 adulterio
1111 3307 1277 3387 depreden-

162 3426 229 3470 scm
250 3405 431 3470 reticuerit.
455 3424 472 3464 n
495 3408 543 3469 lte
564 3415 735 3486 propterea
758 3425 853 3470 nemo
876 3409 1027 3482 miretur,
1052 3409 1076 3470 si
1099 3409 1193 3487 prisci
1218 3406 1278 3469 Pa·

162 3517 227 3571 tres
248 3510 288 3572 de
310 3527 416 3572 uxore
436 3508 587 3570 adultera
608 3508 786 3570 amovenda
808 3525 826 3570 a
849 3508 946 3571 domo
976 3510 1083 3570 mariti
1117 3519 1180 3570 tam
1212 3508 1276 3570 sol·

157 3610 246 3673 licite
269 3627 305 3674 se
330 3610 503 3690 gesserint,
518 3609 580 3673 hoc
608 3609 758 3674 fidelibus
788 3610 881 3672 valde
894 3621 896 3624 ’
909 3611 1185 3686 commendantes,
1200 3629 1275 3673 con·

160 3713 217 3775 scii
239 3713 400 3776 societatis
422 3711 782 3791 christianonordinis3
804 3712 893 3792 quali
927 3713 1080 3776 nimirum
1114 3714 1222 3798 studio
1243 3714 1274 3774 in

162 3822 338 3894 conspectu
363 3815 505 3895 gentium
526 3813 704 3877 servandus
725 3822 818 3891 erat,
840 3815 989 3879 omnibus
1017 3815 1153 3878 sublatis
1175 3814 1275 3878 olien-

161 3916 258 3978 sionis
280 3917 397 3990 causis,
413 3933 453 3978 ne
480 3916 685 3995 evangelicae
714 3915 955 3996 dispensationis
984 3915 1165 3979 sublimitas
1194 3934 1268 3994 pro·

163 4022 236 4092 pter
256 4023 320 4076 tam
343 4013 496 4079 uelandus
517 4023 610 4080 actus
630 4015 671 4078 alr
692 4014 873 4080 infidelibus
897 4019 1152 4096 vituperaretur.
1181 4064 1193 4093 s

242 4116 346 4179 Porro
377 4136 419 4181 ex
449 4116 594 4198 sabjecta
617 4118 777 4193 materia,
799 4135 841 4181 ex
869 4118 939 4199 ipso
971 4118 1217 4197 pharisaeorum
1240 4124 1273 4180 et

161 4217 346 4283 scribarum
365 4236 441 4285 oum
462 4218 591 4287 Christo
604 4217 684 4284 lesu
706 4219 884 4301 colloquio,
900 4218 1165 4286 adversariorum
1188 4217 1274 4287 reln-
