2886 4784
160 318 203 390 50

157 425 263 504 sopho
291 442 371 489 snae
394 423 565 490 haerescos
594 421 767 489 deduxisse
796 420 935 491 initium.
967 421 1120 505 Alioquin
1148 424 1189 487 de
1219 421 1280 488 lra'r

103 518 112 531 ⁴
161 547 198 591 rc
220 529 309 591 nulla
333 530 417 591 inter
439 537 617 607 utrumque
639 527 724 589 cedit
746 529 872 590 relatio.
896 528 967 590 Alia
989 529 1071 590 enim
1097 536 1146 591 est
1177 546 1278 607 quae-

157 631 222 693 stio
244 629 429 694 Aristotelis
451 630 490 693 de
513 628 594 702 lieo,
616 638 649 693 et
669 630 732 691 alia
754 638 802 690 est
824 632 971 709 quaestio
986 631 1025 692 de
1040 632 1156 693 anima.
1177 630 1277 693 Aliud

158 737 207 793 est
227 727 399 793 enrctcctio
420 731 488 794 sive
510 729 666 808 perfectio
689 729 835 806 corporis
863 714 1029 808 organici,
1054 731 1104 792 rel
1130 730 1279 793 substau-

161 830 219 907 tia,
242 848 327 911 quae
352 832 455 910 vitam,
472 830 664 894 rationalem
686 839 718 893 et
737 832 921 893 sensitivam
944 835 975 893 in
997 832 1279 910 corporeorganh

163 951 202 996 co
226 932 405 1011 producere
426 942 501 1012 apta
523 940 571 994 est
583 952 594 1011 3
618 941 650 994 et
670 932 758 995 alind
782 942 830 996 est
852 930 939 997 Deus
962 936 1062 1012 prima
1094 950 1191 995 cansa
1215 925 1280 993 effi·

160 1038 258 1109 ciens,
281 1043 447 1107 aeternus,
471 1020 658 1109 immobilis,
682 1035 825 1097 universi
842 1037 1001 1114 princeps.
1020 1033 1134 1098 Nonne
1161 1050 1281 1096 vanum

132 1208 138 1216 ,
161 1147 209 1200 est
231 1145 360 1217 putare,
379 1134 550 1197 Basilidem
574 1136 721 1197 docuisse
746 1133 818 1198 Filii
833 1155 890 1198 seu
907 1133 1024 1198 Mentis
1039 1135 1281 1212 generationem

160 1238 202 1301 ab
225 1238 389 1301 Archontc
416 1235 509 1296 Patre
532 1254 572 1297 ex
594 1255 660 1314 qun
684 1237 877 1298 Aristoteles
898 1245 992 1298 antea
1023 1237 1138 1297 statuit
1167 1235 1279 1296 entele-

160 1336 265 1403 cln'cm
287 1357 402 1416 regere
424 1345 456 1399 et
478 1335 635 1416 perlicere
657 1336 804 1416 corpus?
827 1338 976 1401 Attamen
1000 1339 1170 1421 anonymo
1187 1337 1280 1399 licuit

162 1441 246 1503 hauc
270 1441 481 1502 commentari
512 1440 716 1517 analogiam,
741 1449 776 1502 nt
799 1439 996 1518 patefaceret
1018 1438 1204 1501 Aristotelis
1225 1438 1282 1499 do·

163 1542 301 1605 utrinam
318 1541 356 1601 de
378 1541 482 1603 anima
501 1540 597 1602 talem
615 1540 782 1602 tenendum
797 1559 864 1602 esse
879 1559 917 1602 ac
929 1538 1079 1602 Basilidis
1094 1538 1280 1618 opinionem

163 1642 204 1705 de
225 1639 293 1704 Deo
316 1643 481 1704 Archonte
502 1649 534 1704 et
555 1641 594 1704 de
617 1638 701 1703 Filio
722 1641 804 1721 ejus.

241 1742 396 1807 Ceterum
420 1744 527 1804 nescio
550 1761 632 1820 quos
656 1742 839 1804 Aristotelis
859 1742 961 1805 libros
977 1742 1181 1805 consuluerit
1196 1742 1282 1804 huo·

162 1859 303 1924 nymns3
325 1844 409 1905 ntrde
430 1842 548 1904 eosdem
568 1860 691 1916 sensus,
713 1844 877 1922 eademque
899 1842 991 1905 verda
1004 1853 1032 1905 et
1047 1840 1181 1905 nomino
1203 1842 1280 1905 dicit

112 2013 118 2033 Ι
163 1944 366 2019 transtulisse
389 1940 560 2005 Basilidem
582 1945 613 2004 iu
634 1961 692 2005 sua
715 1944 931 2006 concinnanda
956 1944 1093 2006 haeresi.
1117 1941 1279 2005 Nemcen

162 2043 315 2106 Patribus
337 2045 398 2107 hoc
424 2046 547 2107 notavit
559 2065 570 2123 3
593 2053 625 2106 et
646 2064 686 2106 ex
708 2047 936 2123 superstitibus
970 2044 1158 2123 Philosophi
1187 2043 1282 2106 libris

164 2164 204 2208 ne
227 2130 395 2226 vestigium
418 2148 550 2226 quidem
571 2147 758 2209 decernitur
777 2165 930 2209 sensuum
954 2165 1011 2208 nec
1037 2146 1143 2208 multo
1174 2149 1279 2207 minus

166 2247 343 2310 verborum
364 2253 398 2310 et
419 2246 597 2320 nominum,
620 2247 739 2325 quibus
760 2256 883 2310 constat
913 2247 1053 2309 haeresis
1076 2246 1277 2308 basilidiana.

164 2347 277 2430 Siquid
299 2358 408 2410 antem
424 2345 580 2410 Basilides
595 2367 635 2409 ex
653 2364 767 2425 graeca
784 2347 987 2427 philosophia
1003 2346 1181 2424 subripuit,
1198 2345 1279 2408 idest

163 2450 346 2531 opinionem
368 2451 407 2512 de
431 2450 713 2531 metempsychosi,
734 2456 771 2512 nt
792 2450 836 2511 ait
856 2449 1024 2528 Origenes,
1041 2449 1071 2508 id
1093 2466 1156 2510 non
1180 2448 1223 2510 ah
1239 2447 1278 2509 Α·

61 2567 65 2576 “
166 2551 312 2614 ristotele
332 2551 387 2612 sed
409 2568 425 2609 a
445 2547 625 2631 Pythagora
650 2551 861 2630 repetendum
877 2560 961 2612 erat.
975 2547 1196 2612 Nihilominus
1214 2549 1280 2610 Au·

163 2659 237 2716 utor
258 2657 368 2713 noster
389 2668 448 2729 pro
470 2667 561 2711 more
582 2669 644 2714 sno
665 2670 722 2713 uec
744 2653 830 2714 huno
852 2649 997 2713 Basilidis
1018 2666 1167 2710 errorem
1190 2658 1280 2710 nota·

167 2753 225 2828 vit,
249 2770 308 2814 nec
329 2751 419 2814 istius
441 2771 498 2815 nec
520 2751 660 2814 aliorum
681 2754 842 2815 sincerum
867 2752 988 2813 iontem
1007 2759 1176 2812 scrutatus
1201 2759 1260 2812 est.

184 2865 185 2868 ’
246 2851 402 2916 Similiter
422 2853 605 2916 Aristotelis
625 2854 776 2916 studiosis
802 2853 932 2914 remitto
956 2851 1116 2934 Anonymi
1140 2850 1227 2911 dicta
1249 2851 1296 2928 iu,

167 2969 197 3013 u.
220 2948 269 3016 15.
292 2949 342 3015 td.
364 2964 426 3014 etc.
449 2954 535 3014 circa
557 2953 772 3016 definitionem
795 2960 827 3014 et
848 2953 1053 3030 partitionem
1084 2948 1284 3013 constantior

165 3053 261 3133 juxta
286 3052 471 3133 Philosophi
495 3062 633 3120 mentem
655 3071 839 3135 expressam
849 3073 862 3131 3
878 3063 909 3114 et
923 3061 1044 3129 quanto
1056 3050 1134 3130 jure
1152 3053 1283 3113 univer·

166 3153 226 3214 sim
249 3149 396 3217 Basilidis
417 3173 547 3217 errores
570 3155 733 3234 repetendi
756 3155 818 3214 siut
838 3154 878 3213 ab
901 3153 989 3214 illius
1017 3151 1179 3213 doctrina.
1203 3149 1286 3213 Tau·

169 3255 337 3316 tummodo
360 3255 421 3318 hoc
442 3255 617 3318 notandum
641 3255 737 3316 duco.
762 3251 934 3331 Postquam
951 3253 1034 3312 euim
1050 3250 1090 3310 alt
1105 3253 1201 3312 initio
1221 3251 1285 3313 val«

169 3356 210 3417 de
232 3355 395 3418 contendit
416 3353 543 3418 Auctor
565 3374 594 3417 n.
615 3348 665 3419 ll.
691 3371 751 3433 pro
772 3351 942 3413 concordia
970 3352 1144 3412 haereseos
1177 3351 1286 3414 basili·

170 3457 282 3518 dianae
304 3474 379 3520 cum
403 3456 586 3518 Aristotelis
614 3454 838 3535 philosophia,
861 3469 1005 3515 asserens
1032 3452 1122 3515 illius
1145 3454 1288 3516 haercti-

169 3558 198 3620 ci
217 3558 413 3638 sophismata
437 3556 536 3617 inisse
556 3556 596 3617 ab
618 3574 658 3618 eo
681 3553 877 3631 Philosopho
898 3554 1106 3631 deprompta,
1130 3563 1164 3616 et
1186 3555 1287 3632 paulo

170 3665 243 3739 post
264 3676 294 3718 n.
316 3654 367 3722 20.
393 3674 508 3719 rursus
529 3657 637 3719 subdit
659 3653 807 3718 Basilidis
822 3663 854 3715 et
871 3652 983 3716 lsidori
1000 3654 1212 3732 discipulosa
1231 3655 1288 3720 Pe·

171 3758 279 3834 ripato
309 3756 436 3819 iuratos
458 3773 548 3830 esse,
581 3773 665 3835 qnae
686 3754 737 3817 isti
765 3752 946 3832 docehaut3
979 3764 1084 3817 tamen
1116 3757 1289 3821 concludit

172 3876 202 3920 n.
224 3855 284 3919 27:
310 3878 326 3916 ιι
347 3854 417 3919 Hac
437 3864 514 3919 sunt
545 3855 700 3929 iahnlae,
725 3871 806 3934 quas
837 3850 1016 3930 Basilides,
1049 3865 1227 3936 postquam
1260 3861 1291 3921 in

173 3960 322 4039 Aegypto
345 3966 521 4031 manserat,
541 3962 742 4019 commentus
765 3961 832 4045 est:
853 3963 884 4016 et
909 3956 993 4032 apud
1015 3960 1185 4040 aegyptios
1208 3962 1291 4023 haus

170 4076 329 4122 summam
352 4059 540 4138 sapientiam
563 4057 721 4130 edoctus,
745 4054 873 4117 fructus
898 4056 975 4119 tales
997 4062 1148 4137 protulit.
1167 4080 1184 4121 s
1205 4059 1290 4124 titos

172 4160 306 4238 inieras,
329 4179 414 4241 quae
436 4157 601 4222 inferenda
624 4163 711 4219 suut.
