2886 4784
1172 359 1232 426 165

555 454 795 524 uouccnsro
904 542 910 549 .

140 657 259 742 ejusois
278 659 494 745 philosophice
514 660 712 739 systematis,
735 658 875 740 cujusvis
896 658 989 740 fidei,
1012 659 1155 740 cujusvis
1177 679 1230 724 no·

185 758 288 836 tutis,
315 778 369 823 seu
391 759 572 840 pleniorii,
594 758 774 840 hypocritae
798 769 827 823 et
850 758 998 824 maledici
1025 759 1092 824 uiri
1120 769 1228 825 notum

188 858 508 941 Philosophumenon
530 860 695 925 Auctorem
711 862 875 942 praeferre
892 861 1081 925 ostenditur.

140 1121 312 1242 'nusquam
335 1164 510 1243 praecipua
541 1164 572 1227 in
602 1163 699 1227 Libro
724 1182 885 1248 anonymo
915 1170 1053 1229 tractata
1082 1166 1226 1231 studiose

140 1265 337 1344 pendimus,
354 1265 424 1345 ejus
445 1266 624 1330 calumnias
647 1268 678 1329 in
698 1269 931 1331 sanctosviros
953 1268 1178 1348 protrivimus,
1195 1286 1229 1331 e·

140 1384 228 1447 tque
252 1365 466 1430 refutavimus
487 1369 657 1447 dogmata:
681 1377 713 1432 et
734 1369 836 1431 alium
859 1376 1109 1449 praeterquam
1131 1373 1227 1432 antea

140 1473 314 1546 neupatos
335 1466 501 1531 Ecclesiae
522 1468 647 1544 Patres,
671 1469 769 1550 hujus
789 1470 906 1549 Operis
927 1479 1095 1533 auctorem
1113 1471 1227 1532 haberi

140 1565 346 1647 tefecimns3
368 1569 498 1630 instabit
518 1570 603 1649 quis,
625 1570 790 1646 arbitror,
813 1587 949 1649 rogans:
974 1572 1046 1649 quis
1069 1588 1147 1649 ergo
1169 1570 1229 1633 iste

164 1667 368 1747 episeopns‚'
381 1687 508 1731 summo
523 1668 712 1734 Sacerdotis
733 1671 904 1744 adauctus,
928 1669 1013 1733 Verbi
1022 1669 1227 1752 philuntropi
1299 1701 1304 1709 ·

140 1778 212 1831 uus
235 1766 415 1848 disciputus
433 1765 679 1850 pbilontropusi'
694 1789 779 1851 quae
800 1772 892 1833 istius
915 1771 1042 1851 religio,
1063 1773 1170 1851 qualis
1191 1770 1228 1834 fl·

140 1895 166 1942 r,
198 1871 257 1931 cui
278 1876 384 1931 sectae
404 1871 542 1946 studuit,
565 1890 629 1950 qua
654 1879 760 1932 aetate
783 1867 890 1933 vixit?

191 1969 347 2033 Fortasse
365 1968 533 2051 judaeus?
555 1971 595 2034 Et
616 1970 747 2049 quidem
771 1971 833 2034 hoc
855 1972 949 2050 plura
972 1991 1012 2034 ex
1035 1991 1095 2035 suo
1116 1971 1226 2052 Opere

140 2072 309 2136 letacinut
325 2073 450 2134 indicia.
468 2069 670 2151 Ubicumque
686 2073 769 2132 enim
786 2072 825 2133 de
836 2073 963 2152 judaeis
979 2072 1118 2145 disserit,
1134 2088 1227 2133 snam

140 2192 177 2252 ga
203 2189 265 2233 eos
286 2172 523 2235 observantiam
545 2181 647 2245 notat,
664 2173 799 2236 illorum
821 2174 1059 2251 antiquitatem,
1075 2178 1174 2251 atque
1193 2171 1225 2233 in

144 2292 214 2337 um
247 2273 408 2352 pietatem.
434 2271 467 2333 ln
491 2272 588 2336 Libro
611 2271 648 2335 X.
673 2291 704 2334 n.
727 2269 777 2338 30.
803 2271 1068 2335 Patriarcharnm
1098 2273 1225 2334 nomina

140 2383 278 2445 serens,
302 2374 433 2435 scribit:
459 2393 475 2432 ι(
498 2372 604 2436 Erunt
625 2382 729 2435 cutem
751 2372 813 2453 filii
836 2373 995 2437 Abrabam
1024 2375 1229 2453 septuopintu

140 2478 233 2549 duo,
256 2492 295 2534 ecc
314 2474 426 2554 quibus
442 2474 644 2554 septuupintu
664 2484 693 2536 et
713 2477 794 2537 dune
808 2485 925 2554 pentes,
943 2492 1079 2556 quornm
1093 2472 1228 2539 nomino

148 2572 240 2640 attis
262 2570 353 2635 libris
373 2573 600 2653 exposuimus3
624 2593 661 2636 ne
675 2575 732 2635 boc
747 2574 872 2654 quidem
885 2576 1058 2638 omittentes
1072 2558 1130 2636 suo
1145 2575 1225 2649 ioco,

140 2696 204 2740 um
219 2692 309 2737 mens
323 2675 410 2737 nobis
424 2684 502 2736 esset
517 2685 596 2736 recte
612 2673 807 2749 ostendendi,
821 2693 917 2753 quom
930 2694 1067 2737 umorem
1079 2674 1115 2738 in
1129 2675 1230 2739 Deum

140 2780 289 2855 beamur,
311 2786 338 2837 et
358 2794 454 2854 quom
476 2782 593 2837 certum
613 2775 779 2839 scientium
800 2774 835 2836 in
856 2773 1118 2856 inquisitionibus
1138 2776 1227 2839 circo

140 2879 274 2942 itatem
294 2878 471 2958 offeramus.
498 2896 514 2934 u
538 2876 640 2951 Hinc,
663 2879 720 2938 nisi
744 2885 837 2956 gente
856 2877 1013 2955 iudaeum
1036 2877 1135 2941 tuisse
1157 2877 1225 2940 Au·

140 3000 231 3045 »rem
257 2980 419 3054 volueris,
442 2981 556 3042 saltem
579 2980 766 3058 religionem
785 2978 981 3057 iudaeorum
1005 2998 1080 3042 eum
1105 2997 1225 3061 propu-

140 3101 207 3147 are
231 3090 368 3154 constat,
385 3098 448 3142 non
470 3082 583 3159 quales
605 3079 780 3159 aliquando
797 3079 931 3153 inerint,
948 3080 1001 3140 sed
1019 3081 1131 3157 quales
1148 3090 1225 3146 tunc

140 3192 217 3262 ant,
243 3200 316 3243 cum
339 3184 406 3260 ipse
427 3182 599 3247 scriberet.

146 3347 149 3351 ,
181 3284 219 3348 Si
245 3300 322 3344 vero
344 3281 431 3343 Libri
455 3280 631 3344 Auctorem
663 3283 831 3360 negaveris
864 3280 1065 3358 hebraeum3
1089 3281 1227 3345 tortasse

140 3389 294 3450 atonicae
317 3385 539 3464 philosophiae
560 3384 737 3463 discipulus
760 3385 844 3456 erit,
868 3384 924 3462 qui
948 3384 1009 3446 hnc
1029 3381 1120 3463 Opus
1150 3402 1228 3447 cous

140 3490 207 3550 vit.
232 3483 276 3548 Et
296 3504 371 3546 sane
393 3494 582 3563 arguments
614 3502 676 3547 nou
709 3501 836 3562 pauca,
859 3501 917 3545 nec
941 3484 1117 3564 spernenda
1141 3486 1225 3548 istud

140 3588 296 3655 tendunt.
313 3585 426 3649 Mundi
450 3603 589 3664 namque
611 3586 781 3664 principia,
797 3587 866 3646 sive
888 3587 1045 3648 elementa
1069 3605 1109 3647 ex
1126 3586 1225 3667 hujus

141 3687 312 3767 ilosopbia
333 3689 458 3749 statuite
478 3687 517 3748 de
540 3686 649 3748 mnndi
673 3683 756 3765 Lupo
773 3687 824 3747 vel
842 3685 989 3758 Ratione,
1009 3688 1048 3751 de
1065 3685 1123 3749 Dei
1139 3688 1226 3749 simi·

140 3789 245 3854 ndine
265 3781 448 3850 inhomine
477 3787 599 3864 probo,
626 3786 666 3849 de
694 3788 807 3850 ordine
835 3788 1008 3850 creationis
1036 3786 1148 3849 eadem
1178 3786 1225 3848 tli-

144 3934 156 3968 ‚
185 3905 273 3969 qnae
296 3887 389 3951 Plato
411 3888 534 3950 docuit.

187 3988 304 4053 Nonne
326 3999 357 4052 et
380 3989 584 4073 Pythagorae
607 3988 784 4067 discipulus
806 3989 1041 4066 nuncupandus
1056 3987 1148 4052 erit?
1165 3989 1227 4052 uti·

140 4111 185 4155 re,
210 4091 247 4154 ln
268 4089 366 4155 Libro
391 4090 445 4154 Vl.
469 4110 495 4152 c.
519 4089 560 4151 lt.
585 4109 616 4151 n.
639 4086 689 4153 ab.
712 4088 880 4152 Monadem
897 4086 1083 4169 Philosophi
1106 4090 1228 4170 ample·

140 4194 235 4267 itur,
258 4196 292 4256 et
311 4191 378 4272 aitssr
402 4211 419 4253 u
441 4189 506 4256 Nos
525 4201 630 4253 nutem
646 4188 874 4268 puthoporeum
900 4185 1095 4269 principium
1126 4195 1227 4252 custo·
