2886 4784
226 319 287 393 lit

227 442 286 505 per
306 441 405 503 qnam
427 421 616 486 universnm
639 422 806 486 eonditum
827 427 885 484 est.
910 417 958 483 ln
980 419 1085 501 inquit
1114 418 1350 485 Tertullianus

226 527 382 588 adsersus
407 523 563 585 Praxeam
580 542 607 584 e.
625 519 680 585 Vl.
699 545 715 582 s
733 521 816 586 Nam
840 531 877 585 nt
897 523 1038 602 primum
1062 521 1148 587 Dens
1166 522 1274 588 voluit
1296 541 1348 597 ott,

225 645 310 708 qnae
329 644 404 689 cnm
427 624 565 703 Sophiae
587 626 712 687 ratione
733 634 765 686 et
786 642 933 686 sermone
955 625 1160 704 disposuerat
1188 625 1274 687 intra
1298 642 1346 701 se,

228 728 259 788 ln
279 724 473 788 substantias
494 734 526 785 et
546 726 669 802 speeies
689 742 765 787 suas
786 724 896 799 edere,
919 726 1024 802 ipsum
1048 725 1191 802 primum
1214 725 1351 789 Sermo·

228 847 299 890 nem
320 826 477 906 protulit,
501 825 669 888 habentem
692 828 722 886 in
744 843 778 889 se
800 822 981 888 individuas
1012 842 1088 887 snas
1115 826 1259 889 rationes
1291 825 1350 891 So·

227 912 354 1009 phism,
378 936 413 990 nt
435 930 620 1005 peripsum
642 927 757 989 dorent
778 929 953 1003 universa,
977 943 1153 1007 perquem
1175 934 1270 990 erant
1294 943 1348 990 oo·

228 1029 325 1109 gitata
351 1035 411 1089 ete.
434 1044 450 1084 n
475 1025 515 1106 (ἤ)

307 1125 429 1190 Deinde
449 1144 534 1206 quse
556 1127 595 1189 de
622 1126 732 1190 mnndi
748 1125 824 1188 dicit
837 1128 1009 1203 creatoris,
1025 1145 1166 1208 quarum
1182 1128 1264 1191 alios
1279 1127 1349 1192 ma·

229 1230 337 1293 scolas
359 1231 426 1292 sine
450 1230 596 1304 leminis,
620 1229 699 1290 alias
721 1247 779 1291 nee
809 1231 967 1292 nissenlas
999 1250 1058 1294 nee
1088 1230 1242 1294 lemioeos
1272 1233 1350 1294 leelt

229 1330 331 1406 Dens,
352 1333 457 1412 deque
479 1332 600 1411 angelis
623 1350 663 1394 ex
686 1329 757 1409 igne
778 1332 844 1392 sine
867 1331 1004 1405 leminis,
1026 1332 1174 1395 sientide
1193 1334 1278 1407 sole,
1296 1333 1355 1394 ln··

228 1450 268 1493 nn
284 1442 314 1494 et
331 1432 432 1494 stellis
447 1450 488 1493 ex
505 1434 575 1509 igne
597 1439 628 1492 et
650 1449 725 1492 aero
746 1433 863 1492 creatis
886 1449 943 1493 nec
967 1432 1117 1495 masculis
1132 1450 1190 1496 nso
1206 1431 1347 1508 leminis,

229 1551 291 1595 non
313 1543 360 1595 est
382 1533 469 1610 qnod
492 1534 531 1594 de
553 1533 589 1592 iis
609 1533 767 1596 disserens
789 1534 944 1595 immorer
953 1552 964 1610 3
986 1551 1061 1596 enm
1085 1534 1160 1596 tolia
1181 1551 1199 1596 a
1218 1541 1347 1596 vetusta

229 1633 432 1713 philosophia
448 1633 630 1713 probentur
650 1650 688 1694 ae
711 1634 741 1694 in
764 1632 882 1694 sabulis
901 1632 1100 1712 judoeorum
1122 1640 1274 1697 contento
1299 1650 1349 1695 re·
1387 1660 1391 1667 ·

231 1734 412 1812 perdantur,
436 1731 615 1796 nullimode
634 1729 797 1814 Origenis,
815 1730 983 1814 Hippolyti
998 1742 1030 1794 et
1045 1730 1241 1796 Tertulliani
1259 1749 1348 1795 meo·

230 1837 251 1896 ti
273 1845 458 1897 consonant.
484 1832 586 1896 lbanid
610 1832 734 1896 Millius
765 1835 796 1895 in
822 1833 1054 1896 Dissertatione
1080 1835 1120 1896 de
1141 1834 1348 1898 blebamme·

229 1935 345 2010 dismo,
369 1938 413 1998 ait
431 1936 569 2016 judaeos
591 1936 721 2008 dooere,
745 1937 876 2014 angelos
897 1954 939 1999 ex
961 1939 1032 2014 igne
1055 1935 1152 1998 inisse
1173 1945 1317 2000 erentos.

308 2035 376 2101 Neo
400 2039 503 2100 multo
526 2038 630 2100 minus
651 2037 880 2115 suspicandum
903 2045 964 2110 est,
982 2037 1146 2116 praelatos
1160 2037 1348 2118 Scriptores

228 2139 396 2203 docuisse:
421 2162 437 2200 r
462 2138 538 2203 Post
557 2159 605 2213 en,
627 2157 666 2200 en
686 2137 829 2200 omnibns
844 2137 1021 2218 compositis
1035 2139 1222 2202 substantiis
1238 2158 1350 2202 rernm

228 2241 368 2305 omnium
390 2239 553 2305 dominnm
575 2241 706 2307 Creator
725 2238 886 2318 conflavit,
909 2259 966 2302 nee
989 2240 1088 2304 Deum
1107 2242 1215 2302 nolens
1229 2243 1348 2322 ferere,

231 2359 287 2404 neo
307 2343 455 2423 angelum
477 2339 530 2418 (ne
549 2341 678 2422 iniiam)
699 2341 840 2404 erravit:
863 2343 916 2403 sed
936 2339 1089 2403 bominem
1118 2342 1237 2421 fingere
1266 2343 1350 2405 eoin«

229 2443 292 2506 bot.
315 2442 397 2508 Nom
417 2442 447 2503 si
468 2454 495 2504 te
516 2442 615 2514 Derim
637 2442 784 2504 voluisset
804 2446 921 2524 secere,
940 2441 1110 2521 potuisset:
1133 2441 1226 2505 babes
1246 2461 1352 2506 exem·

224 2545 320 2626 pium
350 2542 445 2605 Verbi.
470 2541 528 2605 Sed
548 2543 703 2606 bominem
723 2545 840 2617 notens,
863 2543 1017 2605 bominem
1040 2552 1067 2604 te
1088 2543 1170 2623 feeit.
1193 2562 1210 2600 n
1235 2541 1351 2606 Nonne

229 2648 260 2708 in
284 2647 331 2708 nis
358 2647 449 2709 dictis
480 2647 670 2709 stultissima
693 2655 723 2707 et
747 2646 907 2706 horrenda
939 2664 1012 2707 oum
1037 2647 1116 2708 Ario
1146 2645 1348 2724 blasphemio

231 2747 409 2809 innotescit.
447 2745 490 2808 lla
524 2749 607 2808 enim
639 2765 714 2808 enm
750 2747 919 2828 Anonymo
951 2746 1198 2824 excogitandum
1234 2745 1348 2818 ieret,

231 2843 335 2909 ileum
357 2849 387 2907 in
410 2848 544 2909 hominis
567 2848 730 2908 creatione
751 2847 891 2911 alterum
916 2846 1018 2909 Deum
1033 2849 1082 2910 sni
1099 2848 1236 2910 similem
1258 2866 1351 2909 crea·

230 2968 266 3010 re
289 2950 442 3026 potuisse,
465 2951 490 3010 si
516 2949 682 3021 voluisset,
699 2966 773 3009 enin
790 2950 873 3009 istud
896 2949 936 3009 ab
957 2950 1107 3028 exemplo
1128 2949 1271 3010 dedueat
1295 2966 1349 3010 ae·

231 3058 340 3112 ternae
364 3047 459 3118 Verbi
482 3051 695 3127 generationis
719 3069 735 3106 n
758 3044 794 3110 Si
815 3058 843 3108 te
865 3047 976 3123 Deum,
1000 3051 1117 3128 inquit,
1136 3048 1289 3112 noluisset
1301 3052 1351 3130 sn·

229 3169 297 3213 rere
321 3149 460 3225 Creator,
480 3148 657 3230 potuisset:
680 3151 855 3229 exemplum
883 3149 969 3213 Verbi
990 3151 1122 3213 babes.»
1142 3150 1351 3228 Onosilless

233 3262 363 3332 praeter
387 3251 460 3315 Filii
482 3261 646 3314 aeternam
669 3260 701 3312 et
722 3253 764 3312 nd
784 3249 884 3324 intro,
908 3261 945 3313 ut
966 3252 1058 3332 ajunt
1080 3253 1236 3330 theologi,
1254 3268 1350 3331 gene·

232 3357 388 3419 rationem
411 3360 443 3416 et
466 3354 538 3414 hine
559 3352 617 3413 sibi
632 3353 926 3429 consubstantialis,
942 3353 1083 3431 aliquam
1100 3363 1291 3417 ereaturam
1306 3353 1351 3416 nd

231 3446 335 3529 entra,
358 3473 415 3516 seu
441 3454 602 3515 hominem
624 3455 673 3515 sni
695 3454 831 3516 similem
854 3449 957 3516 Deum
982 3455 1088 3517 iaesre
1119 3458 1302 3534 potuisset,
1324 3457 1351 3517 si

234 3553 409 3617 voluisset:
434 3552 520 3632 quod
543 3561 591 3613 est
605 3552 796 3625 absurdum,
817 3561 849 3614 et
865 3553 1064 3633 hujusmodi,
1083 3559 1119 3616 ot
1134 3554 1273 3634 praeisti
1292 3553 1351 3618 tn·

233 3664 298 3719 tres
320 3671 484 3733 nunqnam
509 3655 616 3715 animo
638 3653 865 3715 confinxerint.
977 3688 988 3711 .-

312 3754 469 3818 Similiter
489 3754 667 3817 seeundum
691 3754 1098 3833 philosophorum·splaoits
1121 3765 1152 3818 et
1175 3757 1355 3821 teneritate

306 3983 340 4056 (“)
361 3983 463 4041 Confer
480 4000 552 4058 quse
570 3980 669 4041 eonibit
685 4002 710 4040 s.
730 3983 861 4042 Ireneeus
879 3985 909 4041 in
928 3983 1013 4041 Libro
1037 3983 1075 4040 ll.
1094 4001 1120 4040 e.
1141 3983 1224 4040 x111.
1251 3984 1357 4042 adner-

231 4093 282 4132 sns
296 4075 517 4148 Valentinianos,
537 4076 587 4134 nbi
604 4076 722 4135 eollooat
739 4077 816 4152 iopen
833 4077 991 4137 mdiotbrton
1009 4078 1082 4133 inter
1099 4078 1225 4136 notiones
1245 4081 1355 4136 mentis

231 4167 395 4239 eogitsntis.
