2872 4784
1126 342 1168 410 79

45 455 118 521 lnte
142 454 316 519 relutaritt
340 450 438 516 aliter
457 460 556 531 atque
577 451 673 513 aliter
692 449 773 513 sciat
795 449 916 512 lactum
939 466 1008 511 esse
1026 448 1164 524 chatiis,

47 562 105 638 qni
130 563 160 621 in
185 557 324 637 publicis
356 551 737 624 lectionibus,'admissis
759 568 776 611 a
799 567 850 612 me
882 548 989 610 allatis
1022 551 1172 628 genuinis

50 660 268 729 documentis,
290 665 324 719 et
346 664 518 735 propterea
542 656 658 716 ceteris
679 652 812 733 abjectis
835 651 932 713 iniido
954 652 1080 714 calamo
1103 654 1170 713 ela·

51 765 199 835 boratis,
220 760 376 822 sollicitos
397 776 432 820 se
454 758 675 837 praebuerunt
697 758 727 816 in
750 753 977 834 patrocinanda
1008 753 1168 815 Pontificis

52 877 84 928 et
104 866 246 925 aliorum
269 879 380 924 causa.
404 859 559 938 Alioquin
574 860 709 931 Censor,
722 875 796 918 cnm
811 857 841 916 in
858 857 1045 934 quaestione
1060 857 1099 916 de
1116 854 1169 918 Vi·

54 967 131 1045 gilio
154 962 331 1025 universim
353 978 444 1023 meae
467 961 559 1033 thesi,
579 962 611 1023 in
633 977 696 1039 qna
719 955 864 1020 maculas
887 973 904 1016 a
928 956 1118 1018 charactere
1135 957 1172 1017 tt·

55 1067 119 1130 lios
140 1082 235 1126 sacro
256 1071 287 1124 et
302 1080 382 1125 suae
397 1062 559 1139 dignitatis
575 1061 764 1122 celsitudine
781 1059 967 1135 abstergere
982 1058 1069 1119 nisus
1083 1076 1169 1132 sum,

58 1168 219 1230 contraire
240 1166 388 1236 studuit,
413 1164 498 1224 haud
520 1167 614 1224 sensit
639 1181 672 1222 se
695 1162 815 1223 ideirco
844 1161 978 1221 inimicis
1007 1157 1171 1222 Ecclesiae

61 1267 221 1330 Romanae
243 1266 452 1339 convenisse,
476 1282 514 1324 ue
536 1263 611 1324 illae
634 1263 828 1324 tollerentur
850 1262 937 1323 labes
948 1281 960 1340 3
983 1262 1036 1323 sed
1071 1264 1171 1338 magis

63 1369 211 1439 cllecisse,
235 1378 271 1429 nt
292 1367 488 1428 auctoritate
510 1382 566 1428 sna
592 1366 676 1426 lixae
697 1375 729 1426 et
752 1364 937 1426 indelebiles
966 1372 1170 1442 superessent

66 1471 92 1530 in
114 1469 199 1530 illius
224 1467 384 1530 Pontificis
406 1468 715 1530 condemnationem.
812 1456 816 1461 ’

136 1569 276 1648 ideoque
297 1571 323 1631 si
346 1587 374 1630 c.
399 1565 520 1631 Censor
542 1585 745 1651 nequaquam
768 1574 859 1646 putet
879 1585 913 1628 se
936 1584 1062 1628 mecum
1091 1584 1165 1628 con·

69 1673 168 1733 tenire
189 1673 221 1732 in
241 1669 392 1748 Origenis
414 1677 446 1730 et
461 1667 577 1748 .Vigilii
598 1669 745 1747 apologia
757 1687 769 1746 3
793 1686 897 1747 neque
918 1685 978 1746 ego
999 1667 1103 1730 eidem
1125 1685 1174 1730 as·

69 1773 167 1833 sentiri
189 1783 327 1851 petero3
350 1770 488 1833 ulterius
511 1773 574 1849 pati
598 1773 707 1832 nolens
736 1771 864 1847 primo,
888 1770 973 1848 qnod
997 1786 1014 1829 a
1037 1786 1094 1830 sna
1117 1786 1170 1828 ae·

71 1881 127 1932 tate
146 1872 351 1951 praeclarum
374 1881 406 1933 et
429 1872 645 1934 venerandum
668 1870 816 1949 Origenis
839 1888 954 1932 nomen
976 1869 1169 1948 ignobilibus
1195 1896 1200 1913 ι

72 1975 244 2036 maculetur
266 1973 391 2046 titulis,
414 1980 445 2034 et
467 1974 546 2034 haec
572 1974 742 2051 ignominia
776 1974 905 2034 dicatur
932 1972 1053 2033 sancita
1077 1988 1094 2030 a
1116 1968 1174 2054 sy·

19 2096 24 2103 ·
76 2075 139 2136 nodi
161 2072 198 2138 V.
223 2075 383 2138 Patribus.
408 2075 556 2137 Secundo
589 2077 711 2154 pariter
732 2074 866 2148 nolens,
889 2074 975 2154 quod
999 2075 1029 2133 in
1054 2068 1172 2149 Vigilio

79 2174 273 2240 Pontificatus
297 2176 432 2239 Romani
453 2176 603 2238 sanctitas
624 2176 817 2256 subjiciatur
840 2176 1079 2237 haereticorum
1104 2175 1176 2234 irri-

78 2279 215 2355 sionibus,
232 2290 265 2343 et
286 2279 450 2342 hodiernis
473 2279 636 2341 Ecclesiae
658 2279 851 2341 christianae
874 2278 1048 2358 majestatis
1065 2275 1174 2355 prola·

80 2381 238 2443 ueteribus.
264 2379 311 2442 dc
335 2381 465 2459 insuper
486 2380 619 2452 nolens,
644 2387 679 2440 ut
703 2376 838 2457 vigilius
861 2381 892 2440 in
915 2396 1048 2440 munere
1071 2378 1174 2455 ponti·

10 2482 12 2493 '
80 2477 141 2540 licio
159 2481 318 2561 explendo
342 2490 477 2543 vocetur
492 2479 680 2553 dormitans,
699 2481 798 2542 telnti
814 2499 831 2540 a
848 2480 988 2560 quodam
1005 2478 1178 2540 heterodo-

81 2598 116 2641 xo
132 2583 232 2645 dictus
254 2592 302 2643 est
324 2582 365 2643 ob
387 2583 572 2644 innumeros
593 2584 621 2643 ci
644 2580 777 2643 inflictus
800 2590 932 2656 reatus,
955 2590 987 2644 et
1008 2581 1103 2642 animi
1125 2580 1175 2642 sni

80 2677 239 2744 levitatem.
266 2678 387 2742 Verum
409 2699 426 2741 a
449 2699 560 2741 somno
582 2681 739 2742 diuturno
766 2681 859 2742 velim
882 2684 1025 2743 excitare
1057 2682 1177 2753 virum,

81 2789 109 2842 nt
128 2785 250 2845 numine
273 2791 306 2844 et
326 2792 401 2845 actu
426 2781 572 2861 vigilans,
596 2784 754 2860 inspiciat,
778 2790 898 2862 quanta
921 2791 1031 2843 contra
1053 2799 1087 2843 se
1102 2798 1176 2842 con·

80 2879 214 2945 duxerint
236 2882 388 2944 malevoli
400 2903 412 2961 3
435 2889 467 2944 et
489 2892 524 2944 nt
546 2882 576 2943 ln
600 2901 734 2960 persona
761 2882 844 2945 Petri
870 2883 1006 2961 vigilans
1037 2881 1175 2942 obteste-

79 2991 123 3046 tur
140 3003 173 3047 se
193 3002 211 3047 a
235 2993 283 3047 lot
315 2984 590 3046 criminationibus
624 2984 722 3046 luisse
754 2985 952 3063 immunem3
983 2994 1014 3044 et
1045 2991 1082 3044 nt
1112 2982 1178 3043 eti·

75 3086 200 3162 gilarenl
221 3104 331 3146 omues
355 3084 449 3146 velim
472 3086 641 3167 hucusque
663 3086 749 3148 illusi
772 3096 803 3147 et
825 3085 950 3147 confusi
973 3103 989 3143 a
1013 3082 1175 3162 perversis

72 3187 319 3250 obtrectatorum
343 3187 631 3249 machinationibus
653 3189 683 3248 in
704 3199 849 3250 sanctum
874 3185 1060 3247 Pontificem
1083 3201 1179 3245 exco-

69 3289 181 3367 gitatis.

149 3385 293 3467 Denique
316 3388 380 3450 huc
401 3389 576 3451 summarie
599 3390 736 3451 redactis
768 3389 1024 3451 clarissimorum
1057 3384 1176 3450 Censo-

66 3508 139 3552 rum
159 3490 290 3570 judiciis
312 3490 397 3549 circa
420 3488 568 3568 Origenis
590 3490 829 3564 defensionem,
852 3490 910 3553 etsi
944 3490 1108 3552 fateantur
1130 3507 1179 3550 me

66 3589 245 3669 plurimum
268 3590 433 3652 laborasse
454 3609 491 3652 ac
513 3591 688 3669 proiecisse
711 3594 741 3653 in
763 3592 862 3671 ipsius
896 3594 1049 3654 memoria
1082 3589 1180 3649 vindi-

62 3691 164 3754 canda
187 3692 227 3751 ab
249 3691 419 3753 haereseos
441 3691 529 3752 labe:
555 3692 761 3755 nihilominus
785 3695 879 3771 plura
903 3694 1009 3754 adhuc
1032 3697 1180 3751 asserunt

61 3792 182 3853 deesse.
210 3791 255 3853 lta
279 3809 404 3871 reapse,
429 3792 627 3870 respondeo,
652 3793 742 3856 deest
767 3793 853 3872 quod
878 3796 1088 3872 praecipuum
1118 3799 1179 3863 est,

60 3893 153 3972 qnod
175 3911 339 3956 summum
361 3902 431 3967 est,
454 3895 541 3972 quod
566 3903 669 3957 totum
691 3904 751 3957 cst.
775 3895 870 3957 Deest
901 3913 1039 3973 nempe,
1064 3905 1100 3954 ut
1121 3890 1181 3951 ali·

61 3992 195 4072 qnando
218 3993 361 4072 pateliat,
378 3992 526 4072 Origenis
547 3994 719 4057 adamantii
743 4004 774 4058 et
796 3997 1045 4076 origenistarum
1068 3994 1181 4054 baere-

62 4095 140 4166 sim,
162 4094 194 4155 in
216 4111 315 4172 quam
338 4091 537 4173 Theophilus
559 4103 591 4157 et
612 4094 830 4176 Hieronymus
852 4114 889 4157 ac
911 4093 1059 4157 nonnulli
1093 4094 1179 4155 circa

62 4192 203 4256 Consilii
227 4190 266 4254 V.
283 4203 421 4258 aetatem
445 4203 532 4258 tanto
553 4197 660 4260 studio
677 4197 903 4274 inclamarunt,
921 4197 1064 4260 fictitiam
1084 4195 1180 4257 luisse
