2886 4784
245 481 288 548 Et
309 485 385 566 quid
408 488 561 565 sanctius,
584 506 680 570 quam
704 487 744 548 ab
772 488 984 567 opprobriosa
1008 491 1177 553 haereseos
1209 492 1283 554 labe

156 586 338 665 detergere
363 588 449 649 viros
471 592 585 668 quavis
617 593 733 652 rationi
759 589 977 666 venerandos,
1002 593 1065 653 vita
1088 600 1120 653 et
1142 592 1287 655 moribus

164 688 350 766 perfectam
372 690 519 752 eoelestis
544 691 646 754 Patris
668 692 718 754 sui
741 691 959 770 praeferentes
980 692 1172 770 imaginem,
1193 695 1287 755 sicuti

164 789 311 851 extitere
341 789 522 868 Origenes,
551 799 638 853 totus
669 794 902 854 monachorum
926 793 1126 855 nitriensium
1148 793 1287 869 chorus,

165 889 293 969 aliique
315 890 434 968 pietate
450 899 489 952 ct
512 890 657 954 doctrina
678 890 811 957 incliti?
832 891 946 955 Nonne
977 893 1131 955 delicium
1163 894 1290 973 putabi-

166 998 221 1052 tur
245 990 318 1052 talis
339 991 486 1052 socoraia
510 992 654 1054 hliorum
667 997 751 1072 'erga
770 992 898 1063 Patres,
914 993 1135 1055 conculcatam
1151 993 1288 1054 derelin-

165 1099 325 1169 quercet
356 1091 491 1154 inultam
525 1094 662 1155 istorum
698 1093 908 1154 memoriam:
940 1110 1081 1172 quorum
1113 1094 1167 1154 alii
1200 1105 1289 1155 metu

167 1189 285 1268 perciti
308 1192 589 1267 adversariorum,
618 1193 672 1255 alii
695 1193 794 1255 exilio
817 1191 1047 1266 mulctatam
1068 1194 1289 1255 variisvexati

166 1293 359 1366 aerumnis,
382 1293 435 1354 alii
461 1295 606 1372 oppressi
630 1295 824 1368 calumniis,
854 1293 909 1355 alii
942 1301 1149 1372 praematura
1182 1302 1286 1356 morte

166 1393 419 1468 occumbentes,
445 1395 567 1456 irustra
593 1404 667 1457 tunc
689 1395 731 1456 ob
753 1413 984 1474 perversorum
1011 1395 1167 1456 ambitum
1189 1405 1221 1457 et
1242 1396 1288 1456 in-

164 1494 291 1555 curiam
308 1496 502 1575 principum,
521 1495 687 1558 Ecclesiae
705 1493 892 1557 Catholicae
913 1498 1098 1556 invocantes
1111 1495 1282 1574 iudicium,

166 1595 392 1673 improborum
415 1591 582 1659 cesserunt
603 1599 845 1676 praepotentiae
870 1615 944 1659 cum
974 1596 1149 1677 iniustitiae
1172 1597 1287 1660 trium·

169 1693 265 1774 pho?

246 1794 359 1860 Nonne
382 1815 422 1858 rx
447 1797 507 1858 hac
529 1797 720 1875 negligentia
737 1816 861 1860 summa
883 1798 1023 1861 inierint
1044 1799 1161 1879 injuria
1180 1800 1285 1877 plari·

164 1895 227 1958 bos
244 1893 408 1958 Ecclesiae
432 1897 636 1970 doctoribus,
654 1897 710 1975 qui
732 1898 904 1975 hucusque
920 1917 982 1960 una
997 1918 1072 1961 cum
1086 1898 1225 1977 Origene
1243 1899 1286 1960 ob

162 1996 254 2060 illam
278 1996 358 2059 ialso
381 1999 644 2077 comprehensam
672 2002 949 2076 regenerationem
984 2009 1014 2060 et
1048 2000 1285 2062 restitutionem

161 2099 195 2163 iu
216 2099 402 2175 pristinum,
423 2101 545 2177 graecis
566 2098 787 2178 palinge-nesta
811 2109 842 2164 et
864 2101 1095 2179 apocatasticus
1119 2100 1283 2163 vocabulis

161 2218 363 2279 expressam,
378 2202 500 2264 mentiti
522 2216 590 2263 esse
612 2202 837 2264 existimantur
863 2203 1026 2281 perpetuis
1039 2201 1233 2264 daemonum
1248 2208 1283 2264 at

161 2302 379 2380 reproborum
403 2303 512 2381 poenis
534 2304 565 2364 in
583 2306 645 2365 rita
664 2303 801 2366 lutura:
828 2321 901 2365 cum
927 2311 1032 2367 tamen
1054 2321 1112 2367 nec
1127 2302 1282 2382 Origenes

160 2418 220 2468 uec
242 2405 342 2466 caleri
364 2404 405 2465 iia
429 2422 570 2483 unquam
593 2399 786 2466 docuerint}¹
802 2399 843 2479 (ἢ

238 2501 352 2567 Nonne
374 2506 413 2565 ab
436 2494 495 2567 ha'c
516 2505 647 2583 segnitia
672 2503 789 2584 injuria
823 2503 963 2567 insertur
992 2504 1137 2568 doctrina
1159 2509 1192 2567 et
1211 2521 1283 2569 sau·

160 2606 273 2668 atitate
295 2607 476 2684 conspicuis
499 2605 665 2673 Ecclesiae
687 2605 865 2682 Patribus,
888 2612 1029 2669 aetatem
1051 2603 1222 2685 Theophili
1250 2611 1283 2669 et

233 2837 266 2911 (*)
287 2835 343 2893 Hie
360 2854 425 2893 vero
443 2837 532 2892 obiter
548 2842 688 2908 repetatur
706 2835 898 2893 testimonium
923 2837 1082 2894 discussum
1102 2837 1130 2891 iu
1150 2835 1236 2891 Temo
1254 2832 1279 2889 1.‘

165 2947 198 2986 ac
215 2935 329 2985 erutum
350 2946 384 2985 ex
403 2930 523 3003 Dialogo
542 2929 727 3000 Barsanupbii
745 2932 817 2986 cirea
836 2930 983 3003 Origenis,
1004 2930 1118 3001 Evagrii
1136 2934 1165 2984 et
1184 2927 1279 3001 Didy-

165 3041 212 3078 ma
230 3040 349 3080 errores.
362 3023 396 3078 ln
413 3023 467 3079 hoe
484 3023 615 3094 Dialogo‚
630 3040 694 3078 cum
709 3023 917 3094 Barsanuphius
935 3026 1129 3094 praesumptos
1147 3021 1279 3092 Origenis

165 3133 272 3172 errores
290 3115 515 3189 reprehenderet,
536 3116 564 3170 in
583 3115 685 3186 quibus
704 3114 738 3170 de
756 3113 924 3188 apocatastasi
942 3115 1006 3170 sive
1019 3114 1053 3168 de
1077 3110 1279 3170 restitutionem
1304 3143 1310 3152 -

163 3206 300 3280 maenam
318 3208 346 3261 in
365 3208 422 3260 rita
439 3206 542 3272 futura,
562 3204 656 3276 plures
675 3205 806 3260 dicuntur
824 3206 849 3260 ei
859 3205 1004 3272 restitisse,
1018 3205 1157 3276 eique(et
1166 3202 1279 3275 quidam

160 3301 242 3374 jure)
263 3300 462 3370 exprobrasse,
485 3296 560 3369 quod
588 3315 643 3352 non
671 3296 857 3352 intellexisset
883 3295 968 3370 hujus
995 3293 1123 3350 vocabuli
1144 3286 1275 3348 sensum:

169 3415 183 3444 c
203 3397 270 3466 Περὶ
290 3390 319 3446 δὲ
337 3391 574 3451 ἀποκαταστάσεος
594 3389 628 3444 de
653 3388 828 3444 restitutione
848 3405 930 3455 vero,
950 3387 1100 3459 inquiunt,
1120 3391 1212 3457 aperte
1231 3385 1276 3465 1οῇ

164 3485 262 3558 quitur
280 3501 302 3538 s.
323 3483 478 3556 Gregorius
495 3499 655 3556 nyssenus:
676 3498 770 3535 verum
790 3499 846 3534 non
865 3479 900 3535 de
918 3479 980 3545 hac,
995 3496 1081 3550 quam
1099 3477 1154 3550 ipsi
1172 3476 1278 3549 praedi·

165 3581 241 3641 cant,
263 3590 363 3646 nempe
381 3579 509 3630 cessante
527 3572 673 3644 supplicio,
693 3573 750 3626 iore
768 3579 801 3626 ut
818 3571 902 3628 homo
920 3572 1082 3626 restituatur
1100 3569 1129 3624 in
1147 3568 1186 3634 id,
1200 3567 1276 3640 quod

165 3667 247 3740 prius
265 3671 343 3730 erat,
364 3665 471 3721 scilicet
489 3665 518 3719 in
537 3681 622 3736 puras
640 3662 850 3736 intelligentias.
870 3666 910 3719 Aa
927 3679 1103 3736 nequaquam
1120 3660 1189 3717 dicit
1208 3659 1277 3716 illud

164 3764 341 3815 cessaturum
359 3762 387 3812 et
405 3758 489 3811 finem
506 3755 668 3810 habiturum
686 3772 749 3810 esse
767 3754 949 3828 supplicium.
971 3776 984 3804 a

238 3848 376 3915 Proiecto,
396 3848 480 3903 sicuti
499 3848 658 3920 Nyssenus,
678 3847 719 3901 ita
736 3852 764 3901 et
782 3847 920 3919 Origenes
939 3845 1046 3919 atejus
1065 3843 1196 3916 discipuli
1225 3841 1278 3898 sub

164 3941 263 3999 eodem
281 3940 486 4014 significatione
504 3938 573 3995 illud
590 3936 754 3995 restitutionis
773 3939 939 3993 vocabulum
965 3940 1146 4008 usurparunt.
1167 3934 1205 3989 Et
1222 3933 1277 3990 hoe

162 4033 337 4107 amplissime
352 4033 410 4105 jam
428 4031 532 4087 ibidem
542 4031 669 4087 ostendi:
684 4031 810 4102 quamvis
823 4037 851 4086 et
868 4037 974 4086 veteres
992 4035 1021 4084 et
1039 4028 1201 4084 recentioris
1219 4043 1277 4082 ma·

163 4127 241 4183 xime
259 4125 318 4181 sint
335 4125 452 4189 offensi,
472 4125 612 4199 sincerum
631 4124 794 4197 ignorantes
822 4122 908 4196 hujus
927 4121 1002 4178 vocis
1031 4138 1156 4177 sensum.
1176 4119 1278 4189 Oouier

162 4218 345 4277 Gallaudium
363 4220 392 4274 iu
411 4215 583 4281 Bibliotheca
601 4217 715 4274 Petrum
734 4215 787 4272 sub
806 4233 857 4309 aar
870 4215 934 4272 540.
