<?xml version="1.0" encoding="UTF-8"?>
<!DOCTYPE html PUBLIC "-//W3C//DTD XHTML 1.0 Transitional//EN"
    "http://www.w3.org/TR/xhtml1/DTD/xhtml1-transitional.dtd">
<html xmlns="http://www.w3.org/1999/xhtml" xml:lang="en" lang="en">
 <head>
  <title>
</title>
<meta http-equiv="Content-Type" content="text/html;charset=utf-8" />
  <meta name='ocr-system' content='tesseract 3.04.00' />
  <meta name='ocr-capabilities' content='ocr_page ocr_carea ocr_par ocr_line ocrx_word'/>
</head>
<body>
  <div class='ocr_page' id='page_1' title='image "./insgregoriinyss00vincgoog/insgregoriinyss00vincgoog_0426.png"; bbox 0 0 2872 4784; ppageno 0'>
   <div class='ocr_carea' id='block_1_1' title="bbox 1155 315 1192 384">
    <p class='ocr_par' dir='ltr' id='par_1_1' title="bbox 1155 315 1192 384">
     <span class='ocr_line' id='line_1_1' title="bbox 1155 315 1192 384; baseline 0 0"><span class='ocrx_word' id='word_1_1' title='bbox 1155 315 1192 384; x_wconf 76' lang='lat'><strong><em>21</em></strong></span> 
     </span>
    </p>
   </div>
   <div class='ocr_carea' id='block_1_2' title="bbox 73 414 1199 1923">
    <p class='ocr_par' dir='ltr' id='par_1_2' title="bbox 73 414 1199 1923">
     <span class='ocr_line' id='line_1_2' title="bbox 156 414 1187 500; baseline 0.003 -20"><span class='ocrx_word' id='word_1_2' title='bbox 156 414 259 481; x_wconf 88' lang='lat' dir='ltr'><strong><em>Simul</em></strong></span> <span class='ocrx_word' id='word_1_3' title='bbox 283 417 391 496; x_wconf 85' lang='lat' dir='ltr'><strong><em>itaque</em></strong></span> <span class='ocrx_word' id='word_1_4' title='bbox 412 417 546 494; x_wconf 88' lang='lat' dir='ltr'><strong><em>sumptis</em></strong></span> <span class='ocrx_word' id='word_1_5' title='bbox 576 436 615 479; x_wconf 81' lang='lat' dir='ltr'><strong><em>ex</em></strong></span> <span class='ocrx_word' id='word_1_6' title='bbox 638 433 663 478; x_wconf 88' lang='lat' dir='ltr'><strong><em>s.</em></strong></span> <span class='ocrx_word' id='word_1_7' title='bbox 680 415 901 500; x_wconf 78' lang='lat' dir='ltr'><strong><em>Chrysostomi</em></strong></span> <span class='ocrx_word' id='word_1_8' title='bbox 922 419 1125 481; x_wconf 75' lang='lat' dir='ltr'>sermonibus</span> <span class='ocrx_word' id='word_1_9' title='bbox 1148 423 1187 484; x_wconf 89' lang='lat' dir='ltr'><strong><em>ds</em></strong></span> 
     </span>
     <span class='ocr_line' id='line_1_3' title="bbox 73 507 1192 598; baseline 0.001 -13"><span class='ocrx_word' id='word_1_10' title='bbox 73 522 262 594; x_wconf 80' lang='lat' dir='ltr'><strong><em>connuhio,</em></strong></span> <span class='ocrx_word' id='word_1_11' title='bbox 284 517 440 583; x_wconf 83' lang='lat' dir='ltr'><strong><em>Matthaei</em></strong></span> <span class='ocrx_word' id='word_1_12' title='bbox 463 519 577 592; x_wconf 83' lang='lat' dir='ltr'><strong><em>dictis,</em></strong></span> <span class='ocrx_word' id='word_1_13' title='bbox 601 526 700 598; x_wconf 84' lang='lat' dir='ltr'><strong><em>prout</em></strong></span> <span class='ocrx_word' id='word_1_14' title='bbox 723 521 788 596; x_wconf 87' lang='lat' dir='ltr'><strong><em>ipsc</em></strong></span> <span class='ocrx_word' id='word_1_15' title='bbox 811 519 884 580; x_wconf 90' lang='lat' dir='ltr'><strong><em>hinc</em></strong></span> <span class='ocrx_word' id='word_1_16' title='bbox 907 519 979 582; x_wconf 89' lang='lat' dir='ltr'><strong><em>inde</em></strong></span> <span class='ocrx_word' id='word_1_17' title='bbox 1002 507 1149 583; x_wconf 78' lang='lat' dir='ltr'><strong><em>citaverit</em></strong></span> <span class='ocrx_word' id='word_1_18' title='bbox 1172 543 1192 586; x_wconf 87' lang='lat' dir='ltr'><strong><em>a</em></strong></span> 
     </span>
     <span class='ocr_line' id='line_1_4' title="bbox 74 620 1191 702; baseline -0.002 -16"><span class='ocrx_word' id='word_1_19' title='bbox 74 620 258 686; x_wconf 86' lang='lat' dir='ltr'><strong><em>Bibliorum</em></strong></span> <span class='ocrx_word' id='word_1_20' title='bbox 280 640 450 684; x_wconf 88' lang='lat' dir='ltr'><strong><em>sacrorum</em></strong></span> <span class='ocrx_word' id='word_1_21' title='bbox 472 621 650 692; x_wconf 82' lang='lat' dir='ltr'><strong>codicibus,</strong></span> <span class='ocrx_word' id='word_1_22' title='bbox 673 639 755 699; x_wconf 85' lang='lat' dir='ltr'><strong><em>quus</em></strong></span> <span class='ocrx_word' id='word_1_23' title='bbox 780 639 857 696; x_wconf 74' lang='lat' dir='ltr'><strong><em>pirae</em></strong></span> <span class='ocrx_word' id='word_1_24' title='bbox 881 621 1029 683; x_wconf 77' lang='lat' dir='ltr'><strong><em>aaanibus</em></strong></span> <span class='ocrx_word' id='word_1_25' title='bbox 1055 624 1191 702; x_wconf 83' lang='lat' dir='ltr'><strong><em>liahult,</em></strong></span> 
     </span>
     <span class='ocr_line' id='line_1_5' title="bbox 73 722 1193 803; baseline 0.001 -16"><span class='ocrx_word' id='word_1_26' title='bbox 73 731 202 787; x_wconf 88' lang='lat' dir='ltr'><strong><em>constat</em></strong></span> <span class='ocrx_word' id='word_1_27' title='bbox 224 724 340 803; x_wconf 83' lang='lat' dir='ltr'><strong><em>primo,</em></strong></span> <span class='ocrx_word' id='word_1_28' title='bbox 356 738 521 803; x_wconf 90' lang='lat' dir='ltr'><strong><em>nunqnam</em></strong></span> <span class='ocrx_word' id='word_1_29' title='bbox 544 723 648 802; x_wconf 87' lang='lat' dir='ltr'><strong><em>ipsum</em></strong></span> <span class='ocrx_word' id='word_1_30' title='bbox 672 722 851 801; x_wconf 81' lang='lat' dir='ltr'><strong>appellasse</strong></span> <span class='ocrx_word' id='word_1_31' title='bbox 869 724 1085 784; x_wconf 88' lang='lat' dir='ltr'><strong><em>testimonium</em></strong></span> <span class='ocrx_word' id='word_1_32' title='bbox 1106 743 1193 788; x_wconf 91' lang='lat' dir='ltr'><strong><em>com·</em></strong></span> 
     </span>
     <span class='ocr_line' id='line_1_6' title="bbox 76 822 1196 906; baseline -0.001 -16"><span class='ocrx_word' id='word_1_33' title='bbox 76 828 172 890; x_wconf 83' lang='lat' dir='ltr'><strong><em>melis</em></strong></span> <span class='ocrx_word' id='word_1_34' title='bbox 193 823 223 891; x_wconf 79' lang='lat' dir='ltr'><strong><em>ll.</em></strong></span> <span class='ocrx_word' id='word_1_35' title='bbox 246 845 275 886; x_wconf 90' lang='lat' dir='ltr'><strong><em>c.</em></strong></span> <span class='ocrx_word' id='word_1_36' title='bbox 297 822 385 889; x_wconf 82' lang='lat' dir='ltr'><strong><em>XlX.</em></strong></span> <span class='ocrx_word' id='word_1_37' title='bbox 409 826 462 887; x_wconf 94' lang='lat' dir='ltr'><strong><em>uhi</em></strong></span> <span class='ocrx_word' id='word_1_38' title='bbox 487 825 627 902; x_wconf 81' lang='lat' dir='ltr'><strong><em>legitur:</em></strong></span> <span class='ocrx_word' id='word_1_39' title='bbox 651 822 720 885; x_wconf 88' lang='lat' dir='ltr'><strong><em>dico</em></strong></span> <span class='ocrx_word' id='word_1_40' title='bbox 750 833 854 886; x_wconf 85' lang='lat' dir='ltr'><strong><em>autem</em></strong></span> <span class='ocrx_word' id='word_1_41' title='bbox 879 822 985 898; x_wconf 83' lang='lat' dir='ltr'><strong><em>uobis,</em></strong></span> <span class='ocrx_word' id='word_1_42' title='bbox 1019 824 1096 904; x_wconf 89' lang='lat' dir='ltr'><strong><em>quia</em></strong></span> <span class='ocrx_word' id='word_1_43' title='bbox 1126 827 1196 906; x_wconf 86' lang='lat' dir='ltr'><strong><em>qui-</em></strong></span> 
     </span>
     <span class='ocr_line' id='line_1_7' title="bbox 75 923 1194 1006; baseline 0.003 -17"><span class='ocrx_word' id='word_1_44' title='bbox 75 945 211 1006; x_wconf 82' lang='lat' dir='ltr'><strong><em>cumque</em></strong></span> <span class='ocrx_word' id='word_1_45' title='bbox 232 923 388 989; x_wconf 77' lang='lat' dir='ltr'><strong><em>dimiserit</em></strong></span> <span class='ocrx_word' id='word_1_46' title='bbox 408 944 540 987; x_wconf 75' lang='lat' dir='ltr'><strong><em>umorem</em></strong></span> <span class='ocrx_word' id='word_1_47' title='bbox 560 942 652 986; x_wconf 88' lang='lat' dir='ltr'><strong><em>suum</em></strong></span> <span class='ocrx_word' id='word_1_48' title='bbox 672 923 739 987; x_wconf 87' lang='lat' dir='ltr'><strong><em>nisi</em></strong></span> <span class='ocrx_word' id='word_1_49' title='bbox 758 925 792 985; x_wconf 85' lang='lat' dir='ltr'><strong><em>oh</em></strong></span> <span class='ocrx_word' id='word_1_50' title='bbox 813 923 1083 1003; x_wconf 76' lang='lat' dir='ltr'><strong><em>fornicationem,</em></strong></span> <span class='ocrx_word' id='word_1_51' title='bbox 1112 940 1139 990; x_wconf 88' lang='lat' dir='ltr'><strong><em>et</em></strong></span> <span class='ocrx_word' id='word_1_52' title='bbox 1160 949 1194 992; x_wconf 82' lang='lat' dir='ltr'><strong><em>a·</em></strong></span> 
     </span>
     <span class='ocr_line' id='line_1_8' title="bbox 75 1024 1194 1105; baseline 0 -14"><span class='ocrx_word' id='word_1_53' title='bbox 75 1029 158 1091; x_wconf 84' lang='lat' dir='ltr'><strong><em>lium</em></strong></span> <span class='ocrx_word' id='word_1_54' title='bbox 179 1027 327 1102; x_wconf 78' lang='lat' dir='ltr'><strong><em>duxerit,</em></strong></span> <span class='ocrx_word' id='word_1_55' title='bbox 349 1027 552 1089; x_wconf 76' lang='lat' dir='ltr'><strong><em>moechatur:</em></strong></span> <span class='ocrx_word' id='word_1_56' title='bbox 574 1025 679 1105; x_wconf 85' lang='lat' dir='ltr'><strong><em>etqui</em></strong></span> <span class='ocrx_word' id='word_1_57' title='bbox 699 1024 861 1088; x_wconf 76' lang='lat' dir='ltr'><strong><em>dimissam</em></strong></span> <span class='ocrx_word' id='word_1_58' title='bbox 883 1026 1032 1101; x_wconf 74' lang='lat' dir='ltr'><strong><em>duruerit,</em></strong></span> <span class='ocrx_word' id='word_1_59' title='bbox 1054 1030 1194 1092; x_wconf 79' lang='lat' dir='ltr'><strong><em>moeclia-</em></strong></span> 
     </span>
     <span class='ocr_line' id='line_1_9' title="bbox 77 1129 1193 1208; baseline 0.004 -16"><span class='ocrx_word' id='word_1_60' title='bbox 77 1139 144 1192; x_wconf 85' lang='lat' dir='ltr'><strong><em>tur.</em></strong></span> <span class='ocrx_word' id='word_1_61' title='bbox 167 1129 228 1197; x_wconf 87' lang='lat' dir='ltr'><strong><em>Sed</em></strong></span> <span class='ocrx_word' id='word_1_62' title='bbox 251 1149 291 1202; x_wconf 86' lang='lat' dir='ltr'><strong><em>ex</em></strong></span> <span class='ocrx_word' id='word_1_63' title='bbox 313 1131 451 1191; x_wconf 86' lang='lat' dir='ltr'><strong><em>adverso</em></strong></span> <span class='ocrx_word' id='word_1_64' title='bbox 473 1130 686 1208; x_wconf 84' lang='lat' dir='ltr'><strong><em>comperitur,</em></strong></span> <span class='ocrx_word' id='word_1_65' title='bbox 703 1130 852 1191; x_wconf 90' lang='lat' dir='ltr'><strong><em>eumdem</em></strong></span> <span class='ocrx_word' id='word_1_66' title='bbox 874 1131 912 1190; x_wconf 87' lang='lat' dir='ltr'><strong><em>ad</em></strong></span> <span class='ocrx_word' id='word_1_67' title='bbox 936 1131 1084 1192; x_wconf 83' lang='lat' dir='ltr'><strong><em>undecim</em></strong></span> <span class='ocrx_word' id='word_1_68' title='bbox 1110 1134 1193 1196; x_wconf 81' lang='lat' dir='ltr'><strong><em>vires</em></strong></span> 
     </span>
     <span class='ocr_line' id='line_1_10' title="bbox 82 1229 1198 1306; baseline 0.001 -11"><span class='ocrx_word' id='word_1_69' title='bbox 82 1252 120 1295; x_wconf 88' lang='lat' dir='ltr'><strong><em>se</em></strong></span> <span class='ocrx_word' id='word_1_70' title='bbox 140 1235 209 1295; x_wconf 81' lang='lat' dir='ltr'><strong><em>sire</em></strong></span> <span class='ocrx_word' id='word_1_71' title='bbox 230 1233 270 1294; x_wconf 87' lang='lat' dir='ltr'><strong><em>sd</em></strong></span> <span class='ocrx_word' id='word_1_72' title='bbox 291 1252 320 1296; x_wconf 90' lang='lat' dir='ltr'><strong><em>c.</em></strong></span> <span class='ocrx_word' id='word_1_73' title='bbox 346 1229 382 1294; x_wconf 91' lang='lat' dir='ltr'><strong><em>V.</em></strong></span> <span class='ocrx_word' id='word_1_74' title='bbox 405 1233 474 1293; x_wconf 87' lang='lat' dir='ltr'><strong><em>sive</em></strong></span> <span class='ocrx_word' id='word_1_75' title='bbox 494 1231 533 1291; x_wconf 90' lang='lat' dir='ltr'><strong><em>ad</em></strong></span> <span class='ocrx_word' id='word_1_76' title='bbox 556 1250 584 1294; x_wconf 93' lang='lat' dir='ltr'><strong><em>c.</em></strong></span> <span class='ocrx_word' id='word_1_77' title='bbox 606 1229 694 1293; x_wconf 82' lang='lat' dir='ltr'><strong><em>XlX.</em></strong></span> <span class='ocrx_word' id='word_1_78' title='bbox 718 1232 926 1306; x_wconf 80' lang='lat' dir='ltr'><strong><em>referentem,</em></strong></span> <span class='ocrx_word' id='word_1_79' title='bbox 948 1233 1059 1295; x_wconf 88' lang='lat' dir='ltr'><strong><em>cadem</em></strong></span> <span class='ocrx_word' id='word_1_80' title='bbox 1082 1236 1198 1296; x_wconf 75' lang='lat' dir='ltr'><strong><em>citasse</em></strong></span> 
     </span>
     <span class='ocr_line' id='line_1_11' title="bbox 80 1330 1193 1413; baseline -0.004 -14"><span class='ocrx_word' id='word_1_81' title='bbox 80 1346 115 1400; x_wconf 89' lang='lat' dir='ltr'><strong><em>et</em></strong></span> <span class='ocrx_word' id='word_1_82' title='bbox 134 1336 315 1399; x_wconf 83' lang='lat' dir='ltr'><strong><em>excussisse</em></strong></span> <span class='ocrx_word' id='word_1_83' title='bbox 332 1333 451 1397; x_wconf 86' lang='lat' dir='ltr'><strong><em>verha:</em></strong></span> <span class='ocrx_word' id='word_1_84' title='bbox 470 1332 547 1413; x_wconf 86' lang='lat' dir='ltr'><strong><em>quio</em></strong></span> <span class='ocrx_word' id='word_1_85' title='bbox 568 1330 683 1406; x_wconf 88' lang='lat' dir='ltr'><strong><em>omnis,</em></strong></span> <span class='ocrx_word' id='word_1_86' title='bbox 698 1332 754 1412; x_wconf 88' lang='lat' dir='ltr'><strong><em>qui</em></strong></span> <span class='ocrx_word' id='word_1_87' title='bbox 767 1331 926 1395; x_wconf 70' lang='lat' dir='ltr'><strong><em>dimiserit</em></strong></span> <span class='ocrx_word' id='word_1_88' title='bbox 938 1352 1068 1396; x_wconf 77' lang='lat' dir='ltr'><strong><em>uxorem</em></strong></span> <span class='ocrx_word' id='word_1_89' title='bbox 1089 1354 1193 1411; x_wconf 86' lang='lat' dir='ltr'><strong><em>suum,</em></strong></span> 
     </span>
     <span class='ocr_line' id='line_1_12' title="bbox 78 1432 1195 1519; baseline -0.002 -19"><span class='ocrx_word' id='word_1_90' title='bbox 78 1445 210 1519; x_wconf 75' lang='lat' dir='ltr'><strong><em>eccepto</em></strong></span> <span class='ocrx_word' id='word_1_91' title='bbox 229 1433 457 1517; x_wconf 73' lang='lat' dir='ltr'><strong><em>fornicationis</em></strong></span> <span class='ocrx_word' id='word_1_92' title='bbox 478 1453 588 1509; x_wconf 86' lang='lat' dir='ltr'><strong><em>causo,</em></strong></span> <span class='ocrx_word' id='word_1_93' title='bbox 610 1432 692 1514; x_wconf 76' lang='lat' dir='ltr'><strong><em>[neit</em></strong></span> <span class='ocrx_word' id='word_1_94' title='bbox 713 1433 966 1496; x_wconf 78' lang='lat' dir='ltr'><strong><em>eum&#39;moecliuri.</em></strong></span> <span class='ocrx_word' id='word_1_95' title='bbox 992 1434 1063 1498; x_wconf 87' lang='lat' dir='ltr'><strong><em>Hoc</em></strong></span> <span class='ocrx_word' id='word_1_96' title='bbox 1085 1447 1195 1498; x_wconf 80' lang='lat' dir='ltr'><strong><em>autem</em></strong></span> 
     </span>
     <span class='ocr_line' id='line_1_13' title="bbox 83 1534 1195 1621; baseline -0.004 -18"><span class='ocrx_word' id='word_1_97' title='bbox 83 1534 337 1621; x_wconf 82' lang='lat' dir='ltr'><strong><em>potissimum&#39;in</em></strong></span> <span class='ocrx_word' id='word_1_98' title='bbox 360 1538 515 1603; x_wconf 82' lang='lat' dir='ltr'><strong><em>Sermone</em></strong></span> <span class='ocrx_word' id='word_1_99' title='bbox 539 1535 582 1598; x_wconf 83' lang='lat' dir='ltr'><strong><em>De</em></strong></span> <span class='ocrx_word' id='word_1_100' title='bbox 601 1536 705 1598; x_wconf 81' lang='lat' dir='ltr'><strong><em>libello</em></strong></span> <span class='ocrx_word' id='word_1_101' title='bbox 725 1535 851 1614; x_wconf 81' lang='lat' dir='ltr'><strong><em>repudii</em></strong></span> <span class='ocrx_word' id='word_1_102' title='bbox 873 1539 1054 1601; x_wconf 89' lang='lat' dir='ltr'><strong><em>mirandum</em></strong></span> <span class='ocrx_word' id='word_1_103' title='bbox 1078 1549 1195 1615; x_wconf 81' lang='lat' dir='ltr'><strong><em>extat,</em></strong></span> 
     </span>
     <span class='ocr_line' id='line_1_14' title="bbox 81 1636 1197 1718; baseline -0.001 -15"><span class='ocrx_word' id='word_1_104' title='bbox 81 1641 138 1704; x_wconf 89' lang='lat' dir='ltr'><strong><em>uhi</em></strong></span> <span class='ocrx_word' id='word_1_105' title='bbox 159 1659 185 1703; x_wconf 88' lang='lat' dir='ltr'><strong><em>s.</em></strong></span> <span class='ocrx_word' id='word_1_106' title='bbox 205 1636 382 1718; x_wconf 76' lang='lat' dir='ltr'><strong><em>Episcopus</em></strong></span> <span class='ocrx_word' id='word_1_107' title='bbox 405 1649 491 1700; x_wconf 89' lang='lat' dir='ltr'><strong><em>totus</em></strong></span> <span class='ocrx_word' id='word_1_108' title='bbox 514 1640 544 1698; x_wconf 91' lang='lat' dir='ltr'><strong><em>in</em></strong></span> <span class='ocrx_word' id='word_1_109' title='bbox 565 1655 604 1699; x_wconf 90' lang='lat' dir='ltr'><strong><em>eo</em></strong></span> <span class='ocrx_word' id='word_1_110' title='bbox 624 1647 671 1699; x_wconf 89' lang='lat' dir='ltr'><strong><em>est</em></strong></span> <span class='ocrx_word' id='word_1_111' title='bbox 695 1648 728 1699; x_wconf 91' lang='lat' dir='ltr'><strong><em>ut</em></strong></span> <span class='ocrx_word' id='word_1_112' title='bbox 751 1639 935 1717; x_wconf 80' lang='lat' dir='ltr'><strong><em>evangelica</em></strong></span> <span class='ocrx_word' id='word_1_113' title='bbox 953 1641 1049 1702; x_wconf 85' lang='lat' dir='ltr'><strong><em>scrha</em></strong></span> <span class='ocrx_word' id='word_1_114' title='bbox 1073 1640 1112 1700; x_wconf 88' lang='lat' dir='ltr'><strong><em>de</em></strong></span> <span class='ocrx_word' id='word_1_115' title='bbox 1136 1642 1197 1702; x_wconf 88' lang='lat' dir='ltr'><strong><em>hac</em></strong></span> 
     </span>
     <span class='ocr_line' id='line_1_15' title="bbox 78 1739 1199 1824; baseline -0.002 -19"><span class='ocrx_word' id='word_1_116' title='bbox 78 1743 403 1824; x_wconf 76' lang='lat' dir='ltr'><strong><em>quaestiunculam,</em></strong></span> <span class='ocrx_word' id='word_1_117' title='bbox 426 1740 568 1802; x_wconf 87' lang='lat' dir='ltr'><strong><em>studiose</em></strong></span> <span class='ocrx_word' id='word_1_118' title='bbox 585 1739 833 1820; x_wconf 77' lang='lat' dir='ltr'><strong><em>interpretetur,</em></strong></span> <span class='ocrx_word' id='word_1_119' title='bbox 857 1741 1017 1819; x_wconf 80' lang='lat' dir='ltr'><strong><em>expediat.</em></strong></span> <span class='ocrx_word' id='word_1_120' title='bbox 1043 1742 1199 1804; x_wconf 67' lang='lat' dir='ltr'><strong><em>Attamen*</em></strong></span> 
     </span>
     <span class='ocr_line' id='line_1_16' title="bbox 79 1841 1195 1923; baseline -0.004 -17"><span class='ocrx_word' id='word_1_121' title='bbox 79 1863 154 1906; x_wconf 90' lang='lat' dir='ltr'><strong><em>cum</em></strong></span> <span class='ocrx_word' id='word_1_122' title='bbox 177 1851 229 1905; x_wconf 89' lang='lat' dir='ltr'><strong><em>ter</em></strong></span> <span class='ocrx_word' id='word_1_123' title='bbox 250 1842 311 1904; x_wconf 93' lang='lat' dir='ltr'><strong><em>hoo</em></strong></span> <span class='ocrx_word' id='word_1_124' title='bbox 346 1842 510 1912; x_wconf 87' lang='lat' dir='ltr'><strong><em>ultimum,</em></strong></span> <span class='ocrx_word' id='word_1_125' title='bbox 537 1841 636 1902; x_wconf 84' lang='lat' dir='ltr'><strong><em>veluti</em></strong></span> <span class='ocrx_word' id='word_1_126' title='bbox 661 1844 823 1920; x_wconf 86' lang='lat' dir='ltr'><strong><em>praemisi,</em></strong></span> <span class='ocrx_word' id='word_1_127' title='bbox 847 1861 971 1904; x_wconf 90' lang='lat' dir='ltr'><strong><em>comma</em></strong></span> <span class='ocrx_word' id='word_1_128' title='bbox 995 1846 1195 1923; x_wconf 81' lang='lat' dir='ltr'><strong><em>exposuerit,</em></strong></span> 
     </span>
    </p>
   </div>
   <div class='ocr_carea' id='block_1_3' title="bbox 82 1943 1281 2353">
    <p class='ocr_par' dir='ltr' id='par_1_3' title="bbox 82 1943 1281 2353">
     <span class='ocr_line' id='line_1_17' title="bbox 83 1943 1195 2023; baseline 0.001 -16"><span class='ocrx_word' id='word_1_129' title='bbox 83 1947 226 2010; x_wconf 81' lang='lat' dir='ltr'><strong><em>alterum</em></strong></span> <span class='ocrx_word' id='word_1_130' title='bbox 248 1945 429 2023; x_wconf 84' lang='lat' dir='ltr'><strong><em>etquidem</em></strong></span> <span class='ocrx_word' id='word_1_131' title='bbox 455 1943 610 2023; x_wconf 86' lang='lat' dir='ltr'><strong><em>majorem</em></strong></span> <span class='ocrx_word' id='word_1_132' title='bbox 631 1943 776 2021; x_wconf 74' lang='lat' dir='ltr'><strong><em>ingerens</em></strong></span> <span class='ocrx_word' id='word_1_133' title='bbox 793 1943 1026 2021; x_wconf 87' lang='lat' dir='ltr'><strong><em>difficultatem,</em></strong></span> <span class='ocrx_word' id='word_1_134' title='bbox 1044 1947 1195 2009; x_wconf 91' lang='lat' dir='ltr'><strong><em>nullimo-</em></strong></span> 
     </span>
     <span class='ocr_line' id='line_1_18' title="bbox 82 2046 1194 2124; baseline -0.002 -14"><span class='ocrx_word' id='word_1_135' title='bbox 82 2052 121 2112; x_wconf 88' lang='lat' dir='ltr'><strong><em>de</em></strong></span> <span class='ocrx_word' id='word_1_136' title='bbox 143 2050 372 2113; x_wconf 84' lang='lat' dir='ltr'><strong><em>consideraril.</em></strong></span> <span class='ocrx_word' id='word_1_137' title='bbox 401 2047 534 2122; x_wconf 85' lang='lat' dir='ltr'><strong><em>insuper</em></strong></span> <span class='ocrx_word' id='word_1_138' title='bbox 555 2064 594 2106; x_wconf 88' lang='lat' dir='ltr'><strong><em>ex</em></strong></span> <span class='ocrx_word' id='word_1_139' title='bbox 618 2046 772 2124; x_wconf 85' lang='lat' dir='ltr'><strong><em>praelatis</em></strong></span> <span class='ocrx_word' id='word_1_140' title='bbox 803 2049 1009 2110; x_wconf 82' lang='lat' dir='ltr'><strong><em>citationibus</em></strong></span> <span class='ocrx_word' id='word_1_141' title='bbox 1041 2052 1194 2123; x_wconf 87' lang='lat' dir='ltr'><strong><em>eruitur,</em></strong></span> 
     </span>
     <span class='ocr_line' id='line_1_19' title="bbox 82 2147 1281 2236; baseline -0.003 -21"><span class='ocrx_word' id='word_1_142' title='bbox 82 2150 352 2236; x_wconf 74' lang='lat' dir='ltr'><strong><em>chrysostomum</em></strong></span> <span class='ocrx_word' id='word_1_143' title='bbox 368 2165 532 2225; x_wconf 83' lang='lat' dir='ltr'><strong><em>nonquam</em></strong></span> <span class='ocrx_word' id='word_1_144' title='bbox 550 2147 663 2228; x_wconf 80' lang='lat' dir='ltr'><strong><em>legisse</em></strong></span> <span class='ocrx_word' id='word_1_145' title='bbox 679 2149 710 2210; x_wconf 92' lang='lat' dir='ltr'><strong><em>in</em></strong></span> <span class='ocrx_word' id='word_1_146' title='bbox 725 2156 883 2212; x_wconf 87' lang='lat' dir='ltr'><strong><em>commate</em></strong></span> <span class='ocrx_word' id='word_1_147' title='bbox 897 2148 927 2215; x_wconf 81' lang='lat' dir='ltr'><strong><em>tl.</em></strong></span> <span class='ocrx_word' id='word_1_148' title='bbox 946 2151 1043 2230; x_wconf 74' lang='lat' dir='ltr'><strong><em>huius</em></strong></span> <span class='ocrx_word' id='word_1_149' title='bbox 1060 2168 1087 2212; x_wconf 90' lang='lat' dir='ltr'><strong><em>c.</em></strong></span> <span class='ocrx_word' id='word_1_150' title='bbox 1105 2147 1194 2212; x_wconf 85' lang='lat' dir='ltr'><strong><em>XlX.</em></strong></span> <span class='ocrx_word' id='word_1_151' title='bbox 1278 2217 1281 2222; x_wconf 63' lang='grc'><em>,</em></span> 
     </span>
     <span class='ocr_line' id='line_1_20' title="bbox 82 2240 1197 2353; baseline -0.004 -37"><span class='ocrx_word' id='word_1_152' title='bbox 82 2270 234 2332; x_wconf 76' lang='lat' dir='ltr'><strong><em>graecam</em></strong></span> <span class='ocrx_word' id='word_1_153' title='bbox 256 2251 454 2314; x_wconf 86' lang='lat' dir='ltr'><strong><em>locutionem</em></strong></span> <span class='ocrx_word' id='word_1_154' title='bbox 477 2240 526 2338; x_wconf 75' lang='lat' dir='ltr'><strong><em>pai</em></strong></span> <span class='ocrx_word' id='word_1_155' title='bbox 550 2244 603 2316; x_wconf 80' lang='lat' dir='ltr'><strong><em>ini</em></strong></span> <span class='ocrx_word' id='word_1_156' title='bbox 627 2249 755 2353; x_wconf 72' lang='grc' dir='ltr'><strong>πορνείᾳ</strong></span> <span class='ocrx_word' id='word_1_157' title='bbox 787 2256 853 2313; x_wconf 86' lang='lat' dir='ltr'><strong><em>non</em></strong></span> <span class='ocrx_word' id='word_1_158' title='bbox 886 2251 922 2313; x_wconf 88' lang='lat' dir='ltr'><strong><em>oh</em></strong></span> <span class='ocrx_word' id='word_1_159' title='bbox 956 2251 1197 2332; x_wconf 69' lang='lat' dir='ltr'><strong><em>fornicationem</em></strong></span> 
     </span>
    </p>
   </div>
   <div class='ocr_carea' id='block_1_4' title="bbox 75 2351 1204 4267">
    <p class='ocr_par' dir='ltr' id='par_1_4' title="bbox 78 2351 1192 2523">
     <span class='ocr_line' id='line_1_21' title="bbox 80 2351 1192 2434; baseline 0.002 -19"><span class='ocrx_word' id='word_1_160' title='bbox 80 2356 202 2434; x_wconf 84' lang='lat' dir='ltr'><strong><em>quippe</em></strong></span> <span class='ocrx_word' id='word_1_161' title='bbox 224 2361 300 2415; x_wconf 82' lang='lat' dir='ltr'><strong><em>turio</em></strong></span> <span class='ocrx_word' id='word_1_162' title='bbox 320 2351 457 2415; x_wconf 82' lang='lat' dir='ltr'><strong><em>alienam</em></strong></span> <span class='ocrx_word' id='word_1_163' title='bbox 481 2363 513 2417; x_wconf 92' lang='lat' dir='ltr'><strong><em>et</em></strong></span> <span class='ocrx_word' id='word_1_164' title='bbox 542 2356 582 2417; x_wconf 87' lang='lat' dir='ltr'><strong><em>ah</em></strong></span> <span class='ocrx_word' id='word_1_165' title='bbox 612 2358 674 2419; x_wconf 89' lang='lat' dir='ltr'><strong><em>hoe</em></strong></span> <span class='ocrx_word' id='word_1_166' title='bbox 704 2356 866 2419; x_wconf 85' lang='lat' dir='ltr'><strong><em>versiculo</em></strong></span> <span class='ocrx_word' id='word_1_167' title='bbox 893 2354 988 2418; x_wconf 88' lang='lat' dir='ltr'><strong><em>sicuti</em></strong></span> <span class='ocrx_word' id='word_1_168' title='bbox 1017 2354 1057 2414; x_wconf 87' lang='lat' dir='ltr'><strong><em>ah</em></strong></span> <span class='ocrx_word' id='word_1_169' title='bbox 1086 2353 1192 2417; x_wconf 84' lang='lat' dir='ltr'><strong><em>altero</em></strong></span> 
     </span>
     <span class='ocr_line' id='line_1_22' title="bbox 78 2451 246 2523; baseline -0.024 -5"><span class='ocrx_word' id='word_1_170' title='bbox 78 2453 131 2523; x_wconf 62' lang='lat'><strong><em>32·</em></strong></span> <span class='ocrx_word' id='word_1_171' title='bbox 154 2473 184 2517; x_wconf 74' lang='lat' dir='ltr'><strong><em>lla</em></strong></span> <span class='ocrx_word' id='word_1_172' title='bbox 208 2451 246 2515; x_wconf 79' lang='lat' dir='ltr'><strong><em>v·</em></strong></span> 
     </span>
    </p>

    <p class='ocr_par' dir='ltr' id='par_1_5' title="bbox 75 2555 1204 4267">
     <span class='ocr_line' id='line_1_23' title="bbox 165 2555 1196 2640; baseline 0.003 -21"><span class='ocrx_word' id='word_1_173' title='bbox 165 2555 415 2621; x_wconf 72' lang='lat' dir='ltr'><strong><em>Similiter‘hiuc</em></strong></span> <span class='ocrx_word' id='word_1_174' title='bbox 437 2578 570 2639; x_wconf 87' lang='lat' dir='ltr'><strong><em>quoque</em></strong></span> <span class='ocrx_word' id='word_1_175' title='bbox 592 2560 829 2640; x_wconf 86' lang='lat' dir='ltr'><strong><em>conjiciendum</em></strong></span> <span class='ocrx_word' id='word_1_176' title='bbox 853 2558 992 2630; x_wconf 85' lang='lat' dir='ltr'><strong><em>videtur,</em></strong></span> <span class='ocrx_word' id='word_1_177' title='bbox 1015 2578 1040 2620; x_wconf 91' lang='lat' dir='ltr'><strong><em>s.</em></strong></span> <span class='ocrx_word' id='word_1_178' title='bbox 1064 2556 1196 2639; x_wconf 84' lang='lat' dir='ltr'><strong><em>Episco·</em></strong></span> 
     </span>
     <span class='ocr_line' id='line_1_24' title="bbox 82 2658 1198 2743; baseline -0.001 -19"><span class='ocrx_word' id='word_1_179' title='bbox 82 2676 176 2739; x_wconf 80' lang='lat' dir='ltr'><strong><em>pum,</em></strong></span> <span class='ocrx_word' id='word_1_180' title='bbox 199 2658 338 2719; x_wconf 86' lang='lat' dir='ltr'><strong><em>altorum</em></strong></span> <span class='ocrx_word' id='word_1_181' title='bbox 362 2660 601 2724; x_wconf 85' lang='lat' dir='ltr'><strong><em>hemistichium</em></strong></span> <span class='ocrx_word' id='word_1_182' title='bbox 623 2679 650 2724; x_wconf 88' lang='lat' dir='ltr'><strong><em>c.</em></strong></span> <span class='ocrx_word' id='word_1_183' title='bbox 675 2660 713 2726; x_wconf 86' lang='lat' dir='ltr'><strong><em>V.</em></strong></span> <span class='ocrx_word' id='word_1_184' title='bbox 729 2660 782 2727; x_wconf 78' lang='lat'><strong><em>32.</em></strong></span> <span class='ocrx_word' id='word_1_185' title='bbox 797 2669 830 2724; x_wconf 89' lang='lat' dir='ltr'><strong><em>et</em></strong></span> <span class='ocrx_word' id='word_1_186' title='bbox 842 2680 871 2724; x_wconf 92' lang='lat' dir='ltr'><strong><em>c.</em></strong></span> <span class='ocrx_word' id='word_1_187' title='bbox 888 2659 975 2725; x_wconf 83' lang='lat' dir='ltr'><strong><em>xlx.</em></strong></span> <span class='ocrx_word' id='word_1_188' title='bbox 990 2660 1022 2728; x_wconf 78' lang='grc'><strong><em>9.</em></strong></span> <span class='ocrx_word' id='word_1_189' title='bbox 1038 2671 1067 2723; x_wconf 88' lang='lat' dir='ltr'><strong><em>et</em></strong></span> <span class='ocrx_word' id='word_1_190' title='bbox 1081 2659 1136 2743; x_wconf 90' lang='lat' dir='ltr'><strong><em>qui</em></strong></span> <span class='ocrx_word' id='word_1_191' title='bbox 1150 2660 1198 2723; x_wconf 89' lang='lat' dir='ltr'><strong><em>di·</em></strong></span> 
     </span>
     <span class='ocr_line' id='line_1_25' title="bbox 79 2756 1196 2841; baseline 0 -17"><span class='ocrx_word' id='word_1_192' title='bbox 79 2759 212 2825; x_wconf 82' lang='lat' dir='ltr'><strong><em>missam</em></strong></span> <span class='ocrx_word' id='word_1_193' title='bbox 231 2756 371 2831; x_wconf 78' lang='lat' dir='ltr'><strong><em>duxerit,</em></strong></span> <span class='ocrx_word' id='word_1_194' title='bbox 392 2761 596 2834; x_wconf 85' lang='lat' dir='ltr'><strong><em>moechatur,</em></strong></span> <span class='ocrx_word' id='word_1_195' title='bbox 618 2781 682 2825; x_wconf 88' lang='lat' dir='ltr'><strong><em>nou</em></strong></span> <span class='ocrx_word' id='word_1_196' title='bbox 703 2762 922 2825; x_wconf 81' lang='lat' dir='ltr'><strong><em>considerasse</em></strong></span> <span class='ocrx_word' id='word_1_197' title='bbox 945 2762 992 2824; x_wconf 90' lang='lat' dir='ltr'><strong><em>uti</em></strong></span> <span class='ocrx_word' id='word_1_198' title='bbox 1015 2765 1196 2841; x_wconf 82' lang='lat' dir='ltr'><strong><em>portionem</em></strong></span> 
     </span>
     <span class='ocr_line' id='line_1_26' title="bbox 78 2861 1199 2944; baseline -0.002 -17"><span class='ocrx_word' id='word_1_199' title='bbox 78 2864 295 2928; x_wconf 81' lang='lat' dir='ltr'><strong><em>successivam</em></strong></span> <span class='ocrx_word' id='word_1_200' title='bbox 319 2861 417 2942; x_wconf 87' lang='lat' dir='ltr'><strong><em>hujus</em></strong></span> <span class='ocrx_word' id='word_1_201' title='bbox 436 2864 604 2926; x_wconf 85' lang='lat' dir='ltr'><strong><em>versiculi:</em></strong></span> <span class='ocrx_word' id='word_1_202' title='bbox 621 2861 811 2944; x_wconf 82' lang='lat' dir='ltr'><strong><em>quicumque</em></strong></span> <span class='ocrx_word' id='word_1_203' title='bbox 831 2861 988 2924; x_wconf 83' lang='lat' dir='ltr'><strong><em>dimiserit</em></strong></span> <span class='ocrx_word' id='word_1_204' title='bbox 1009 2864 1141 2926; x_wconf 76' lang='lat' dir='ltr'><strong><em>closed</em></strong></span> <span class='ocrx_word' id='word_1_205' title='bbox 1165 2881 1199 2925; x_wconf 89' lang='lat' dir='ltr'><strong><em>a·</em></strong></span> 
     </span>
     <span class='ocr_line' id='line_1_27' title="bbox 80 2963 1197 3040; baseline -0.003 -13"><span class='ocrx_word' id='word_1_206' title='bbox 80 2963 195 3027; x_wconf 89' lang='lat' dir='ltr'><strong><em>linude</em></strong></span> <span class='ocrx_word' id='word_1_207' title='bbox 216 2964 296 3026; x_wconf 87' lang='lat' dir='ltr'><strong><em>haec</em></strong></span> <span class='ocrx_word' id='word_1_208' title='bbox 319 2965 415 3026; x_wconf 83' lang='lat' dir='ltr'><strong><em>recha</em></strong></span> <span class='ocrx_word' id='word_1_209' title='bbox 439 2965 469 3025; x_wconf 91' lang='lat' dir='ltr'><strong><em>in</em></strong></span> <span class='ocrx_word' id='word_1_210' title='bbox 490 2983 586 3028; x_wconf 89' lang='lat' dir='ltr'><strong><em>snum</em></strong></span> <span class='ocrx_word' id='word_1_211' title='bbox 608 2983 790 3028; x_wconf 88' lang='lat' dir='ltr'><strong><em>sermonem</em></strong></span> <span class='ocrx_word' id='word_1_212' title='bbox 822 2964 1026 3039; x_wconf 81' lang='lat' dir='ltr'><strong><em>traduxisse,</em></strong></span> <span class='ocrx_word' id='word_1_213' title='bbox 1051 2964 1133 3026; x_wconf 89' lang='lat' dir='ltr'><strong><em>idest</em></strong></span> <span class='ocrx_word' id='word_1_214' title='bbox 1155 2983 1197 3040; x_wconf 82' lang='lat' dir='ltr'><strong><em>ex</em></strong></span> 
     </span>
     <span class='ocr_line' id='line_1_28' title="bbox 80 3061 1198 3147; baseline -0.004 -18"><span class='ocrx_word' id='word_1_215' title='bbox 80 3065 192 3129; x_wconf 65' lang='lat' dir='ltr'><strong><em>leucae</em></strong></span> <span class='ocrx_word' id='word_1_216' title='bbox 207 3085 235 3130; x_wconf 89' lang='lat' dir='ltr'><strong><em>e.</em></strong></span> <span class='ocrx_word' id='word_1_217' title='bbox 252 3063 337 3130; x_wconf 83' lang='lat' dir='ltr'><strong><em>XVl.</em></strong></span> <span class='ocrx_word' id='word_1_218' title='bbox 356 3061 407 3130; x_wconf 79' lang='lat'><strong><em>18.</em></strong></span> <span class='ocrx_word' id='word_1_219' title='bbox 427 3064 551 3144; x_wconf 88' lang='lat' dir='ltr'><strong><em>Omnis,</em></strong></span> <span class='ocrx_word' id='word_1_220' title='bbox 567 3066 626 3147; x_wconf 86' lang='lat' dir='ltr'><strong><em>qni</em></strong></span> <span class='ocrx_word' id='word_1_221' title='bbox 646 3064 780 3129; x_wconf 88' lang='lat' dir='ltr'><strong><em>dimittit</em></strong></span> <span class='ocrx_word' id='word_1_222' title='bbox 799 3083 932 3128; x_wconf 77' lang='lat' dir='ltr'><strong><em>umorem</em></strong></span> <span class='ocrx_word' id='word_1_223' title='bbox 952 3083 1057 3136; x_wconf 88' lang='lat' dir='ltr'><strong><em>suum,</em></strong></span> <span class='ocrx_word' id='word_1_224' title='bbox 1072 3075 1101 3126; x_wconf 88' lang='lat' dir='ltr'><strong><em>et</em></strong></span> <span class='ocrx_word' id='word_1_225' title='bbox 1120 3066 1198 3128; x_wconf 86' lang='lat' dir='ltr'><strong><em>otte·</em></strong></span> 
     </span>
     <span class='ocr_line' id='line_1_29' title="bbox 79 3164 1198 3248; baseline -0.004 -18"><span class='ocrx_word' id='word_1_226' title='bbox 79 3187 153 3231; x_wconf 83' lang='lat' dir='ltr'><strong><em>rom</em></strong></span> <span class='ocrx_word' id='word_1_227' title='bbox 173 3166 283 3242; x_wconf 82' lang='lat' dir='ltr'><strong><em>ducit,</em></strong></span> <span class='ocrx_word' id='word_1_228' title='bbox 306 3167 504 3230; x_wconf 80' lang='lat' dir='ltr'><strong><em>moechetur:</em></strong></span> <span class='ocrx_word' id='word_1_229' title='bbox 528 3167 632 3248; x_wconf 87' lang='lat' dir='ltr'><strong><em>etqui</em></strong></span> <span class='ocrx_word' id='word_1_230' title='bbox 651 3167 815 3232; x_wconf 85' lang='lat' dir='ltr'><strong><em>dimissum</em></strong></span> <span class='ocrx_word' id='word_1_231' title='bbox 836 3188 856 3231; x_wconf 88' lang='lat' dir='ltr'><strong><em>u</em></strong></span> <span class='ocrx_word' id='word_1_232' title='bbox 876 3165 944 3229; x_wconf 87' lang='lat' dir='ltr'><strong><em>uiro</em></strong></span> <span class='ocrx_word' id='word_1_233' title='bbox 975 3164 1087 3241; x_wconf 83' lang='lat' dir='ltr'><strong><em>ducit,</em></strong></span> <span class='ocrx_word' id='word_1_234' title='bbox 1117 3183 1198 3227; x_wconf 89' lang='lat' dir='ltr'><strong><em>moe-</em></strong></span> 
     </span>
     <span class='ocr_line' id='line_1_30' title="bbox 81 3268 1199 3351; baseline -0.003 -18"><span class='ocrx_word' id='word_1_235' title='bbox 81 3271 335 3345; x_wconf 64' lang='lat' dir='ltr'><strong><em>centimalus</em></strong></span> <span class='ocrx_word' id='word_1_236' title='bbox 358 3271 498 3348; x_wconf 86' lang='lat' dir='ltr'><strong><em>amplius</em></strong></span> <span class='ocrx_word' id='word_1_237' title='bbox 521 3270 667 3333; x_wconf 84' lang='lat' dir='ltr'><strong><em>firmaret</em></strong></span> <span class='ocrx_word' id='word_1_238' title='bbox 689 3279 916 3351; x_wconf 84' lang='lat' dir='ltr'><strong><em>argumentum</em></strong></span> <span class='ocrx_word' id='word_1_239' title='bbox 941 3288 1036 3333; x_wconf 91' lang='lat' dir='ltr'><strong><em>suum</em></strong></span> <span class='ocrx_word' id='word_1_240' title='bbox 1059 3268 1100 3332; x_wconf 87' lang='lat' dir='ltr'><strong><em>de</em></strong></span> <span class='ocrx_word' id='word_1_241' title='bbox 1121 3287 1199 3330; x_wconf 88' lang='lat' dir='ltr'><strong><em>con·</em></strong></span> 
     </span>
     <span class='ocr_line' id='line_1_31' title="bbox 77 3368 1199 3454; baseline 0.002 -25"><span class='ocrx_word' id='word_1_242' title='bbox 77 3373 163 3454; x_wconf 70' lang='lat' dir='ltr'><strong><em>jugii</em></strong></span> <span class='ocrx_word' id='word_1_243' title='bbox 186 3373 349 3434; x_wconf 89' lang='lat' dir='ltr'><strong><em>christiani</em></strong></span> <span class='ocrx_word' id='word_1_244' title='bbox 372 3372 613 3436; x_wconf 85' lang='lat' dir='ltr'><strong><em>insolubilitate.</em></strong></span> <span class='ocrx_word' id='word_1_245' title='bbox 635 3372 788 3437; x_wconf 84' lang='lat' dir='ltr'><strong><em>Ceterum</em></strong></span> <span class='ocrx_word' id='word_1_246' title='bbox 810 3375 835 3434; x_wconf 87' lang='lat' dir='ltr'><strong><em>si</em></strong></span> <span class='ocrx_word' id='word_1_247' title='bbox 855 3372 933 3435; x_wconf 91' lang='lat' dir='ltr'><strong><em>haec</em></strong></span> <span class='ocrx_word' id='word_1_248' title='bbox 950 3372 1047 3434; x_wconf 86' lang='lat' dir='ltr'><strong><em>verba</em></strong></span> <span class='ocrx_word' id='word_1_249' title='bbox 1070 3370 1128 3450; x_wconf 86' lang='lat' dir='ltr'><strong><em>qui</em></strong></span> <span class='ocrx_word' id='word_1_250' title='bbox 1149 3368 1199 3432; x_wconf 92' lang='lat' dir='ltr'><strong><em>di·</em></strong></span> 
     </span>
     <span class='ocr_line' id='line_1_32' title="bbox 82 3451 1198 3553; baseline -0.001 -18"><span class='ocrx_word' id='word_1_251' title='bbox 82 3472 217 3535; x_wconf 86' lang='lat' dir='ltr'><strong><em>miesom</em></strong></span> <span class='ocrx_word' id='word_1_252' title='bbox 235 3494 255 3535; x_wconf 87' lang='lat' dir='ltr'><strong><em>a</em></strong></span> <span class='ocrx_word' id='word_1_253' title='bbox 276 3472 345 3534; x_wconf 84' lang='lat' dir='ltr'><strong><em>uiro</em></strong></span> <span class='ocrx_word' id='word_1_254' title='bbox 365 3472 468 3548; x_wconf 79' lang='lat' dir='ltr'><strong><em>discit,</em></strong></span> <span class='ocrx_word' id='word_1_255' title='bbox 489 3451 681 3549; x_wconf 71' lang='lat' dir='ltr'><strong><em>moechentur,</em></strong></span> <span class='ocrx_word' id='word_1_256' title='bbox 705 3484 828 3553; x_wconf 84' lang='lat' dir='ltr'><strong><em>partem</em></strong></span> <span class='ocrx_word' id='word_1_257' title='bbox 854 3473 1017 3551; x_wconf 62' lang='lat' dir='ltr'><strong><em>Eirangelii</em></strong></span> <span class='ocrx_word' id='word_1_258' title='bbox 1040 3471 1198 3535; x_wconf 83' lang='lat' dir='ltr'><strong><em>Matthaei</em></strong></span> 
     </span>
     <span class='ocr_line' id='line_1_33' title="bbox 82 3574 1197 3655; baseline -0.003 -17"><span class='ocrx_word' id='word_1_259' title='bbox 82 3575 336 3650; x_wconf 85' lang='lat' dir='ltr'><strong><em>considerasset,</em></strong></span> <span class='ocrx_word' id='word_1_260' title='bbox 361 3578 391 3637; x_wconf 91' lang='lat' dir='ltr'><strong><em>in</em></strong></span> <span class='ocrx_word' id='word_1_261' title='bbox 415 3576 462 3638; x_wconf 92' lang='lat' dir='ltr'><strong><em>his</em></strong></span> <span class='ocrx_word' id='word_1_262' title='bbox 485 3576 638 3650; x_wconf 88' lang='lat' dir='ltr'><strong><em>citandis,</em></strong></span> <span class='ocrx_word' id='word_1_263' title='bbox 661 3578 822 3655; x_wconf 84' lang='lat' dir='ltr'><strong><em>integrum</em></strong></span> <span class='ocrx_word' id='word_1_264' title='bbox 845 3576 927 3635; x_wconf 90' lang='lat' dir='ltr'><strong><em>illud</em></strong></span> <span class='ocrx_word' id='word_1_265' title='bbox 950 3576 1072 3650; x_wconf 85' lang='lat' dir='ltr'><strong><em>scripto</em></strong></span> <span class='ocrx_word' id='word_1_266' title='bbox 1093 3574 1197 3636; x_wconf 90' lang='lat' dir='ltr'><strong><em>dedis·</em></strong></span> 
     </span>
     <span class='ocr_line' id='line_1_34' title="bbox 83 3679 1198 3757; baseline -0.002 -18"><span class='ocrx_word' id='word_1_267' title='bbox 83 3685 135 3740; x_wconf 90' lang='lat' dir='ltr'><strong><em>set</em></strong></span> <span class='ocrx_word' id='word_1_268' title='bbox 156 3686 326 3757; x_wconf 84' lang='lat' dir='ltr'><strong><em>perpetuo,</em></strong></span> <span class='ocrx_word' id='word_1_269' title='bbox 350 3695 408 3737; x_wconf 87' lang='lat' dir='ltr'><strong><em>aec</em></strong></span> <span class='ocrx_word' id='word_1_270' title='bbox 430 3680 557 3754; x_wconf 84' lang='lat' dir='ltr'><strong><em>saepius</em></strong></span> <span class='ocrx_word' id='word_1_271' title='bbox 580 3679 748 3752; x_wconf 88' lang='lat' dir='ltr'><strong><em>omisisset,</em></strong></span> <span class='ocrx_word' id='word_1_272' title='bbox 772 3696 830 3738; x_wconf 88' lang='lat' dir='ltr'><strong><em>nec</em></strong></span> <span class='ocrx_word' id='word_1_273' title='bbox 853 3679 956 3738; x_wconf 81' lang='lat' dir='ltr'><strong><em>naolta</em></strong></span> <span class='ocrx_word' id='word_1_274' title='bbox 978 3679 1083 3738; x_wconf 74' lang='lat' dir='ltr'><strong><em>nuliius</em></strong></span> <span class='ocrx_word' id='word_1_275' title='bbox 1106 3694 1198 3752; x_wconf 88' lang='lat' dir='ltr'><strong><em>praa·</em></strong></span> 
     </span>
     <span class='ocr_line' id='line_1_35' title="bbox 85 3775 1202 3859; baseline -0.004 -17"><span class='ocrx_word' id='word_1_276' title='bbox 85 3779 224 3842; x_wconf 86' lang='lat' dir='ltr'><strong><em>misisset</em></strong></span> <span class='ocrx_word' id='word_1_277' title='bbox 255 3780 422 3840; x_wconf 86' lang='lat' dir='ltr'><strong><em>commatis</em></strong></span> <span class='ocrx_word' id='word_1_278' title='bbox 456 3780 543 3839; x_wconf 86' lang='lat' dir='ltr'><strong><em>initio</em></strong></span> <span class='ocrx_word' id='word_1_279' title='bbox 575 3779 761 3859; x_wconf 84' lang='lat' dir='ltr'><strong><em>quicumque</em></strong></span> <span class='ocrx_word' id='word_1_280' title='bbox 791 3775 946 3841; x_wconf 85' lang='lat' dir='ltr'><strong><em>dimiserit</em></strong></span> <span class='ocrx_word' id='word_1_281' title='bbox 969 3785 1029 3839; x_wconf 87' lang='lat' dir='ltr'><strong><em>etc.</em></strong></span> <span class='ocrx_word' id='word_1_282' title='bbox 1052 3778 1145 3839; x_wconf 92' lang='lat' dir='ltr'><strong><em>sicuti</em></strong></span> <span class='ocrx_word' id='word_1_283' title='bbox 1167 3793 1202 3837; x_wconf 89' lang='lat' dir='ltr'><strong><em>a·</em></strong></span> 
     </span>
     <span class='ocr_line' id='line_1_36' title="bbox 82 3876 1199 3954; baseline -0.004 -11"><span class='ocrx_word' id='word_1_284' title='bbox 82 3882 146 3944; x_wconf 87' lang='lat' dir='ltr'><strong><em>lias</em></strong></span> <span class='ocrx_word' id='word_1_285' title='bbox 168 3880 277 3942; x_wconf 88' lang='lat' dir='ltr'><strong><em>citavit</em></strong></span> <span class='ocrx_word' id='word_1_286' title='bbox 299 3881 432 3941; x_wconf 89' lang='lat' dir='ltr'><strong><em>seorsim</em></strong></span> <span class='ocrx_word' id='word_1_287' title='bbox 456 3881 495 3940; x_wconf 92' lang='lat' dir='ltr'><strong><em>ah</em></strong></span> <span class='ocrx_word' id='word_1_288' title='bbox 524 3881 584 3942; x_wconf 88' lang='lat' dir='ltr'><strong><em>hoc</em></strong></span> <span class='ocrx_word' id='word_1_289' title='bbox 616 3881 807 3942; x_wconf 87' lang='lat' dir='ltr'><strong><em>testimonio.</em></strong></span> <span class='ocrx_word' id='word_1_290' title='bbox 832 3877 982 3954; x_wconf 85' lang='lat' dir='ltr'><strong><em>Quocum</em></strong></span> <span class='ocrx_word' id='word_1_291' title='bbox 1015 3876 1199 3939; x_wconf 87' lang='lat' dir='ltr'><strong><em>adstruitur</em></strong></span> 
     </span>
     <span class='ocr_line' id='line_1_37' title="bbox 75 3981 1201 4062; baseline 0.001 -23"><span class='ocrx_word' id='word_1_292' title='bbox 75 4003 128 4047; x_wconf 82' lang='lat' dir='ltr'><strong><em>..ex</em></strong></span> <span class='ocrx_word' id='word_1_293' title='bbox 146 3983 358 4045; x_wconf 88' lang='lat' dir='ltr'><strong><em>vetustissima</em></strong></span> <span class='ocrx_word' id='word_1_294' title='bbox 388 3991 493 4042; x_wconf 86' lang='lat' dir='ltr'><strong><em>aelate</em></strong></span> <span class='ocrx_word' id='word_1_295' title='bbox 517 3982 577 4044; x_wconf 93' lang='lat' dir='ltr'><strong><em>hoo</em></strong></span> <span class='ocrx_word' id='word_1_296' title='bbox 600 3982 836 4045; x_wconf 88' lang='lat' dir='ltr'><strong><em>hemistichium</em></strong></span> <span class='ocrx_word' id='word_1_297' title='bbox 857 3981 952 4062; x_wconf 82' lang='lat' dir='ltr'><strong><em>juxta</em></strong></span> <span class='ocrx_word' id='word_1_298' title='bbox 977 3981 1110 4042; x_wconf 85' lang='lat' dir='ltr'><strong><em>Petrum</em></strong></span> <span class='ocrx_word' id='word_1_299' title='bbox 1135 3997 1201 4040; x_wconf 92' lang='lat' dir='ltr'><strong><em>mo·</em></strong></span> 
     </span>
     <span class='ocr_line' id='line_1_38' title="bbox 86 4081 1201 4163; baseline -0.002 -17"><span class='ocrx_word' id='word_1_300' title='bbox 86 4103 156 4146; x_wconf 84' lang='lat' dir='ltr'><strong><em>rein</em></strong></span> <span class='ocrx_word' id='word_1_301' title='bbox 180 4103 219 4145; x_wconf 80' lang='lat' dir='ltr'><strong><em>ex</em></strong></span> <span class='ocrx_word' id='word_1_302' title='bbox 242 4081 351 4145; x_wconf 86' lang='lat' dir='ltr'><strong><em>Lucae</em></strong></span> <span class='ocrx_word' id='word_1_303' title='bbox 374 4102 400 4147; x_wconf 92' lang='lat' dir='ltr'><strong><em>c.</em></strong></span> <span class='ocrx_word' id='word_1_304' title='bbox 425 4081 510 4144; x_wconf 80' lang='lat' dir='ltr'><strong><em>XVl.</em></strong></span> <span class='ocrx_word' id='word_1_305' title='bbox 533 4084 571 4145; x_wconf 91' lang='lat' dir='ltr'><strong><em>ad</em></strong></span> <span class='ocrx_word' id='word_1_306' title='bbox 596 4084 716 4163; x_wconf 82' lang='lat' dir='ltr'><strong><em>proprii</em></strong></span> <span class='ocrx_word' id='word_1_307' title='bbox 740 4084 921 4162; x_wconf 81' lang='lat' dir='ltr'><strong><em>argumenti</em></strong></span> <span class='ocrx_word' id='word_1_308' title='bbox 953 4083 1076 4157; x_wconf 88' lang='lat' dir='ltr'><strong><em>rohur,</em></strong></span> <span class='ocrx_word' id='word_1_309' title='bbox 1107 4081 1201 4144; x_wconf 85' lang='lat' dir='ltr'><strong><em>alteri</em></strong></span> 
     </span>
     <span class='ocr_line' id='line_1_39' title="bbox 83 4181 1204 4267; baseline -0.004 -17"><span class='ocrx_word' id='word_1_310' title='bbox 83 4183 242 4250; x_wconf 83' lang='lat' dir='ltr'><strong><em>Matthaei</em></strong></span> <span class='ocrx_word' id='word_1_311' title='bbox 264 4185 440 4248; x_wconf 85' lang='lat' dir='ltr'><strong><em>sentcntiae</em></strong></span> <span class='ocrx_word' id='word_1_312' title='bbox 461 4185 609 4267; x_wconf 79' lang='lat' dir='ltr'><strong><em>iunctum</em></strong></span> <span class='ocrx_word' id='word_1_313' title='bbox 633 4204 725 4262; x_wconf 87' lang='lat' dir='ltr'><strong><em>esse,</em></strong></span> <span class='ocrx_word' id='word_1_314' title='bbox 750 4186 791 4246; x_wconf 86' lang='lat' dir='ltr'><strong><em>ita</em></strong></span> <span class='ocrx_word' id='word_1_315' title='bbox 826 4193 863 4249; x_wconf 91' lang='lat' dir='ltr'><strong><em>ut</em></strong></span> <span class='ocrx_word' id='word_1_316' title='bbox 893 4184 1008 4249; x_wconf 89' lang='lat' dir='ltr'><strong><em>deiude</em></strong></span> <span class='ocrx_word' id='word_1_317' title='bbox 1042 4183 1140 4263; x_wconf 81' lang='lat' dir='ltr'><strong><em>huius</em></strong></span> <span class='ocrx_word' id='word_1_318' title='bbox 1164 4181 1204 4246; x_wconf 79' lang='grc' dir='ltr'><strong><em>Ε·</em></strong></span> 
     </span>
    </p>
   </div>
   <div class='ocr_carea' id='block_1_5' title="bbox 0 0 1444 4784">
    <p class='ocr_par' dir='ltr' id='par_1_6' title="bbox 0 0 1444 4784">
     <span class='ocr_line' id='line_1_40' title="bbox 0 0 1444 4784; baseline 0 0"><span class='ocrx_word' id='word_1_319' title='bbox 0 0 1444 4784; x_wconf 95' lang='lat' dir='ltr'><strong><em> </em></strong></span> 
     </span>
    </p>
   </div>
  </div>
 </body>
</html>
