2886 4784
1243 373 1285 442 5⁹

168 479 242 542 biae
265 479 316 541 rel
339 477 445 556 potius
468 473 570 536 malae
592 471 664 534 lidei
689 473 821 534 tenenda
853 489 921 536 csse
953 473 1143 535 existimavi.
1170 473 1282 552 Quare

165 581 245 662 jure
267 578 403 659 Vigilius
427 587 555 656 (nuper
573 576 740 652 dicebam)
762 593 857 653 saepe
878 574 1034 636 adversus
1056 578 1132 638 istas
1148 578 1287 642 obtesta-

170 688 317 756 tuaest,
339 682 396 742 hos
419 696 536 742 vocaus
558 678 756 753 mentiturae,
774 677 954 751 falsatores,
971 677 1171 740 detractores
1180 699 1192 759 3
1215 683 1288 760 qni·

169 785 232 848 bns
254 782 356 846 titulis
378 782 562 846 cumulatos
582 780 723 860 legimus
743 790 813 843 eta
840 779 969 860 Pelagio
992 780 1015 844 Ι.
1036 789 1068 842 et
1092 779 1222 859 Pelagio
1237 781 1286 844 ll.

249 883 420 950 Liberatus
435 904 487 948 ex.
506 901 535 961 g.
552 882 793 947 ardentissimus
814 887 912 947 trium
934 881 1160 961 capitulorum
1176 883 1286 946 deien-

170 1003 229 1049 aor
248 986 279 1048 iu
301 1005 328 1049 c.
353 983 471 1049 xxtv.
488 980 651 1048 Brcuiarii
671 985 710 1046 de
733 984 868 1048 istorum
891 992 1085 1063 conquestus
1107 984 1284 1047 damuatio·

168 1106 211 1150 ue
231 1090 356 1170 inquit:
379 1109 396 1148 a
420 1086 504 1150 lllud
526 1088 653 1167 liquere
674 1088 824 1151 omuibus
845 1087 943 1150 credo
959 1105 1017 1164 per
1034 1084 1199 1163 Pelagium
1216 1086 1282 1149 dia·

170 1209 289 1254 anuum
320 1197 352 1252 et
381 1186 590 1251 Theodorum
620 1187 797 1251 Caesareae
829 1187 1051 1268 Cappadociae
1082 1189 1283 1269 episcopum,

159 1293 233 1377 uison
253 1292 442 1354 scandalum
463 1293 495 1353 in
518 1289 695 1354 Ecclesiam
726 1290 823 1354 inisse
856 1292 1046 1370 ingressum.
1068 1289 1164 1366 Quod
1187 1291 1284 1352 etiam

169 1395 302 1475 publice
323 1394 390 1473 ipse
411 1391 603 1455 Theodorus
628 1386 817 1465 clamitavit,
841 1412 871 1455 sc
890 1401 918 1454 et
942 1392 1108 1471 Pelagium
1129 1390 1217 1454 cioca
1237 1391 1287 1453 iu·

166 1495 356 1567 condendos,
378 1513 433 1574 par
462 1510 543 1573 quos
563 1494 621 1556 itae
641 1494 829 1558 scandalum
849 1492 998 1557 introivit
1019 1493 1056 1556 in
1077 1495 1242 1557 mundum.
1268 1512 1288 1550 n

169 1599 323 1661 Attamen
346 1597 495 1676 Pelagius
516 1599 583 1675 ipse
606 1595 766 1659 Diaconus
788 1615 826 1658 ac
847 1598 968 1663 deinde,
988 1597 1074 1676 Papa
1096 1598 1128 1658 in
1149 1597 1284 1676 epistola

167 1700 208 1763 ad
231 1698 477 1764 childebertum
500 1693 599 1780 hujus
619 1701 695 1762 dieti
711 1700 866 1776 meminit,
883 1700 1070 1781 rciutatque
1086 1700 1280 1763 tetsttatem:

168 1823 186 1862 a
207 1799 291 1867 Nam
311 1809 339 1863 et
358 1802 419 1863 leuc
438 1799 476 1863 in
497 1798 649 1875 ltaliam,
675 1802 831 1880 quamdiu
858 1821 914 1864 uos
939 1801 975 1864 ia
1010 1797 1283 1881 Constantinopoli

165 1903 313 1984 suimus,
335 1901 519 1965 denomino
540 1913 648 1965 nostro
677 1903 808 1965 alearias
834 1902 994 1966 mittebant
1014 1901 1170 1979 dicendo,
1191 1901 1286 1984 quati
1369 1955 1370 1958 ,

164 2024 224 2067 aas
245 2003 422 2068 disserimus
443 2005 535 2085 fidem
556 2003 742 2068 catholicam
763 2024 827 2068 assa
848 2015 1041 2085 corruptam.
1060 2025 1076 2064 n
1093 2003 1134 2068 lit
1155 2004 1196 2067 alt
1220 2022 1286 2068 nno

165 2107 254 2170 disce
275 2127 396 2170 omues.
420 2105 461 2170 Et
484 2125 560 2173 sane
581 2108 643 2169 hoe
665 2108 784 2185 Pelagii
806 2109 1024 2172 testimouium
1045 2109 1202 2172 adsersus
1233 2105 1285 2169 Li·

164 2208 270 2272 lterati
293 2208 524 2287 impudentiam
546 2208 684 2289 jactum,
708 2227 771 2270 non
793 2214 841 2272 est
860 2211 954 2288 parsi
976 2209 1141 2274 momenti.

245 2308 411 2389 Siquando
432 2319 542 2372 autem
566 2310 626 2371 tria
656 2308 805 2388 Capitula
833 2309 1070 2374 defendentium
1102 2329 1181 2374 asna
1209 2325 1282 2373 sum

166 2411 379 2485 testimoniis,
402 2411 464 2473 hoc
485 2412 535 2490 egi
557 2429 619 2471 non
641 2411 812 2486 absolute,
834 2410 888 2474 sed
911 2413 1027 2474 ceteris
1055 2410 1277 2494 subjungens,

165 2529 252 2592 quae
274 2511 406 2576 aliunde
427 2513 468 2573 ab
488 2515 558 2590 ipso
580 2510 699 2591 lligilio
720 2519 753 2577 et
773 2513 814 2576 ab
834 2513 905 2576 aliis
934 2514 1126 2578 orthodoxis
1156 2514 1280 2576 sincera

163 2613 396 2676 admittuntur.
418 2613 520 2679 Sicuti
543 2614 742 2677 tantumdem
763 2615 1025 2680 adversariorum
1048 2615 1088 2677 de
1109 2615 1169 2677 hac
1191 2631 1227 2677 re
1246 2629 1281 2676 sa

164 2720 282 2777 mutuo
302 2714 524 2778 collidentium
547 2715 738 2777 documenta
761 2717 883 2789 notari,
898 2724 935 2779 nt
950 2717 1049 2795 magis
1064 2716 1277 2779 assertionum

160 2833 297 2879 auarum
314 2825 438 2895 pataret
454 2816 598 2890 falsitas,
625 2826 656 2878 et
703 2827 848 2881 nostrum
875 2819 1013 2897 polleret
1042 2826 1282 2899 argumentum.

164 2913 207 2981 ut
227 2934 302 2978 sane
324 2917 590 2994 aegreferendum
614 2926 683 2991 est,
708 2926 784 2980 tuuc
805 2919 917 2998 plures
939 2921 1082 2982 extitisse
1103 2920 1278 2998 scriptores

161 3020 351 3095 praesertim
373 3019 502 3091 latinos,
519 3020 575 3098 qui
594 3019 644 3080 sel
660 3039 700 3081 ex
717 3021 908 3098 ignorantia,
926 3021 977 3083 vel
992 3022 1065 3085 data
1083 3039 1196 3102 opera,
1214 3021 1274 3083 tria

163 3116 313 3197 Capitula
337 3128 587 3199 propugnantes,
611 3123 813 3197 pessumdata
838 3119 945 3202 vigilii
967 3123 1175 3196 delinitione,
1199 3139 1273 3202 pru·

165 3218 271 3309 brasis
292 3222 587 3285 insimulationibus
609 3224 696 3286 illius
726 3242 896 3303 personam
928 3225 1091 3305 prosecuti
1120 3230 1217 3298 sunt,
1240 3223 1280 3286 de

162 3321 283 3402 quibus
307 3324 400 3387 valde
418 3325 647 3405 conqueritur
665 3329 697 3388 iu
719 3327 786 3389 suis
817 3327 972 3407 epistolis.
996 3325 1147 3403 Quorum
1176 3325 1277 3389 docu-

162 3433 274 3486 menta·
293 3427 481 3490 Anastasius
503 3427 685 3490 inconsulto
707 3430 738 3490 iu
762 3427 993 3493 llibliothccam
1014 3446 1106 3492 suum
1130 3428 1278 3492 traduxit

159 3545 236 3590 uum
253 3525 465 3591 Pontificatus
481 3527 618 3592 Romani
634 3530 828 3595 detrimento
844 3553 853 3595 e
870 3540 903 3595 et
920 3531 1003 3595 uude
1018 3533 1153 3609 posteri,
1169 3532 1280 3593 etiam·

160 3629 190 3690 ai
208 3627 370 3700 nolentes,
396 3629 560 3693 Ecclesiae
583 3630 729 3708 hostibus
749 3633 943 3697 obtuleruut
964 3651 1068 3705 arma,
1084 3631 1203 3713 quibus
1226 3650 1281 3694 sa·
1333 3657 1338 3666 =

160 3727 262 3792 lidius
283 3743 396 3793 contra
419 3750 477 3795 uos
499 3732 715 3811 dimica-rent3
738 3744 770 3797 et
793 3753 896 3816 usque
913 3735 1008 3798 modo
1021 3745 1164 3798 nostram
1182 3733 1277 3797 fidem

160 3829 328 3910 sugillant.
664 3868 667 3873 ·
798 3874 801 3878 -
860 3856 867 3869 ·
1001 3894 1005 3897 .

243 3929 291 3993 lle
312 3935 441 4009 ceteris,
459 3952 553 3998 nemo
575 3936 739 4001 inficiatur
759 3937 907 4014 illorum,
929 3957 1072 4020 quorum
1096 3938 1285 4002 testimonia

158 4032 304 4096 reiutavi
326 4034 412 4096 circa
435 4033 517 4096 hane
539 4039 784 4115 quaestionem,
806 4040 888 4103 alios
916 4042 1097 4104 schismatis
1117 4042 1275 4120 primores

159 4135 260 4198 luisse
282 4139 410 4200 nomine
430 4146 463 4199 et
485 4138 682 4218 professione
705 4148 820 4219 notos,
842 4142 924 4207 alios
945 4160 1120 4230 anonymos
1152 4144 1206 4208 sed
1236 4142 1275 4204 ad

157 4238 305 4301 camdem
328 4240 491 4319 pertinere
513 4239 660 4320 classem,
683 4261 720 4308 ac
742 4245 930 4324 praesertim
953 4246 983 4307 in
1004 4246 1111 4310 latinis
1129 4245 1272 4320 Atticae,
