2886 4784
240 331 283 404 di

326 432 377 497 Ex
394 430 532 494 adverso
556 435 660 491 tomen
682 427 857 492 notandum
881 432 940 502 est,
963 425 1104 505 qnodjn
1120 423 1217 489 Libro
1234 421 1309 488 vtt.
1333 444 1365 488 e.

245 533 334 602 vttt.
357 551 389 595 n.
410 528 462 595 36.
486 531 552 593 eit:
578 556 594 596 n
620 532 808 598 Γνωστικών
832 522 864 594 δέ
891 525 1039 625 διάφοροι
1063 531 1214 617 γνῶμαι,
1238 515 1282 593 ὧν
1308 521 1370 595 dcis

241 637 330 723 ἄξιον
353 635 568 737 καταριθμέα
591 642 651 715 τας
673 632 823 734 φλιάραυς
838 630 935 715 δόξας
949 629 1147 731 ἐκρίναμεν,
1165 626 1263 710 durus
1284 629 1367 702 πολ-

242 741 304 826 tie
325 742 464 835 ἀλογίας
487 764 519 811 τε
540 740 598 810 καὶ
621 740 846 834 βλασφημίας
868 736 1030 830 γεμὸυσας
1045 740 1064 798 i.
1078 758 1107 798 e.
1129 737 1364 804 Gnosticorum

247 853 356 913 suriae
377 860 452 914 sunt
473 849 651 921 doctrinae,
675 864 818 927 quorum
840 864 902 906 non
922 847 1067 926 Judicovi
1083 862 1276 907 enumerare
1291 864 1368 908 seu-

249 953 362 1016 tentins
390 969 530 1032 nugaces
551 957 583 1011 et
605 949 762 1010 absurdas
794 955 826 1009 et
859 946 1063 1025 blasphemiis
1098 944 1255 1008 reiectus:
1280 964 1365 1023 pree

245 1053 363 1134 quibus
385 1053 517 1130 quidem
540 1049 809 1128 philosophorum
836 1064 1029 1124 graecorum
1060 1047 1209 1125 discipuli
1230 1047 1270 1108 de
1293 1043 1367 1110 ileo

243 1153 437 1215 disserentes
459 1151 585 1229 dignius
606 1167 640 1210 se
661 1167 695 1210 se
717 1148 913 1209 habuerunt.
936 1143 1072 1225 Magone
1095 1165 1174 1231 vero
1196 1146 1364 1211 mulorum

247 1251 492 1331 conspirationis
513 1257 632 1310 unctor
654 1247 716 1308 luit
741 1244 896 1309 Nicoieos
931 1265 1014 1308 unus
1035 1264 1053 1307 e
1073 1255 1196 1325 sepiem
1216 1245 1365 1309 diaconis

246 1360 307 1413 ete.
330 1368 347 1408 n
373 1348 413 1411 lit
435 1365 550 1410 revere
573 1349 633 1408 iste
662 1348 882 1425 gnosticorum
916 1346 1069 1424 magister
1100 1345 1240 1421 dicitur,
1274 1345 1366 1410 uode

248 1459 358 1531 posteo
379 1450 480 1512 ceteri
502 1465 706 1511 successores
728 1451 771 1509 ite
795 1448 900 1508 vocsti
920 1456 1007 1510 sunt.

327 1551 404 1611 ideo
427 1551 547 1612 mirum
568 1556 640 1624 est,
663 1567 767 1626 quum
789 1548 868 1631 dicit
888 1549 1016 1611 Auctor
1036 1567 1070 1610 se
1091 1547 1180 1611 nolle
1200 1546 1363 1612 absurdus

244 1667 408 1729 nugaces,
430 1667 504 1712 oum
528 1649 651 1712 multae
682 1650 762 1724 sint,
785 1666 958 1712 numerere
989 1651 1209 1728 gnosticorum
1235 1657 1368 1713 senten·

249 1751 329 1825 tius,
352 1749 482 1828 quando
505 1751 678 1810 maximam
700 1751 749 1810 sui
773 1747 889 1827 Operis
912 1758 1035 1828 portem
1059 1750 1228 1828 insumpsit
1249 1749 1281 1810 iu
1304 1767 1363 1813 ex·

245 1851 397 1927 ponendis
419 1848 653 1927 multiplicibus
680 1858 712 1911 et
739 1850 873 1929 dirersis
896 1851 1092 1927 gnosticismi
1118 1848 1284 1912 doctrinis.
1309 1847 1362 1911 Ad

246 1951 494 2029 dignoscendam
518 1967 619 2028 porro
639 1952 671 2011 in
693 1951 754 2012 hoo
776 1952 939 2034 Anonymi
967 1951 1126 2014 illusionis
1147 1958 1179 2012 et
1199 1949 1365 2016 contrudi·

136 2136 140 2141 .
247 2050 361 2113 utionis
381 2068 526 2125 eausam,
543 2050 647 2113 adstet
662 2052 751 2113 nobis
774 2050 870 2114 Liber
887 2053 911 2114 Ι.
933 2071 959 2114 s.
983 2050 1106 2114 irenaei
1122 2069 1150 2113 e.
1165 2047 1315 2113 xxvnt.
1330 2057 1365 2115 ei

244 2147 364 2214 xlttx.
386 2152 441 2214 uisi
463 2151 632 2214 ostendens
653 2169 673 2213 e
695 2152 823 2216 Simone
845 2153 1006 2228 haereses,
1023 2169 1121 2214 unum
1134 2151 1175 2213 nb
1189 2151 1295 2213 ultera
1312 2151 1364 2215 di·

246 2258 431 2331 rerepentes
452 2260 658 2331 propagatus,
680 2254 804 2333 lnquit:
823 2274 840 2313 r
857 2252 897 2315 Et
911 2252 989 2331 quid
1011 2251 1125 2316 enirni’
1146 2250 1218 2315 Non
1239 2257 1287 2315 esi
1301 2269 1363 2335 uu·

245 2368 373 2414 merum
395 2369 509 2413 eornm
542 2352 672 2427 dicere,
705 2354 760 2431 qui
793 2353 972 2417 secundum
1001 2351 1143 2415 aiterum
1164 2351 1363 2415 stulterum

248 2451 381 2514 modum
404 2452 600 2514 exciderunt
615 2469 632 2514 u
650 2454 797 2514 veritate.
819 2451 925 2530 Super
946 2454 994 2515 iris
1017 2461 1142 2527 eutem,
1158 2471 1200 2514 ex
1224 2452 1287 2524 his,
1303 2453 1362 2532 qul

244 2551 401 2632 praedicti
423 2562 498 2614 suot
519 2554 700 2626 simoniani,
717 2554 893 2617 multitudo
909 2555 1128 2632 gnosticorum
1145 2551 1284 2614 Borbeio
1304 2572 1364 2616 ex·

244 2653 416 2726 surrexit,
437 2659 468 2715 et
492 2654 582 2715 velut
604 2673 621 2715 e
645 2659 730 2715 terre
755 2654 844 2732 iungi
876 2653 1071 2716 manifestati
1100 2659 1175 2716 sunt
1183 2673 1195 2731 3
1217 2671 1363 2731 qnorum

110 2808 113 2812 Δ
244 2744 438 2832 principales
453 2753 539 2830 epod
561 2771 617 2814 eos
631 2755 804 2815 sententias
818 2771 1019 2816 enarremus.
1031 2773 1048 2810 n
1062 2750 1150 2815 llaec
1166 2771 1190 2814 s.
1207 2751 1363 2833 Episcopi

248 2852 344 2913 verbs
367 2851 512 2914 breviter
532 2852 634 2914 citans
657 2854 844 2936 Anonymus
875 2871 1000 2932 suaque
1030 2853 1171 2927 iaciens,
1196 2862 1263 2916 tun
1286 2872 1363 2932 per·
1403 2873 1405 2878 ·

247 2952 344 3013 vertit
358 2971 510 3030 sensom3
527 2972 602 3015 cum
618 2963 730 3016 contre
747 2972 812 3016 ase
830 2961 1002 3033 praemissa
1019 2956 1143 3017 retulit.
1158 2954 1257 3016 ttttot
1274 2955 1362 3019 euim

245 3062 292 3114 est
314 3067 488 3116 nnmerum
510 3073 643 3118 censere
665 3055 929 3129 hoereticorum,
954 3064 987 3118 et
1007 3055 1096 3118 aliud
1117 3057 1263 3117 diversus
1283 3055 1362 3120 ilio·

246 3168 320 3214 rum
342 3155 528 3231 exprimere
548 3155 730 3218 sententies.
754 3153 950 3234 ceteroquin
965 3157 990 3217 si
1005 3176 1031 3218 s.
1049 3153 1184 3216 irenaeo
1198 3153 1292 3215 licuit
1307 3153 1364 3217 irio

245 3247 365 3327 sermo,
389 3256 510 3337 quippe
531 3274 633 3335 peuce
656 3256 695 3318 de
710 3257 929 3334 gnosticorum
944 3259 1037 3319 sectis
1053 3257 1179 3318 disserit
1197 3265 1229 3317 et
1242 3271 1365 3316 eorum

245 3352 423 3417 doctrinis:
446 3372 652 3435 nequequam
676 3372 755 3418 vero
777 3353 948 3437 Anonpmo
962 3357 1068 3431 licuit,
1085 3355 1141 3436 qni
1165 3354 1204 3417 nd
1229 3354 1364 3418 sstietu·

247 3460 310 3514 tem
332 3471 437 3532 usque
458 3454 498 3518 de
519 3455 582 3518 iliis
604 3453 792 3532 disputavit.
