2886 4784
1254 39 1292 64 Β)

170 97 374 180 brrouymus,
396 95 438 158 ab
459 102 622 159 astrorum
645 96 771 173 orbitis,
794 116 977 180 eorumque
999 100 1168 164 distantiae
1186 94 1305 163 varie?

170 207 232 261 tate
254 197 439 261 haereticos
461 197 626 260 doctrinae
647 216 727 262 suae
748 202 969 279 composuisse
999 212 1185 284 systemata,
1209 221 1288 265 non-

168 297 245 363 dum
268 306 434 373 veterum,
456 300 513 377 qui
537 300 616 360 haec
637 308 794 375 asserant,
818 303 924 379 reperi
947 304 1139 365 testimonia.
1152 300 1290 379 Exstitit

167 401 302 480 quidem
323 399 469 475 Perates,
491 417 530 462 ac
552 399 665 461 deinde
686 399 819 464 Marcus
841 409 874 463 et
893 401 1104 479 Colorbasus,
1124 416 1203 467 teste
1219 423 1244 465 s.
1261 405 1292 466 l·

166 521 306 580 renaeu,
328 503 386 583 qui
409 502 449 563 ab
470 501 645 580 astrologia
667 502 821 566 dicuntur
841 522 859 566 a
883 505 1086 582 planetarum
1111 525 1192 589 gyro
1214 525 1291 568 suos

163 604 360 668 instruxisse
381 621 511 667 errores
523 623 536 682 3
559 622 617 666 nec
640 612 745 665 tamen
767 606 817 667 isti
839 616 1003 668 astrorum
1028 610 1202 686 perimetra
1226 626 1286 670 occ
1395 616 1411 625 ““

161 707 374 770 altitudinem
398 724 511 768 eorum
535 724 593 767 nec
615 706 779 768 distantias
800 708 1068 787 considerarna13
1102 710 1155 772 sed
1180 711 1210 771 in
1232 727 1291 771 uu-

161 827 259 872 mero
281 808 417 871 illorum
439 807 586 891 symbola
603 815 635 870 et
651 811 807 886 magicam
827 811 981 872 virtutem
999 812 1201 890 interpretati
1216 818 1292 872 suut

161 909 404 973 tautummodo.
427 907 458 972 Si
484 927 561 996 seru
583 927 600 971 a
623 911 747 973 sacculi
772 907 809 971 V.
834 911 925 972 initio
961 913 1125 990 usquead
1153 912 1289 973 mediam

160 1020 309 1076 aetatem
332 1013 503 1075 haeresum
519 1013 686 1074 historiam
704 1014 980 1090 percurrerimus,
1000 1031 1017 1074 a
1042 1014 1291 1093 priscillianistis

158 1116 293 1179 scilicet
322 1114 532 1193 incipientes,
559 1112 720 1192 plurimos
748 1132 824 1175 sane
854 1115 1047 1178 cabhalistas
1072 1117 1291 1193 comperimus

157 1217 304 1300 iudaeos
321 1217 372 1278 rel
387 1217 580 1278 christianos
598 1215 814 1294 judaizantes,
834 1217 927 1279 valde
949 1235 982 1279 se
1006 1217 1193 1298 hujusmodi
1216 1219 1291 1278 illu·

158 1319 314 1383 sionibus
336 1317 513 1380 devovisse.
539 1316 762 1380 Priscillianus
785 1320 870 1380 iuter
892 1319 1012 1396 primos
1046 1319 1211 1394 habetur,
1235 1320 1291 1398 qui

160 1421 368 1500 astrologiae
389 1419 512 1482 dettrtts
534 1436 666 1491 vacans,
685 1419 812 1481 arbitrii
826 1420 978 1483 libertate
993 1421 1134 1494 sublata,
1151 1421 1291 1482 humana

163 1525 279 1587 omnia
302 1532 467 1586 astrorum
492 1522 656 1584 tribuebat
678 1522 828 1585 motibus.
846 1520 887 1584 Et
909 1523 989 1585 hacc
1003 1521 1163 1585 sufficiant
1179 1524 1293 1584 adver·

160 1645 223 1691 sus
246 1643 298 1702 ea,
322 1642 406 1706 quae
429 1623 620 1705 anonymus
642 1625 796 1704 supponit
816 1623 856 1686 de
876 1626 1093 1688 immensitate
1120 1626 1291 1686 haeresum

164 1748 211 1792 cx
233 1733 400 1791 astrorum
423 1727 563 1789 motibus
585 1733 618 1788 et
638 1727 818 1806 spatiorum
852 1726 1073 1806 magnitudine
1105 1729 1291 1790 excitorum

162 1833 200 1893 iu
223 1831 331 1911 prisca
357 1827 521 1891 Ecclesiae
542 1836 660 1891 aetate.

214 1970 219 1980 ·
251 1928 290 1992 lu
310 1929 415 1992 altero
436 1929 566 2008 capite,
589 1929 744 2009 expositis
766 1945 851 2007 quae
874 1929 1093 2001 mathematici
1118 1928 1168 1992 rel
1190 1928 1291 1989 arith·

162 2033 279 2098 rustici
302 2031 435 2094 haurire
457 2039 670 2111 praesumunt
691 2050 732 2096 ex
749 2028 887 2092 occultis
901 2050 1114 2095 numerorum
1132 2032 1292 2115 mysteriis

171 2134 224 2196 rel
245 2151 288 2196 er
307 2131 426 2194 litteris
449 2133 623 2195 numericis
644 2132 729 2193 circa
748 2132 834 2193 ritae
856 2131 1015 2193 humanae
1032 2133 1176 2193 ordinem
1184 2151 1196 2210 3
1213 2149 1292 2209 qua·

166 2234 211 2298 lis
231 2236 273 2300 sit
294 2252 409 2312 nempe
433 2234 544 2296 lutura
568 2234 729 2315 cujusque
752 2235 830 2308 vitu,
854 2236 968 2297 transit
990 2234 1029 2296 ad
1053 2245 1151 2314 caput
1174 2233 1232 2296 lll.
1248 2235 1294 2295 iu·

163 2339 327 2417 scriptum
349 2337 386 2398 dc
406 2334 602 2398 divinatione
624 2354 663 2397 acc
683 2337 792 2398 cultus
812 2334 1029 2414 inspectione,
1052 2354 1198 2399 asserens
1220 2337 1296 2398 hac·

173 2444 292 2505 reticos
313 2440 353 2503 da
379 2439 513 2502 illorum
547 2439 672 2517 placitis
703 2439 837 2518 gloriari
859 2439 900 2500 ad
921 2458 958 2501 ea
983 2439 1176 2518 perficienda
1207 2456 1292 2518 quae

174 2542 418 2622 aggrediuntur.
442 2539 586 2620 lespecta
609 2541 693 2602 enim
718 2541 828 2603 vultos
859 2541 960 2607 torma
974 2586 985 2618 ,
1017 2541 1153 2603 divinari
1176 2549 1292 2620 putant

176 2644 343 2707 bominum
377 2640 529 2703 indolem.
555 2640 618 2703 atti
651 2651 760 2703 autem
794 2643 931 2705 lormam
965 2654 997 2705 et
1025 2644 1097 2704 inde
1129 2643 1291 2721 ingenium

174 2752 326 2825 repetunt
347 2760 365 2804 a
388 2740 516 2806 zodiaci
545 2744 667 2823 signis,
698 2745 758 2806 sub
788 2746 907 2824 quibus
937 2753 1127 2809 nascuntur.
1163 2744 1196 2806 ln
1227 2762 1292 2825 qua

173 2845 388 2926 descriptione
408 2845 516 2925 quoad
539 2842 668 2907 zodiaci
690 2847 858 2924 signorum
889 2848 1078 2908 varietatem
1101 2856 1133 2907 et
1155 2847 1290 2907 illorum

175 2948 334 3011 actionem
358 2954 426 3011 tum
448 2947 480 3009 iu
502 2947 717 3009 extrinsecam
731 2947 868 3009 hominis
885 2947 1022 3011 lorrnam
1039 2966 1113 3010 cum
1125 2948 1162 3008 -in
1179 2948 1291 3009 intrin-

174 3067 265 3111 secos
297 3050 395 3112 animi
429 3056 536 3110 motus
567 3048 673 3108 rarios
702 3048 881 3110 secundum
913 3048 1023 3110 rultus
1054 3047 1291 3123 differentiam,

175 3149 365 3233 anonymus
387 3149 526 3213 maxima
550 3147 678 3210 laborat
699 3148 914 3225 contusione,
938 3151 1034 3211 modo
1055 3149 1221 3212 contraria
1244 3150 1293 3211 lo-

173 3258 269 3313 cutus
290 3250 342 3325 iis,
364 3267 450 3329 quae
472 3251 504 3312 in
524 3265 596 3327 cap.
614 3246 639 3309 l.
656 3257 787 3310 enarrat
802 3269 842 3311 ex
860 3247 959 3313 Sexto
976 3249 1143 3330 Empirico
1159 3250 1199 3312 de
1214 3250 1292 3322 illis,

174 3352 231 3430 qui
253 3359 434 3416 nascuntur
454 3350 515 3415 sub
537 3351 656 3412 eisdem
677 3351 787 3429 signis,
804 3369 890 3414 nunc
904 3352 1088 3415 adscribens
1111 3353 1165 3414 uni
1187 3352 1292 3431 signo,

175 3454 263 3532 quod
285 3449 339 3521 alii
365 3453 534 3516 rideretur
555 3451 831 3530 adscribendum,
852 3454 948 3517 sicuti
970 3452 1055 3517 idem
1073 3452 1175 3515 'sensit
1200 3450 1295 3514 (Irni-

177 3556 268 3617 cius:
292 3575 309 3614 a
332 3552 422 3617 llaec
443 3554 528 3617 enim
551 3560 582 3615 et
604 3553 786 3631 sequeutia,
809 3555 934 3628 scribit,
959 3554 1089 3616 ridetur
1110 3561 1219 3614 noster
1242 3552 1296 3612 de·

179 3659 371 3734 prompsisse
393 3673 434 3718 ex
456 3655 593 3727 dirersis
614 3655 744 3718 libellis.
767 3653 874 3719 Multa
891 3658 975 3719 euim
995 3673 1080 3734 quae
1095 3653 1233 3735 prolert,
1248 3655 1295 3714 in·

181 3765 227 3819 ter
250 3777 284 3821 se
307 3758 505 3837 discrepant,
525 3757 562 3819 'et
583 3757 686 3821 multa
707 3759 755 3821 his
777 3759 943 3838 leguntur.
967 3778 984 3816 a
1057 3755 1060 3761 ’

258 3855 343 3923 llinc
362 3859 450 3924 subit
471 3877 541 3940 cap.
565 3856 619 3922 tv.
641 3860 696 3922 uhi
721 3859 908 3942 anonymus
939 3858 1093 3938 expendit
1125 3875 1294 3935 magorum
