2886 4784
160 442 207 503 ita
228 439 304 503 velit
314 457 326 518 3
353 443 430 501 tnnc
451 445 484 502 et
506 439 574 519 ipse
595 438 689 502 divus
710 433 949 502 Thomasidem
964 437 1089 502 subiret
1101 426 1244 520 judicium,

159 541 216 621 qni
237 539 332 619 plura
355 541 507 618 exposuit
529 541 691 603 nonsatis
713 547 825 619 aperta
848 542 1012 602 communi
1036 540 1247 620 intelligentiae.

162 637 204 702 Et
222 639 354 719 insuper
375 641 442 719 ipse
463 659 596 720 quoque
612 639 788 719 Apostolus
805 639 1029 720 reprobandus
1045 648 1140 713 esset,
1156 639 1192 702 de
1203 655 1252 720 nno

160 740 273 803 heatus
297 738 413 802 Petrus
434 741 464 802 in
490 740 632 821 Epistola
657 739 698 800 ll.
721 758 750 802 o.
777 738 833 802 ΙΙΙ.
856 736 907 804 16.
930 742 986 814 ait,
1011 739 1042 801 in
1062 740 1131 802 suis
1151 738 1255 818 scriptis

159 840 318 920 quaedam
340 859 409 903 esse
429 840 569 904 difficilia
594 841 782 903 intellectu:
806 857 892 919 quae
912 840 1033 902 indocti
1056 849 1089 901 et
1112 840 1255 902 instabiles

157 940 347 1019 depravant,
367 942 461 1004 sicuti
483 949 517 1004 et
536 951 661 1007 ceteras
677 940 860 1019 Scripturas
876 941 914 1002 ad
930 958 1023 1003 suam
1040 942 1186 1018 ipsorum
1200 957 1257 1019 per·

158 1041 322 1105 ditionem.
346 1040 495 1117 Domum,
513 1051 654 1122 ponatur
674 1060 807 1122 quoqne
828 1043 860 1104 in
881 1042 1077 1121 quibusdam
1100 1042 1260 1122 Origenen

161 1160 301 1218 errasse,
325 1144 413 1223 quod
436 1143 680 1206 individualiter
702 1153 818 1223 putare
834 1144 912 1207 licet
927 1144 967 1206 de
984 1143 1103 1206 ceteris
1120 1143 1265 1206 Patribus.

160 1243 229 1309 Nec
248 1245 322 1307 ideo
345 1252 451 1307 tamen
474 1245 647 1308 vocabitur
668 1245 863 1319 haereticus,
886 1262 961 1308 cum
978 1246 1008 1305 in
1024 1246 1074 1306 his
1089 1262 1149 1307 nec
1166 1244 1265 1306 volun·

161 1354 223 1422 tas,
246 1363 305 1409 nec
327 1348 508 1426 pervicacia
529 1354 686 1428 appareat
707 1347 874 1410 doctrinae
896 1346 1097 1426 repugnandi
1114 1345 1266 1411 Ecclesiae

160 1445 347 1510 Catholicae
358 1467 370 1526 3
392 1448 445 1511 cui
468 1455 627 1527 perpetuo
648 1465 683 1509 se
703 1447 847 1522 devovit,
863 1447 958 1511 sicuti
981 1448 1013 1508 in
1036 1445 1265 1527 praemissisl·

160 1547 210 1611 dei
232 1548 484 1612 conlessinnibns
505 1549 693 1612 luculenter
714 1549 886 1629 expressit.
1266 1549 1269 1557 '

244 1648 294 1712 Ex
316 1651 364 1712 his
386 1651 487 1728 igitur
507 1659 539 1713 et
560 1649 714 1729 praelatis
735 1651 905 1725 cernitur,
929 1666 1006 1712 num
1027 1649 1069 1713 sit
1090 1649 1186 1713 locus
1205 1648 1266 1713 Ori·

41 1786 44 1793 ·
162 1751 250 1830 genis
271 1751 464 1829 reprobandi
477 1772 488 1829 ;
512 1751 606 1832 ouius
628 1750 667 1812 ad
690 1759 819 1814 centum
851 1759 884 1814 et
913 1751 1155 1833 quinquaginta
1181 1768 1270 1816 aanor

162 1849 275 1914 Patres
297 1871 434 1916 numero
456 1853 630 1933 plusquam
652 1852 781 1930 triginta
805 1851 856 1930 (in
878 1851 1000 1931 quihus
1021 1847 1199 1934 Dionysius
1212 1852 1264 1915 ale·

159 1951 339 2015 xandrinus
359 1961 391 2016 et
413 1951 617 2030 Pamphilus)
633 1970 695 2013 non
717 1950 912 2015 dubitarunt
927 1952 1091 2016 sanctitati
1114 1961 1147 2017 et
1163 1952 1270 2027 ortho·

161 2052 281 2117 doxiae
297 2054 506 2134 patrocinaris
523 2072 620 2134 quem
635 2053 772 2115 istorum
788 2070 883 2115 nemo
898 2069 999 2116 ausus
1012 2059 1063 2115 ost
1079 2053 1270 2117 haereticum

160 2154 341 2234 appellare,
363 2173 469 2236 neque
490 2160 583 2218 extra
607 2153 786 2216 Ecclesiam
808 2153 964 2217 arbitrari
985 2153 1191 2218 delunetun.
1212 2151 1266 2229 nst

162 2254 196 2316 in
218 2261 283 2318 tota
302 2258 368 2319 vita
387 2275 447 2321 sna
468 2260 570 2320 instar
584 2255 732 2334 Apostoli
755 2255 875 2318 honum
897 2260 1063 2318 certamen
1082 2252 1269 2332 nortanni-

163 2353 302 2436 dsmque
324 2358 447 2438 integre
468 2359 622 2421 serravit.
645 2354 710 2432 Qui
733 2362 781 2419 tot
801 2362 960 2438 martyres
981 2352 1116 2420 Christo
1138 2355 1270 2436 peperitp

163 2457 220 2536 qni
242 2458 282 2520 ab
303 2458 518 2524 adolescentia
539 2458 697 2541 martyrio
718 2457 944 2531 exardescens,
967 2457 1000 2520 in
1020 2464 1190 2523 senectute
1208 2474 1269 2521 erte¹

162 2557 266 2621 nialus
287 2558 477 2624 durissimos
498 2559 631 2625 sustulit
652 2559 694 2621 ob
716 2557 838 2623 Christi
860 2560 997 2645 nominis
1022 2560 1265 2624 contessionem:

164 2659 221 2737 qni
242 2659 374 2724 demum
399 2664 431 2724 in
452 2681 532 2744 pace
552 2662 642 2724 illius
665 2668 815 2724 mortuus
836 2668 896 2725 est.
1118 2658 1121 2662 ’

247 2756 289 2822 Et
310 2761 390 2826 haec
411 2773 460 2828 est
482 2761 635 2844 periodus
657 2761 761 2840 prima
782 2762 978 2840 quaestionis
1006 2761 1213 2843 origenianae
1234 2757 1270 2824 ad

169 2856 339 2941 Theophili
360 2872 498 2930 aetatem
519 2880 634 2942 nsque.
