2886 4784
1110 323 1167 391 111

505 420 643 489 cuent
666 418 722 487 Xl.

45 620 227 710 Refutatur
250 628 434 705 dnonpmus
459 624 586 689 Callisti
606 627 740 705 culpans
761 624 992 704 indulpentiam
1013 646 1088 707 erpa
1100 647 1170 709 pec.

93 741 219 793 catores
240 747 448 810 quascumque
464 737 534 806 post
554 727 742 807 baptismum
763 727 893 807 lapsas:
914 727 1007 808 quasi
1028 728 1171 793 Ecclesia

97 830 218 895 Clsristi
237 841 310 893 ants
329 831 385 892 lsoc
404 838 525 908 tempus
545 848 565 890 a
582 826 777 909 poenitentia
797 837 825 890 et
845 828 1099 894 reconciliatione
1119 851 1173 893 ea-

94 931 227 994 cluserit
247 932 353 1010 fideles
373 928 525 1010 cujusque
547 927 694 991 criminis
716 946 794 990 reos.

62 1175 239 1300 Similiter
256 1235 442 1317 Anonymus
465 1241 656 1314 prosecutus
672 1233 702 1293 in
718 1233 928 1309 corripiendis
945 1231 1069 1297 Callisti
1085 1254 1174 1297 erru-

60 1339 163 1412 ribus,
180 1355 416 1417 personamque
439 1354 551 1413 gerens
573 1332 744 1396 Novatiani
767 1335 874 1415 (cujus
888 1335 1031 1397 occultat
1046 1339 1173 1411 nomen)

58 1439 168 1518 arguit
192 1436 388 1508 Pontificem,
406 1439 575 1515 iuquiens:
593 1455 609 1493 u
627 1430 734 1508 Ouum
747 1433 828 1496 talia
846 1435 987 1513 deceptor
1009 1433 1067 1498 iste
1088 1435 1177 1513 (Cal-

58 1535 172 1614 listus)
195 1546 392 1608 amississet,
410 1536 549 1598 sclsolam
569 1532 712 1595 instituit
726 1535 877 1596 aduersus
894 1533 1065 1598 Ecclesiam
1080 1536 1179 1598 set-ita

58 1638 199 1709 doceret,·
221 1636 444 1715 hominumque
461 1633 573 1715 pravis
594 1633 823 1712 cupiditatibus
845 1634 1012 1714 indulpers
1034 1636 1177 1715 primum

58 1736 189 1800 molitus
210 1747 269 1811 est,
289 1737 394 1799 dicens
416 1758 437 1799 a
456 1756 486 1798 se
502 1744 633 1816 peccata
654 1735 797 1797 amnibus
826 1737 956 1798 remitti.
983 1735 1178 1818 Quicumque

55 1836 143 1900 enim
162 1836 361 1901 christianus
375 1837 492 1912 dictus,
512 1836 550 1898 ab
571 1835 637 1897 alio
657 1839 765 1916 fuerat
785 1838 941 1911 seductus,
957 1849 986 1900 et
1001 1840 1101 1901 scelus
1119 1840 1180 1901 ali·

60 1940 148 2020 quod
168 1937 384 2010 commisisset,
406 1957 470 2001 nan
492 1937 637 1999 reddebat
657 1934 810 2000 rationem
831 1940 868 1999 dc
885 1950 1013 2018 peccato
1033 1961 1103 2012 sua,
1116 1961 1180 2002 mo·

59 2041 101 2101 do
122 2041 167 2102 ad
187 2040 324 2102 scleolam
345 2037 472 2103 Callisti
491 2039 691 2120 consupisset.
719 2036 814 2118 Cujus
836 2041 1016 2118 definitione
1042 2045 1181 2121 panden-

59 2149 105 2201 tes
126 2138 235 2211 multi,
257 2139 449 2202 conscicntia
470 2137 635 2212 cruciati,
656 2138 809 2216 iidemque
829 2140 868 2200 ad
888 2141 1069 2204 haeresibus
1089 2161 1181 2220 repu-

59 2237 157 2314 diati,
179 2236 242 2301 imo
262 2239 417 2302 nonnulli
439 2238 583 2303 Ecclesia
605 2259 625 2300 a
646 2237 734 2300 nodis
753 2239 837 2317 sacta
852 2238 979 2318 judicio
1000 2241 1090 2320 ejecti
1102 2286 1113 2314 ,
1128 2261 1181 2303 aa·

62 2339 205 2403 cedentes
226 2338 390 2421 discipulis
411 2338 490 2420 ejus,
513 2339 650 2402 sedatam
670 2336 761 2400 illius
784 2341 1025 2419 compleverunt.
1043 2341 1083 2403 Et
1104 2361 1183 2422 pau·

62 2440 99 2504 lo
120 2451 193 2521 post
214 2440 314 2515 addit,
337 2443 507 2505 Callistum
530 2442 667 2521 ejusque
686 2442 806 2528 socios,
830 2450 1067 2506 contemnentes
1091 2444 1183 2508 Chri·

64 2550 168 2615 stum,
191 2542 349 2603 neminem
371 2558 389 2602 a
413 2549 545 2620 peccato
562 2539 747 2618 prohibere,
764 2552 942 2604 asserentes
958 2562 1050 2622 posse
1064 2547 1184 2623 seipsos

65 2647 200 2719 peccata
223 2643 389 2703 remittere
411 2641 594 2702 hominibus
618 2641 719 2702 bonae
743 2641 932 2705 voluntatis.

146 2739 275 2803 Horum
300 2742 473 2805 verborum
497 2742 617 2803 falsitas
639 2749 732 2801 antea
755 2744 786 2804 iu
804 2743 865 2804 hoa
882 2745 1182 2820 comprehenditur,

64 2841 154 2923 quod
180 2841 369 2924 Anonymus
391 2845 448 2918 ait,
471 2840 640 2906 Callistum
665 2843 805 2920 primum
827 2843 984 2906 adversus
1007 2844 1184 2909 Ecclesiam

65 2942 213 3006 scholam
234 2944 432 3023 instituisset
455 2947 485 3005 iu
506 2961 571 3021 qua
594 2945 698 3005 omniu
734 2953 864 3021 peccata
897 2944 1034 3007 docebat
1066 2949 1185 3008 remitti

68 3061 174 3123 posse.
196 3041 268 3106 Non
290 3045 374 3105 enim
396 3042 549 3108 Callistus
572 3045 653 3106 hanc
675 3046 812 3105 instituit
834 3044 992 3118 scholam,
1017 3046 1071 3106 sed
1095 3045 1187 3110 Chri·

67 3151 139 3206 stus
162 3142 258 3206 lesus
279 3145 311 3205 in
333 3143 527 3222 Evangelim
548 3152 581 3205 et
603 3144 719 3206 Petrus
736 3142 913 3222 Apostolus
928 3146 1045 3222 suique
1061 3164 1190 3209 succes·

67 3261 162 3307 sares
184 3263 288 3323 usque
310 3246 348 3306 ad
371 3245 543 3308 Callistum
566 3262 604 3306 ua
628 3244 776 3324 deinceps
799 3252 957 3322 perpetuo
980 3246 1187 3322 docuerunt,

70 3344 118 3408 uti
142 3343 238 3407 modo
261 3353 424 3419 servatur,
448 3355 518 3422 post
542 3345 734 3423 baptismum
762 3343 853 3406 aliud
875 3353 1114 3406 sacramentum
1137 3365 1187 3408 ra·

69 3445 304 3506 conciliationis
325 3463 496 3525 superesse
518 3448 555 3509 iis
580 3445 728 3507 fidelibus
752 3444 857 3507 denuo
881 3446 910 3506 in
933 3455 1100 3523 peccatum
1122 3447 1190 3525 lap·

67 3549 124 3610 sis.
150 3545 345 3625 Huiusmodi
370 3547 515 3610 doctrina
539 3550 633 3628 praxi
655 3549 774 3610 sociata
799 3547 950 3608 firmatur
967 3547 997 3606 iu
1014 3545 1190 3626 Evangelia

70 3647 111 3709 de
135 3645 246 3716 Petro,
269 3649 325 3726 qui
347 3650 474 3726 negavit
495 3667 528 3710 se
551 3665 642 3712 nasso
664 3649 829 3713 Christum
842 3668 854 3726 3
871 3657 902 3709 et
918 3660 989 3725 post
1005 3647 1189 3726 abnegatio·

68 3766 142 3808 nem
166 3751 361 3826 poenitentia
384 3750 525 3811 ducitur.
552 3749 629 3812 ltem
653 3751 683 3810 in
707 3751 795 3811 Actis
825 3749 1032 3827 apostolicis,
1059 3750 1088 3808 iu
1117 3749 1190 3826 Epi·

69 3848 155 3908 stola
175 3847 197 3908 Ι.
215 3849 255 3909 ad
271 3848 455 3913 Corinthius
470 3847 514 3910 De
526 3847 717 3925 incestuosa,
732 3859 763 3911 et
780 3853 810 3911 in
824 3848 967 3930 Epistola
988 3846 1026 3908 ΙΙ.
1045 3849 1098 3910 ubi
1114 3854 1192 3912 scri·

69 3948 118 4010 bit
141 3948 341 4028 Apostolus:
365 3947 473 4029 lnpcdo
495 3953 624 4026 multos,
645 3950 702 4031 qni
722 3951 758 4013 in
778 3948 860 4011 vobis
881 3947 1074 4024 ceciderunt,
1094 3967 1192 4030 neque

64 4047 295 4127 poenitentiam
316 4059 461 4130 eperunt,
484 4059 519 4113 ut
541 4052 699 4127 ostendat,
726 4055 851 4116 tametsi
876 4052 1049 4114 ceciderint
1071 4053 1096 4112 si
1120 4070 1194 4128 pue·

70 4150 237 4214 pitantiam
260 4156 477 4232 susceperint,
494 4152 619 4218 admitti
639 4154 858 4229 nibilominus,
875 4172 932 4216 nec
948 4154 1077 4216 omnino
1090 4153 1191 4233 rejici.
