2886 4784
160 433 316 520 baberot5
339 449 377 495 ac
397 431 494 494 simui
517 431 633 495 docens
655 430 697 494 ob
728 429 951 504 adulterium,
974 427 1058 494 solvi
1092 431 1261 496 omnimode

159 533 348 614 corringium
371 551 445 596 com
467 532 596 594 licentia
620 532 699 593 atius
722 531 852 594 ineundi
874 534 1014 610 nuptias.
1040 531 1077 594 in
1109 550 1177 612 quo
1202 552 1263 596 seue

159 635 318 699 sermonis
340 643 465 713 pateret
486 635 658 696 anoumiia.
685 632 755 698 Noa
777 635 862 696 enim
884 635 1054 708 deessent,
1078 639 1136 714 qui
1161 653 1264 697 uxores

159 755 236 801 snas
256 736 410 799 adulterii
431 746 621 815 arguerent,
645 748 702 799 ant
725 737 885 809 vicissim,
908 736 1051 813 ntideo,
1075 738 1213 801 admisto
1230 736 1264 798 di-

162 839 272 903 -rortio
294 838 397 912 totaii,
420 856 541 900 novum
565 838 682 900 inirent
703 836 902 916 conjuginm.

242 939 402 1019 Insuper,
428 940 594 1019 quomodo
616 939 702 1002 toret
729 939 861 1002 adulter
888 939 967 1016 illa,
989 942 1049 1019 qni
1070 938 1261 1004 dimissama

159 1042 273 1121 priore
294 1041 413 1103 marito
433 1042 580 1113 duceret,
595 1040 729 1122 quando
750 1058 837 1104 uxor
852 1040 981 1104 dimissa
997 1060 1063 1104 non
1079 1041 1263 1122 estamplius

160 1161 250 1207 uxor
270 1141 471 1217 dimittentis,
490 1144 546 1222 qui
566 1143 642 1223 inre
663 1160 734 1205 eam
755 1160 774 1204 a
795 1161 830 1207 se
851 1144 1003 1220 removit,
1014 1161 1062 1207 ao
1077 1143 1214 1207 liberam
1227 1161 1264 1206 re

160 1244 274 1324 liquit:
292 1261 350 1309 nec
371 1243 511 1321 amplius
534 1243 595 1307 init
616 1245 647 1306 in
661 1263 719 1307 soa
737 1243 913 1322 potestate?
931 1246 1088 1326 Aliot'in
1102 1246 1129 1308 si
1147 1245 1263 1309 bactra

161 1349 228 1409 tius
246 1345 573 1418 incatndoitornm,
597 1347 653 1425 qni
684 1364 893 1425 quecumque
914 1367 955 1410 ex
978 1364 1101 1423 causa,
1121 1347 1213 1410 -nolla
1231 1348 1265 1408 iu·

166 1447 298 1526 terjecta
321 1447 701 1525 exceptione,·dimissam
719 1466 740 1521 ⁴u
766 1450 883 1511 marito
898 1448 1000 1521 ducit,
1016 1450 1184 1529 seqnitur,
1202 1465 1266 1512 nnu-

163 1567 261 1628 quam
283 1567 408 1611 eessoro
430 1566 567 1610 uxorem
590 1549 751 1612 dimissam
775 1551 939 1629 pertinere
960 1551 999 1611 ad
1023 1552 1170 1630 primurn
1187 1549 1265 1613 mari·

164 1659 248 1722 tum,
272 1651 328 1727 qui
350 1651 469 1712 dimisit
489 1666 584 1726 erm,
606 1652 755 1730 quamvis
775 1649 930 1714 adulterii
951 1653 1079 1714 crimen
1097 1651 1203 1715 eidem
1221 1652 1267 1713 im·

165 1753 299 1834 putarit.
529 1816 532 1820 Α
806 1773 812 1778 ·
1209 1780 1212 1784 ’
1251 1767 1256 1775 ·

249 1853 419 1918 Praeterea
441 1873 482 1916 ox
505 1853 554 1915 bis
575 1851 732 1916 Lactantii
754 1852 847 1917 dietis
868 1871 957 1916 nxor
983 1853 1139 1916 adultera
1171 1871 1268 1935 perpe·

167 1963 224 2021 tuo
248 1957 381 2033 innupta
404 1972 534 2017 manere
553 1953 704 2033 deberet3
719 1956 854 2017 maritos
872 1973 949 2017 rero
971 1973 1031 2034 pro
1053 1955 1166 2020 lubitu
1187 1955 1267 2017 alirn

165 2068 275 2138 posset
296 2059 355 2119 sibi
387 2075 548 2137 quaerere
580 2073 730 2118 uxorem.
755 2054 849 2132 Quod
879 2075 983 2137 neque
1008 2056 1144 2138 Moyses
1166 2056 1266 2132 voluit,

165 2179 224 2225 neo
246 2177 454 2223 romanorum
474 2157 550 2238 jura
581 2159 800 2238 postutarnnt.
825 2158 974 2222 Cbristns
1005 2168 1120 2223 antem
1146 2176 1268 2240 praecr-

166 2263 227 2342 pit,
249 2279 387 2324 uxorem
408 2260 717 2340 quomodocumque
736 2261 911 2334 dimissam,
934 2278 1068 2322 manere
1090 2262 1266 2342 innuptam,

166 2372 224 2427 aut
248 2364 317 2425 viro
338 2380 400 2425 suo
422 2363 645 2435 reconciliari,
669 2381 707 2425 ac
738 2364 890 2424 marinam
914 2364 1036 2440 inpari
1062 2365 1188 2426 versari
1208 2379 1268 2426 con·

165 2466 297 2538 ditione,
315 2465 417 2526 donee
438 2482 552 2528 eorum
575 2482 660 2526 nnus
681 2465 711 2525 in
735 2464 971 2543 rivisdegeret.
988 2462 1075 2528 dora
1097 2474 1208 2529 antem
1227 2481 1267 2526 ro

164 2587 335 2628 aratrorum
359 2579 389 2628 ct
409 2567 606 2646 judaeorum
627 2575 807 2628 statuerant
828 2568 928 2630 licere
944 2567 1029 2643 viro,
1049 2587 1159 2630 uxore
1180 2568 1268 2629 dimis-

162 2689 221 2742 sa,
248 2669 336 2730 atiud
362 2668 441 2730 inire
465 2668 684 2746 connubium,
705 2686 766 2730 nec
788 2677 894 2730 tamen
917 2669 1015 2732 uxori
1038 2669 1191 2733 dimissae
1219 2669 1268 2730 boc

163 2770 248 2834 idem
270 2779 430 2848 negarunt
452 2770 517 2850 jus.

166 2896 190 2910 ··
245 2871 328 2936 Cum
349 2890 428 2950 ergo
449 2890 511 2935 non
533 2872 574 2935 sit
595 2872 869 2952 praesumendum
900 2874 945 2935 ita
977 2871 1130 2937 docuisse
1151 2891 1188 2936 ac
1206 2870 1269 2943 scri·

166 2974 264 3055 psisse
286 2971 489 3036 Lactantium
510 2983 622 3039 contra
644 2992 735 3036 sacra
758 2985 953 3052 pugnantem
975 2982 1007 3036 et
1030 2977 1175 3053 gentium
1193 2976 1267 3056 jura,

166 3083 339 3155 propterea
369 3077 551 3139 necessario
583 3079 615 3138 in
645 3076 859 3154 suspicionem
891 3094 948 3138 nos
982 3078 1157 3155 cogimur,
1184 3079 1267 3157 ipsios

165 3179 249 3240 dicta
280 3179 321 3238 ab
352 3178 597 3240 amanuensium
628 3179 752 3241 incuria
784 3178 946 3257 quandam
975 3178 1117 3241 subiisse
1149 3179 1268 3241 ranen-

166 3290 254 3356 tem;
276 3297 361 3358 qnae
390 3281 437 3342 sic
459 3278 655 3342 emendanda
680 3280 869 3342 videretur:
893 3279 992 3342 «Sed
1016 3289 1147 3357 tamen,
1172 3280 1268 3360 nequis

165 3382 271 3442 divina
302 3391 474 3459 praecepio
507 3381 778 3468 circumscribere
800 3401 833 3443 se
855 3389 947 3461 putet
978 3401 1095 3462 posse,
1128 3383 1270 3446 addantur

165 3484 235 3556 ilia,
254 3492 289 3545 ut
312 3485 413 3544 oannis
435 3481 596 3544 calumnia
612 3491 644 3544 et
659 3485 786 3544 occasio
808 3482 932 3544 fraudis
952 3493 1179 3559 remorentur,
1194 3483 1270 3546 adui-

166 3592 272 3646 torum
299 3602 380 3655 esso,
403 3585 459 3663 qni
482 3601 498 3644 a
523 3586 640 3646 marito
679 3585 840 3646 dimissam
870 3585 1028 3663 duxerin
1061 3593 1095 3648 et
1126 3606 1198 3649 enm
1226 3585 1271 3664 qni

165 3693 300 3763 propter
316 3687 392 3760 (nou
412 3685 553 3762 praeter)
572 3685 695 3746 crimen
720 3684 873 3746 adulterii
894 3702 1034 3746 uxorem
1058 3685 1226 3759 dimiserit,
1243 3688 1273 3745 nt

164 3786 301 3848 alteram
326 3787 434 3847 ducat.
469 3784 644 3848 Dissociari
680 3787 765 3847 enim
797 3804 918 3864 corpus
949 3796 982 3848 et
1014 3789 1155 3851 distrahi
1184 3784 1273 3850 noluit

165 3885 264 3950 Deus.
288 3906 306 3944 s
329 3886 421 3964 Quae
443 3896 604 3967 postrema
630 3888 726 3950 verba
748 3889 932 3973 praemissis
953 3907 1114 3969 consona,
1138 3891 1274 3972 repetunt

166 3987 248 4052 Jesn
269 3990 379 4052 dicta:
401 3998 430 4052 et
453 3998 546 4052 crunt
566 3992 630 4052 duo
650 3991 686 4052 in
708 4008 805 4052 corne
824 4008 903 4053 uno.

251 4088 365 4150 illusio
388 4109 488 4168 porro
511 4093 769 4164 amanuensium,
792 4091 878 4153 unde
900 4092 981 4154 haec
1003 4092 1126 4156 accidit
1146 4090 1277 4157 iectionis

168 4189 306 4256 varietas
329 4193 401 4255 iude
423 4193 628 4276 obscuritas,
654 4202 690 4255 ut
711 4193 834 4256 scilicet
854 4194 928 4257 ioco
951 4204 1086 4276 propter
1109 4197 1277 4263 scriberent
