2886 4784
153 374 214 446 114

157 482 326 557 monium;
348 477 405 560 qni
429 478 517 542 tastis
538 475 704 552 oculatus,
720 473 817 541 aliter
837 476 951 537 narrat
971 476 1042 536 acta
1065 467 1186 556 Spnodi
1205 466 1257 535 ale·

159 581 338 646 xandrinaa
367 580 408 642 ab
438 579 497 655 iis,
528 596 613 658 quaa
642 575 862 662 Hieronymus
883 580 1056 655 acceperat
1090 573 1132 636 ab
1161 573 1255 637 eodan

160 680 354 763 Theophila.
379 680 481 762 Cujus
503 681 634 759 qnidam
657 677 768 744 Severi
792 679 1009 741 testimonium
1035 678 1155 741 ceteris
1182 693 1255 755 praa

156 793 247 848 stara
268 783 364 846 debat
384 781 554 861 quibusvis
576 781 784 844 mendacibus
805 777 975 861 Theophili
998 776 1253 842 declarationibus

160 893 195 950 et
215 884 498 950 obtestationibus.

171 995 185 1015 ⁶
238 985 379 1051 Severus
401 986 506 1063 inquit
521 984 531 1060 (
548 985 650 1049 veluti
665 987 696 1048 in
714 982 817 1049 Tamo
835 982 894 1048 lll.
910 980 1026 1048 sedulo
1041 978 1253 1062 exposuimus)

158 1086 334 1151 monachas
349 1085 499 1165 Origenis
520 1085 708 1149 adsertores
728 1104 791 1150 nan
812 1086 979 1167 disputare
1001 1102 1115 1149 noram
1130 1082 1252 1166 Synodo,

160 1190 214 1254 oni
236 1197 388 1269 praeerat
408 1185 623 1266 Theophilus,
643 1206 722 1251 num
743 1187 984 1251 condemnanda
1001 1186 1112 1249 forent
1124 1186 1252 1265 dogmata

158 1306 240 1356 vero
265 1291 362 1371 impia
384 1290 477 1353 libris
498 1287 648 1367 Origenis
680 1292 820 1352 insertas
852 1289 907 1352 sed
936 1288 1168 1352 asseverabant
1195 1286 1251 1351 talla

157 1410 222 1457 non
243 1392 396 1473 probasse
418 1410 476 1454 nec
496 1393 661 1470 scripsisse
682 1389 857 1471 Origenam
869 1410 881 1470 3
903 1409 962 1454 nec
983 1391 1057 1454 ideo
1078 1390 1154 1472 jure
1185 1389 1250 1452 bunt

161 1494 268 1557 virum
290 1491 528 1572 subjiciendum
550 1512 620 1556 essa
641 1494 858 1571 anathemati,
880 1510 941 1555 nec
961 1490 1049 1554 ullos
1070 1509 1089 1553 a
1111 1490 1251 1554 librorum

158 1612 309 1670 suornm,
332 1594 386 1656 ubi
409 1594 609 1658 catholicum
632 1594 746 1674 dogma
769 1593 1036 1674 exprimebatur,
1059 1590 1196 1655 lectione
1212 1607 1252 1653 uo·

160 1696 316 1758 bibendos
338 1714 407 1759 esse
419 1715 430 1774 3
453 1714 512 1760 nec
533 1699 667 1776 insuper
686 1716 721 1760 se
743 1696 828 1760 ralla
850 1713 908 1758 nec
928 1694 1107 1773 librorum,
1122 1712 1180 1756 nec
1198 1689 1253 1754 Ori·

162 1799 250 1880 genis
270 1797 476 1886 subscribere
497 1797 705 1861 damnationi
723 1796 945 1874 Quamobrem
967 1795 1111 1860 Seuerus
1124 1796 1253 1876 ipse,su·

160 1909 211 1964 tea
232 1901 382 1974 miratus,
405 1900 572 1980 quomodo
592 1920 678 1964 uuus
700 1900 788 1963 homo
810 1909 876 1962 tom
896 1897 1045 1961 diuersus
1060 1918 1081 1961 o
1095 1915 1200 1961 sesass
1210 1912 1253 1976 po

88 2066 93 2073 ,
157 1999 277 2073 suisset,
293 2018 381 2063 aune
397 2002 497 2081 juxto
519 2002 675 2080 apostolos
695 2010 819 2077 saneto,
839 2002 929 2063 modo
945 1998 1254 2080 imploraremus

160 2101 200 2165 be
220 2100 477 2181 comprehendit,
501 2102 533 2163 in
553 2120 591 2164 ea
614 2103 803 2182 quaestione
825 2120 888 2165 non
909 2104 960 2183 agi
981 2103 1022 2165 de
1044 2102 1193 2179 haeresi,
1210 2097 1251 2165 ssd

159 2201 200 2265 da
220 2218 347 2266 errore.
370 2200 522 2265 Monachi
544 2204 629 2265 enim
655 2204 872 2266 orthodoxam
905 2202 1042 2281 professi
1068 2203 1186 2280 fidem,
1204 2202 1252 2264 laus

160 2312 285 2367 tantum
307 2305 505 2379 asscrebant,
520 2304 696 2385 Origenem
713 2325 775 2370 non
790 2324 858 2369 asso
873 2306 1107 2382 damnandnm,
1123 2324 1195 2371 cum
1208 2320 1252 2368 aas

160 2412 313 2480 errasset,
330 2423 390 2470 uec
412 2406 487 2468 lalia
509 2408 702 2487 scripsisset,
718 2408 773 2470 sed
794 2407 866 2488 ejns
886 2408 989 2470 libros
1011 2406 1113 2471 inissa
1133 2407 1254 2486 interpo-

157 2506 253 2570 latos.
270 2506 312 2571 Et
334 2508 395 2570 hoo
412 2509 650 2572 monachorum
673 2526 863 2587 responsum
885 2492 1037 2571 firmatur
1052 2509 1094 2571 ab
1108 2505 1251 2586 Hieronp-

158 2625 212 2669 mo
235 2609 265 2669 in
286 2610 422 2687 epistola
446 2606 498 2674 97.
526 2611 565 2672 ad
590 2609 834 2673 Pammachinm
856 2617 888 2672 et
910 2607 1125 2672 Marcellam:
1149 2606 1253 2686 «Papa

159 2705 361 2788 Theophilus
384 2718 449 2774 tota
471 2710 644 2791 Origenem
666 2714 778 2790 arguit
797 2712 948 2774 libertate
969 2711 1173 2775 haereticum
1191 2725 1254 2774 eoa.

159 2808 229 2875 Nec
250 2811 297 2874 illi
318 2812 513 2891 (monachi)
535 2814 619 2877 dicta
643 2814 831 2889 detendunt,
847 2812 901 2876 sed
925 2811 1049 2891 lingunt
1070 2813 1112 2875 ab
1133 2807 1255 2876 haereti·

162 2911 208 2975 cis
230 2913 412 2978 immutata.
437 2934 454 2973 »

244 3016 349 3082 Porro
371 3035 452 3097 quas
474 3018 655 3097 potissimas
675 3018 766 3081 siluit
787 3035 900 3082 causas
920 3016 1086 3094 Severus,
1118 3033 1180 3080 cnr
1203 3029 1256 3076 mo

162 3118 257 3182 anchi
286 3120 493 3182 subscribere
524 3127 705 3183 renuerunt
726 3119 921 3183 damnationi
942 3117 1118 3198 Origenis,
1146 3118 1258 3180 enarrat

162 3220 247 3283 idem
269 3219 489 3305 Hieronymus
512 3222 543 3284 in
565 3223 701 3300 epistola
724 3221 763 3282 ad
787 3220 1088 3283 Pammachinm.et
1107 3218 1258 3282 Oceanum

162 3341 194 3385 n.
215 3320 246 3392 d.
270 3323 439 3403 inquiens:
465 3346 481 3384 a
504 3323 553 3386 hd
575 3324 845 3402 subscriptionem
870 3322 1131 3401 tergiversantur
1142 3366 1155 3397 ,
1178 3333 1260 3400 quau

162 3430 307 3504 runtque
328 3425 479 3506 snllngia.
504 3427 598 3489 Alius
619 3446 682 3489 non
702 3444 848 3506 passum,
869 3424 985 3503 inquit,
1009 3424 1177 3498 damnare,
1192 3416 1259 3503 quod

162 3543 251 3586 nemo
272 3525 447 3590 damnauit.
465 3526 560 3592 Alius
581 3529 716 3609 adjecit:
734 3524 817 3588 nihil
831 3543 926 3605 super
939 3525 996 3587 hoc
1011 3545 1031 3587 o
1046 3523 1199 3588 Patribus
1210 3531 1261 3584 ste·

165 3636 266 3689 sutum
288 3637 353 3691 ests
377 3638 413 3691 nt
434 3630 512 3692 dnm
535 3631 634 3692 totins
655 3630 743 3693 orbis
765 3635 966 3708 provocatur
985 3629 1182 3700 auctoritas,
1200 3623 1261 3689 aab·

163 3731 324 3792 scrihendi
346 3734 517 3794 nenessitas
539 3731 723 3794 differatur.
752 3729 894 3806 Quidam
923 3723 1123 3793 constantius
1151 3724 1260 3807 inquit:

166 3827 327 3904 Quomodo
346 3831 592 3908 damnabimus,
619 3851 697 3914 quus
718 3829 866 3912 Synodus
892 3828 1028 3894 uieoeseu
1056 3849 1122 3893 noo
1150 3816 1264 3908 talpis?

165 3929 254 4006 Quae
274 3936 356 3995 euim
377 3934 542 3998 dornaooil
564 3933 701 4011 Arium,
725 3935 904 3996 damnasset
924 3931 1034 4012 utique
1056 3940 1086 3994 et
1113 3930 1265 4013 Ors'peusts

163 4030 193 4092 si
214 4031 308 4095 illios
338 4037 486 4114 docmata
515 4037 717 4117 reprobasset.
741 4055 757 4094 a
780 4034 869 4099 llaec
901 4043 1010 4098 antem
1042 4035 1265 4099 monachorum

163 4149 315 4212 responsa
339 4145 515 4200 nonerunt
538 4139 834 4219 tergiversationes,
857 4154 919 4198 non
941 4142 1034 4199 erant
1054 4135 1216 4217 suffugia,
1234 4135 1265 4193 ul

164 4238 292 4314 putarit
314 4237 551 4323 Hieronymus:
568 4247 618 4304 ast
632 4247 724 4305 erant
737 4240 959 4320 expressiones
975 4240 1076 4304 totins
1092 4232 1262 4308 Ecclesiaai
