2886 4784
158 2297 356 2476 Triginta
386 2372 528 2460 iareah
546 2373 630 2448 hine
650 2375 767 2458 annis,
788 2374 1024 2449 heterodoxis
1052 2397 1138 2473 prae
1158 2397 1247 2473 gau·

157 2508 218 2582 dio
246 2503 499 2605 gestientibus,
528 2499 720 2576 aGraaoia
749 2503 784 2576 iu
814 2501 950 2577 Gallias
971 2503 1184 2589 translatus,
1209 2504 1247 2576 in

156 2635 277 2711 lucam
298 2633 430 2732 prodiit
449 2655 601 2730 graecus
620 2628 759 2715 Codex,
788 2632 845 2706 cui
865 2631 994 2708 titulus
1015 2631 1248 2732 Philosophu-

155 2788 274 2846 mene,
301 2785 367 2837 seu
393 2763 554 2836 omnium
583 2761 769 2835 bonerum
798 2758 996 2860 Restitutio.
1025 2761 1066 2834 ln
1086 2784 1159 2859 quo
1186 2761 1246 2834 in·

155 2905 217 2965 ter
243 2889 333 2976 alia,
352 2902 545 2964 narrantur
572 2901 675 2987 gesta
694 2889 847 2965 duorum
868 2889 1087 2966 Pontificum
1107 2889 1248 2987 Zephy-

157 3019 229 3093 rini
257 3033 295 3093 at
321 3016 657 3116 Callisti3quorum
687 3018 915 3114 potissimum
936 3018 982 3092 ab
1003 3018 1160 3093 duotore
1180 3040 1245 3091 ax·

156 3145 353 3244 probratur
367 3145 456 3220 fides
485 3144 592 3219 dubia
621 3157 660 3219 at
687 3145 866 3220 instabilis
885 3147 1060 3221 adversus
1075 3169 1132 3230 ea,
1148 3167 1242 3241 quae

159 3273 266 3350 lesus
294 3274 331 3346 in
359 3271 556 3370 Evangelio
594 3272 687 3346 dixit
719 3271 851 3348 Patro:
881 3298 943 3372 ⁶9⁰
974 3287 1095 3347 autem
1122 3274 1246 3371 sonori

155 3425 222 3500 pro
249 3418 283 3477 te
312 3401 444 3487 Petro,
472 3415 513 3475 ut
544 3425 613 3476 noo
648 3401 791 3500 deficiat
816 3402 903 3501 fider
929 3416 1006 3476 tua.
1035 3400 1127 3476 Cum
1159 3425 1245 3477 vero

160 3530 238 3604 siue
263 3527 423 3603 auctoris
455 3515 600 3602 nomine
630 3540 668 3602 ot
695 3541 817 3604 aetate
850 3528 909 3602 bio
936 3526 1062 3603 Codex
1089 3528 1249 3626 scriptus

160 3658 224 3743 sit,
252 3657 349 3733 docti
376 3667 522 3731 nostrae
542 3655 673 3730 aetatis
701 3656 768 3728 viri
788 3655 983 3731 admodum
1010 3655 1248 3740 laborarunt,

158 3783 312 3860 Patrum
339 3784 590 3884 perquirentes
621 3798 882 3870 monumenta,
911 3783 940 3857 si
970 3783 1064 3860 forte
1093 3783 1248 3880 vestigia

159 3913 340 4010 quaedam
368 3913 475 4006 huius
503 3911 599 3996 libri,
619 3911 695 3986 sive
728 3912 915 4010 scriptoris
947 3910 1163 4009 reperirent.
1182 3910 1248 3984 At·

160 4055 286 4115 tamen
307 4041 496 4139 perspicue
517 4063 587 4113 non
608 4041 780 4123 assecuti,
800 4041 856 4114 cui
878 4038 1117 4113 inscriberent
1132 4038 1247 4135 Opus,

164 4169 205 4241 in
232 4170 352 4244 varias
380 4168 548 4244 abierunt
575 4173 815 4259 conjecturas.
853 4213 860 4224 ·
