2886 4784
1240 346 1281 413 27

160 445 346 511 orthodoxe
368 444 501 522 docuit,
524 450 621 511 sicuti
644 449 788 529 ubique,
812 451 854 511 ita
877 467 1009 528 quoque
1036 449 1067 510 in
1090 447 1187 511 Libro
1218 449 1276 511 ΙΙΙ.

160 545 371 612 Periorcboo.
388 547 422 610 lu
437 567 505 628 qno
520 551 722 628 potissimum
738 550 893 614 adversus
910 551 1091 613 haereticos
1106 568 1280 629 argumen-

161 655 233 710 tum
257 657 398 711 tractans
419 649 458 711 dc
479 650 686 713 rationalium
709 652 872 725 libertate,
896 651 1086 730 augelorum
1110 669 1225 731 nempe
1247 658 1281 714 et

163 750 347 824 hominnm,
370 752 478 828 (qnos
500 767 594 827 pares
616 753 648 814 in
672 750 732 812 boc
754 751 854 822 dicit,
878 750 960 813 idest
981 750 1054 811 boni
1077 761 1109 812 et
1132 752 1208 811 mali
1230 769 1283 813 ca·

161 851 278 930 paces)
300 851 425 927 statuit,
447 851 627 913 nullimode
650 853 767 914 horum
792 852 1000 914 rationalium
1022 852 1160 913 arbitrio
1175 852 1283 914 obsta·

162 970 199 1014 re
220 952 361 1015 divinam
385 954 577 1016 futurorum
600 956 863 1034 praescientiam,
885 954 992 1035 quoad
1016 956 1156 1016 maxime
1179 956 1281 1033 ipsios

165 1053 291 1116 arbitrii
313 1054 462 1117 abusum.
486 1054 568 1118 (lum
590 1073 729 1135 namque
755 1056 936 1119 consideret
965 1056 995 1115 in
1029 1056 1157 1117 homine
1189 1056 1280 1135 lapso

162 1155 260 1216 animi
282 1155 332 1217 sni
355 1154 587 1229 infirmitatem,
604 1173 665 1216 non
681 1156 789 1217 solum
806 1156 890 1218 baud
907 1156 1065 1229 excludit,
1081 1156 1134 1218 scd
1159 1174 1279 1234 propn-

163 1263 238 1334 guat
260 1255 387 1318 divinae
410 1256 532 1334 gratiae
555 1259 776 1319 necessitatem
799 1258 830 1319 in
854 1258 1041 1319 exercendis
1063 1258 1189 1320 actibus
1214 1257 1280 1320 snis

164 1374 240 1436 erga
264 1355 390 1420 Deum:
415 1377 432 1416 a
454 1355 549 1432 Quod
574 1358 703 1435 quidem
722 1357 877 1420 Dominus
893 1358 957 1438 (ait
976 1360 1006 1420 in
1021 1377 1049 1420 c.
1073 1358 1095 1420 l.
1115 1355 1209 1421 η.12.
1226 1358 1286 1420 hn-

160 1458 215 1539 jus
237 1455 347 1532 Libri)
371 1457 550 1542 unicnique
569 1457 719 1533 confert,
744 1467 781 1520 ut
802 1458 1019 1520 conditionem
1041 1477 1133 1520 suam
1164 1465 1197 1520 et
1227 1456 1285 1521 Dei

162 1559 299 1640 gratiam
321 1559 447 1621 sentiat.
473 1557 536 1634 Qui
561 1577 638 1620 vero
674 1561 839 1640 propriam
872 1561 1126 1623 imbecillitatem
1160 1566 1192 1622 et
1225 1557 1282 1622 Dei

160 1662 298 1740 gratiam
320 1662 511 1734 consentit,
534 1663 593 1724 etsi
616 1660 816 1741 adjuvetur,
839 1662 897 1724 nisi
920 1679 1056 1723 suarum
1082 1661 1199 1723 virium
1223 1679 1279 1722 ex·

163 1760 378 1844 perimentum
401 1762 536 1838 ceperit,
560 1771 590 1825 et
612 1763 752 1842 seipsum
774 1763 1007 1836 condemnarit,
1031 1779 1128 1825 snum
1150 1779 1218 1823 esse
1234 1759 1280 1822 la·

162 1867 255 1928 cions
279 1863 498 1936 existimabit,
521 1864 608 1943 quod
631 1864 659 1923 ei
683 1863 791 1925 divino
814 1881 949 1926 munere
971 1881 1159 1926 concessum
1181 1870 1238 1924 est.
1265 1882 1281 1919 n

244 1962 385 2026 Tandem
414 1965 499 2025 circa
527 1964 704 2025 doctrinam
735 1963 774 2024 de
804 1964 963 2025 creaturis
995 1962 1204 2025 rationalibus
1230 1962 1284 2025 de·

161 2085 229 2147 qne
249 2067 355 2150 libero
376 2082 489 2127 aarum
512 2066 660 2138 arbitrio,
685 2067 715 2126 in
736 2084 803 2144 qno
824 2083 842 2125 a
865 2062 1022 2136 Crantore
1047 2065 1168 2142 positae
1190 2073 1278 2141 sont,

163 2185 203 2229 ac
226 2164 266 2228 de
293 2183 405 2227 rernm
427 2165 615 2228 futurarum
639 2167 744 2227 divina
767 2164 991 2245 praescientia,
1008 2182 1093 2244 quaa
1108 2164 1286 2227 nullimode

161 2283 224 2328 nec
243 2266 386 2328 libertati
409 2265 595 2328 earumdem
619 2267 747 2340 obstat,
770 2283 875 2345 neque
897 2265 1026 2328 divinae
1055 2266 1179 2343 gratiae
1208 2281 1286 2344 erga

160 2387 218 2430 eas
238 2377 368 2430 coercet
390 2368 547 2429 actionem
571 2367 689 2446 (quam
713 2367 892 2431 doctrinam
921 2368 1073 2447 exposuit
1096 2368 1127 2427 in
1150 2365 1285 2429 Periur-

160 2468 244 2530 cboo
265 2464 365 2530 Libro
389 2465 429 2528 ll.
453 2485 483 2529 c.
507 2466 562 2529 tx.
583 2479 614 2528 ct
637 2468 666 2529 in
689 2466 786 2531 Libro
810 2466 868 2530 lll.
891 2488 918 2532 c.
942 2467 967 2528 l.
991 2487 1022 2531 o.
1044 2464 1095 2535 20.
1119 2466 1218 2546 Sl),
1245 2469 1286 2530 si·

160 2570 237 2650 quis
258 2569 365 2630 adbuc
387 2568 525 2641 dubitet,
541 2587 604 2648 qna
629 2578 734 2635 mente
755 2588 791 2632 ea
814 2569 951 2634 dictavit
971 2569 1143 2648 Origenes,
1159 2577 1191 2632 et
1205 2589 1287 2649 quo·

161 2671 261 2735 modo
283 2671 488 2749 intelligenda
510 2673 595 2744 sint,
619 2672 706 2752 legat
729 2671 891 2736 Libellum
917 2672 964 2736 Dc
981 2671 1128 2736 oratione
1150 2691 1181 2734 n.
1204 2669 1234 2736 5.
1256 2669 1287 2736 6.

162 2773 222 2838 nbi
237 2790 372 2852 precum
388 2772 610 2834 necessitatem
626 2775 809 2851 adstruens,
827 2776 954 2837 duabus
971 2777 1020 2837 his
1040 2775 1211 2853 respondet
1227 2774 1288 2836 dii·
1315 2834 1318 2840 .

161 2875 388 2962 bonitatibus:
411 2871 441 2938 l.
466 2872 501 2936 Si
525 2873 607 2936 Deus
628 2875 814 2954 futurorum
832 2873 1003 2952 praescius
1025 2883 1094 2950 est,
1116 2883 1145 2937 et
1164 2871 1237 2955 ipso
1257 2894 1289 2937 o·

157 2985 265 3056 portet
284 2973 356 3055 fieri
368 3017 377 3050 ,
399 2993 485 3037 conc
504 2985 550 3038 est
581 2973 695 3038 oratio.
717 2975 747 3041 2.
772 2973 807 3039 Si
832 2975 941 3038 omnio
965 2975 1066 3057 juxto
1094 2978 1288 3041 uoluntatem

162 3076 224 3141 oet
243 3078 348 3157 fiunt,
370 3087 399 3137 et
420 3075 551 3138 stabilio
573 3088 648 3139 suot
669 3075 770 3154 ipatus
799 3077 950 3152 decreto,
972 3094 1029 3139 ner
1057 3095 1163 3140 corum
1194 3077 1288 3159 quid·

160 3198 260 3261 quom
280 3197 360 3259 quac
382 3178 465 3251 cult,
487 3178 608 3241 mutari
626 3188 737 3257 potest,
760 3197 846 3242 oona
866 3187 910 3240 est
933 3178 1046 3240 oratio.

246 3279 280 3343 lo
303 3281 352 3342 bis
373 3280 472 3358 igitur
493 3281 699 3358 expediendis
721 3280 979 3354 difficultatibus,
996 3280 1027 3341 in
1045 3286 1161 3342 natura
1184 3281 1287 3343 ratio·

162 3381 230 3442 nali
253 3381 392 3442 admisso
413 3381 517 3443 libero
528 3381 688 3455 arbitrio,
712 3383 791 3444 baec
813 3400 873 3459 pro
889 3389 1000 3444 nostro
1016 3388 1209 3461 argumento
1224 3380 1282 3443 do·

163 3490 239 3546 cet:
264 3503 280 3542 c
305 3482 429 3562 ltaque,
452 3484 477 3544 si
500 3492 646 3544 nostrum
668 3492 822 3545 servatur
843 3483 983 3545 liberum
1005 3483 1190 3558 arbitrium,
1215 3500 1284 3562 quo

162 3587 341 3647 innumeris
365 3584 466 3646 modis
490 3584 539 3644 vel
571 3585 610 3644 ad
636 3585 771 3646 virtutes
795 3584 845 3644 rel
879 3584 918 3644 ad
943 3586 1041 3659 vitia,
1067 3585 1117 3647 vel
1149 3583 1189 3645 ad
1223 3601 1283 3658 ea,

162 3704 252 3767 qnae
274 3687 400 3759 decent,
419 3687 471 3747 rel
493 3687 530 3746 ad
554 3704 603 3758 ea,
625 3704 709 3764 quae
731 3685 770 3745 ab
792 3682 898 3747 officio
918 3694 1005 3755 sunt,
1029 3686 1192 3759 aberrant,
1209 3700 1284 3763 pro·

163 3789 356 3869 pendemus,
379 3809 436 3851 seu
458 3791 498 3850 ab
520 3790 638 3850 eisdem
660 3788 879 3858 declinamus,
902 3804 1031 3848 necesse
1052 3794 1099 3849 est
1122 3787 1183 3849 boc
1205 3805 1279 3848 cnm

162 3889 316 3969 reliquis,
340 3899 512 3969 antequam
535 3890 587 3964 sit,
611 3887 678 3952 ileo
700 3895 813 3952 notum
841 3907 909 3950 esso
931 3906 947 3948 a
971 3887 1134 3950 creatione
1156 3895 1189 3949 et
1210 3905 1287 3950 con·

144 4034 146 4038 -
165 3991 335 4053 stitutione
357 3992 467 4053 mundi
490 3991 587 4072 quale
604 3990 753 4053 luturnm
774 3991 832 4069 sit3
855 4000 887 4052 et
909 3990 940 4052 in
963 3991 1111 4053 omnibus
1134 4008 1284 4070 quaeque

165 4094 410 4171 praeordinavit
436 4091 536 4165 licus,
558 4102 794 4171 consequenter
816 4099 852 4156 nt
872 4092 1130 4171 unumquodque
1154 4091 1232 4153 vidit
1252 4093 1284 4155 in

156 4203 271 4255 nostra
298 4193 448 4256 laturum
471 4200 644 4272 potestate,
667 4193 910 4273 praeordinasse
932 4194 1041 4270 otiam,
1066 4201 1163 4271 prout
1184 4193 1287 4272 exigit
