2886 4784
286 364 449 556 ¹{giumo
472 491 570 539 causa
595 474 804 556 repetendum
826 494 907 556 esse,
925 476 979 542 scd
1001 477 1092 558 prins
1112 495 1130 540 a
1153 470 1317 559 Theophili
1334 475 1385 542 odit

186 623 190 630 .
303 575 335 636 iu
359 572 519 639 isidorum
543 576 750 652 monachum,
769 596 807 640 eo
825 578 912 657 quod
935 579 994 641 iste
1015 596 1089 641 oum
1116 575 1213 641 Petro
1230 578 1387 661 presbytero

302 678 413 739 testari
435 680 612 754 renuisset,
629 675 846 758 Theophilum
869 681 973 761 ipsum
996 697 1013 742 a
1034 690 1150 743 sorore
1169 694 1229 743 suu
1246 680 1387 743 haerete·

301 775 401 840 inisse
431 779 600 859 scriptum.
633 777 808 856 Secundo,
838 781 925 861 quod
955 780 1100 843 Isidorus
1129 798 1192 842 non
1223 781 1389 844 concesserit

302 879 454 958 pecunias
476 899 516 942 ex
539 879 747 945 offerentium
772 883 939 946 voluntate
960 881 1386 964 pauperibusdispcnsendas,

302 981 334 1043 in
355 982 567 1046 ecclesiarum
588 982 772 1048 strndturas
794 986 922 1048 insumi.
947 983 1057 1061 Quare
1079 981 1284 1065 Theophilus
1304 985 1335 1046 in
1352 983 1389 1046 lsi·

303 1082 375 1145 dori
398 1085 575 1160 ultionem,
600 1086 685 1149 hunc
707 1086 738 1148 in
756 1085 917 1168 Judicium
941 1095 1035 1150 vocat
1055 1087 1238 1150 sodomitici
1272 1085 1389 1174 criminis

301 1202 408 1259 reum,
432 1186 514 1249 falso
536 1188 680 1250 adhibito
702 1196 795 1263 teste,
818 1206 960 1268 eumque
982 1188 1023 1249 ab
1045 1187 1190 1251 Ecclesia
1213 1186 1329 1268 dejicit.
1344 1184 1389 1264 Qui

301 1287 466 1352 discedens
486 1307 556 1352 sese
577 1291 699 1368 recepit
725 1290 810 1368 apud
843 1291 1017 1353 monachos
1048 1288 1202 1365 Nitriae,
1236 1288 1291 1352 nbi
1320 1301 1389 1351 anter

304 1398 526 1454 commoratus
548 1401 628 1454 erat.
652 1388 727 1466 Quo
750 1391 874 1467 audito,
897 1389 1097 1473 Theophilus
1119 1409 1183 1455 nou
1204 1390 1312 1455 solum
1330 1390 1391 1470 cogi·

305 1499 352 1555 tat
375 1491 536 1555 lsidornm
559 1492 639 1555 illuc
662 1493 794 1572 aggredi
814 1492 869 1555 sed
892 1502 925 1556 et
947 1494 1145 1569 monachos,
1165 1496 1199 1557 in
1220 1494 1266 1556 uis
1292 1501 1391 1574 praete·

305 1611 385 1658 xens
408 1592 597 1672 dogmatum
621 1594 887 1673 perversitatem3
908 1611 966 1657 sen
988 1595 1075 1675 quud
1097 1607 1323 1676 praesumptos
1339 1590 1390 1657 Ori

306 1697 392 1776 genis
416 1714 547 1760 errores
573 1701 841 1777 propugnarent,
863 1705 974 1759 coacte
1001 1696 1074 1760 ideo
1098 1695 1258 1760 adsersus
1282 1715 1334 1759 cos
1350 1693 1389 1774 sp-

303 1798 410 1874 nodo‚
434 1805 471 1862 ut
491 1818 576 1878 quae
602 1800 641 1862 de
668 1799 732 1861 illis
761 1797 882 1877 perfide
908 1798 1175 1878 excogitaverat,
1198 1797 1387 1861 sancirentur.

305 1897 395 1964 Unde
412 1900 533 1964 lactum
557 1909 616 1977 est,
640 1907 677 1963 ut
698 1917 780 1979 quos
802 1917 909 1978 saepe,
927 1899 1031 1979 inquit
1047 1897 1228 1973 Palladius,
1245 1899 1388 1977 plusqua·

304 2004 483 2082 episcopos,
501 2003 723 2066 honoraverat
744 1999 945 2080 Theophilus
968 2010 1003 2063 ut
1024 2001 1197 2080 magistros
1218 2007 1345 2080 proptor
1360 1995 1390 2058 ri·

305 2113 393 2179 tam,
421 2103 625 2180 doctrinam,
651 2109 684 2166 et
707 2110 870 2178 aetatem,
895 2120 950 2164 eos
975 2120 1051 2178 non,
1068 2100 1225 2180 puduerit
1250 2097 1387 2180 appellare

304 2205 579 2286 praestigiatores,
595 2223 634 2267 eo
649 2203 736 2285 quod
759 2221 835 2283 erga
859 2202 1019 2267 lsidornm
1041 2203 1162 2283 optime
1184 2201 1292 2264 affecti
1313 2201 1388 2264 arsut

384 2305 432 2370 Ac
453 2307 594 2381 interim,
612 2315 690 2369 teste
712 2306 781 2387 ipsu
804 2304 964 2381 Palladio,
983 2301 1185 2385 Theophilus
1207 2302 1333 2366 instruit
1348 2299 1386 2362 he

305 2409 478 2474 manculos
500 2410 645 2489 quinque
666 2427 707 2473 ex
729 2409 798 2488 ipso
820 2404 944 2472 Nitriae
966 2414 1074 2469 monte
1089 2404 1250 2486 indiguos,
1266 2405 1387 2485 quinon·

302 2529 401 2593 quam
423 2512 453 2571 in
475 2518 572 2572 coetu
593 2511 758 2572 seniorum
780 2515 957 2585 steteraut3
981 2524 1124 2587 qnorum
1156 2523 1261 2569 uuum
1296 2505 1389 2584 spisse

303 2631 406 2694 pum,
428 2609 569 2673 alterum
592 2611 841 2693 presbyterum,
865 2616 929 2672 tres
951 2609 1031 2671 alios
1053 2609 1207 2670 diaconos
1239 2601 1388 2670 ordinarit.

305 2713 347 2778 Et
367 2713 426 2776 bos
446 2711 615 2789 subornat,
634 2721 669 2774 nt
684 2712 813 2775 libellos
828 2712 942 2773 darent
956 2710 1113 2773 adversus
1136 2717 1203 2773 tres
1224 2728 1317 2774 senes
1334 2705 1388 2768 lu·

304 2816 474 2889 monium,
505 2812 682 2877 Eusebium
704 2820 736 2876 et
758 2812 982 2896 Euthyminm.
1007 2810 1048 2874 Et
1069 2810 1172 2873 falsae
1203 2805 1390 2876 accusationis

303 2916 404 2979 verba
426 2917 492 2995 ipse
513 2917 681 2979 contexuit
702 2911 923 2992 Theophilus,
948 2912 1023 2992 ipsis
1044 2910 1332 2975 subscribentibus.
1350 2902 1389 2968 llis

305 3015 347 3079 ab
368 3017 431 3078 illis
452 3017 591 3095 acceptis
613 3034 723 3079 coram
748 3013 892 3077 Ecclesia
914 3014 1057 3086 libellis,
1079 3012 1267 3092 ingreditur
1287 3011 1324 3074 ad
1343 3009 1390 3073 du·

305 3119 489 3198 gustalem:
514 3122 545 3180 ct
566 3124 679 3180 eontra
703 3125 766 3179 tres
789 3116 963 3179 rrrnnacbos
984 3114 1165 3195 supplicem
1187 3115 1334 3178 libellum
1350 3109 1388 3171 de

303 3220 393 3300 pouit
413 3219 499 3299 apud
522 3237 620 3294 eum,
643 3219 771 3280 nomine
791 3235 865 3292 sno,
888 3213 1050 3295 aegyptios
1071 3212 1244 3278 dioeceseos
1260 3209 1391 3296 pontistb

217 3346 220 3353 ·
302 3322 459 3384 consertis
481 3320 576 3382 etiam
598 3319 805 3382 calumniosis
828 3318 1117 3396 imputationibusa
1140 3336 1180 3380 ac
1203 3318 1287 3396 petit
1307 3312 1390 3379 utui-

161 3490 167 3499 δ
302 3421 392 3485 litari
415 3439 512 3484 mauu
535 3422 744 3500 expellantur
760 3420 779 3480 ii
796 3420 940 3482 homiues
955 3420 995 3483 ab
1011 3420 1162 3483 universa
1181 3418 1337 3502 Aegypto.
1349 3413 1392 3477 le·

306 3525 406 3603 ceptis
429 3524 538 3602 itaque
560 3522 715 3584 militibus
736 3521 775 3583 ad
793 3539 966 3584 nnmerum
982 3522 1177 3601 quingentis,
1194 3529 1295 3586 noctu
1310 3527 1393 3596 repet·

305 3632 336 3689 tc
357 3625 480 3688 larvadit
502 3625 706 3699 monasteria,
730 3632 762 3686 et
782 3641 892 3686 omnes
914 3623 1013 3703 ejicit,
1035 3606 1140 3686 omnia
1164 3624 1348 3704 praedatur,
1364 3629 1390 3675 ¹⁶

304 3727 404 3789 cellas
427 3728 524 3788 trium
547 3727 781 3788 monachorum
803 3725 943 3786 incendit
964 3742 1027 3787 una
1050 3743 1125 3787 cum
1146 3724 1242 3788 libris
1263 3720 1352 3789 sacris
1368 3719 1390 3777 et

305 3826 481 3888 codicibus.
507 3824 546 3887 Et
567 3825 615 3887 his
637 3827 788 3904 expletis,
807 3823 1039 3887 Alexandriam
1064 3825 1183 3905 repetit
1203 3819 1390 3904 Theophilus

307 3926 416 3990 locum
441 3926 517 3988 dans
539 3926 655 3988 sanctis
678 3927 743 3990 illis
767 3926 860 3989 viris:
893 3926 970 4005 qui,
1003 3928 1139 4006 sumptis
1161 3926 1272 3989 statim
1295 3913 1392 3988 metetis

306 4031 385 4103 suis,
410 4031 440 4092 in
465 4027 677 4091 Palaestinam
701 4028 849 4107 protecti,
868 4029 994 4092 heliam
1019 4028 1204 4092 adventant.
1227 4027 1309 4094 Cum
1326 4021 1391 4086 itae

225 4206 227 4210 ,
306 4133 405 4208 gressi
421 4139 508 4208 snut,
527 4139 656 4211 practer
672 4132 880 4217 presbyteros
895 4138 927 4194 et
942 4129 1093 4194 diaconos
1108 4129 1199 4192 illins
1212 4128 1335 4200 montis,
1347 4125 1391 4182 tri·

308 4234 393 4296 centi
414 4234 529 4315 optimi
553 4234 787 4299 monachornm
801 4254 813 4314 3
829 4234 885 4298 alii
900 4250 979 4301 tero
993 4249 1053 4313 per
1067 4231 1197 4302 diversa
1212 4231 1286 4297 loca
1299 4226 1390 4302 pgper
