2886 4784
253 348 324 418 tbti-

252 471 337 527 ram,
360 452 501 517 exclusis
524 461 630 513 temon
653 451 774 531 ubique
796 451 963 531 episeopis.
990 451 1029 515 llt
1050 452 1124 534 quis
1147 469 1298 533 nuquam
1321 469 1381 516 au·

252 556 333 620 disit
356 555 413 618 vel.
427 557 506 634 legit
527 556 557 615 in
580 552 974 630 Historia-ecclesiastica,
996 559 1113 630 virum,
1138 565 1174 618 ut
1197 559 1380 634 praesumit

253 657 467 741 Anonpmns,
490 666 564 736 post
583 657 662 719 duas
686 656 734 717 vel
760 666 823 724 tres
846 659 974 733 nuptias
995 659 1034 717 ad
1061 660 1271 737 episcopatus
1304 675 1379 736 gra·

256 762 335 824 dnm
347 759 572 826 adscendisse,
595 759 802 837 permittente
825 757 958 820 Callisto
975 756 1081 837 Papa?
1095 769 1128 822 et
1147 761 1235 823 bunc
1250 777 1379 821 morem

255 880 482 940 perseverasse
505 862 535 921 iu
560 856 727 923 Ecclesia?
749 857 889 934 Quando
918 863 1303 938 praesertim-euastata
1332 861 1379 922 di·

253 963 388 1041 seiplina
410 962 557 1024 severior
578 961 755 1036 extiterat3
778 962 909 1038 qnando
931 972 963 1022 et
985 962 1043 1041 ipsi
1065 963 1223 1040 episcopi,
1245 972 1281 1027 et
1307 981 1377 1041 pre·

254 1066 376 1149 sbpteri
399 1064 655 1143 prohibebantur
675 1062 837 1125 laieorum
853 1063 1055 1140 trigamorum
1072 1066 1194 1142 nuptiis
1210 1063 1376 1138 interesse,

254 1167 470 1230 assentantis
493 1183 552 1237 sna
575 1163 832 1240 illissuffragari
856 1161 1098 1227 crederentur?
1115 1161 1375 1234 Vehementere·

253 1269 319 1349 nim
344 1278 420 1331 tunc
440 1274 473 1328 et
496 1267 592 1329 modo
613 1266 689 1325 illos
717 1275 748 1326 et
772 1284 828 1327 nos
851 1264 1000 1344 Apostoli
1016 1264 1212 1333 ¹mandatnm
1241 1266 1379 1346 urgebat

256 1380 294 1432 et.
313 1380 429 1448 urget:
453 1377 575 1446 oportet¹
591 1365 767 1446 episcopum
788 1366 885 1431 unius
906 1366 1021 1429 uxoris
1042 1385 1107 1429 esse
1122 1408 1132 1441 ,
1146 1356 1230 1446 oria
1259 1369 1381 1432 scilieet

256 1479 416 1542 mortua,
439 1469 465 1530 si
490 1467 567 1529 velit
589 1484 626 1531 an
648 1467 762 1547 digpus
783 1469 848 1543 sit,
872 1468 911 1530 ad
942 1485 1073 1535 sacrum
1105 1468 1269 1537 orabatur
1291 1468 1377 1531 miol-

256 1574 407 1635 sterinm.
436 1600 440 1607 ·
1162 1620 1166 1627 ,

335 1670 547 1758 Quapropter
562 1671 645 1741 idom
661 1690 687 1733 s.
704 1672 893 1734 Ambrosius
909 1671 1092 1750 inepistola
1108 1669 1147 1732 ad
1163 1670 1377 1733 vercellenses

256 1774 383 1853 iuquit:
409 1792 425 1830 ιι
450 1770 536 1852 Ergo
559 1773 614 1852 qni
637 1774 706 1834 sine
726 1773 862 1834 erimine
884 1783 945 1847 est,
970 1774 1066 1836 unius
1083 1770 1199 1834 uxoris
1215 1773 1279 1847 sir,
1297 1778 1378 1836 tene·

259 1885 315 1937 tur
335 1874 375 1937 ad
406 1875 510 1953 legem
539 1875 735 1959 suscipiendi
764 1875 949 1937 sacerdotii.
975 1871 1039 1948 Qui
1070 1882 1180 1937 entem
1212 1872 1379 1935 iteraverit

257 1977 460 2058 conjuginm,
481 1977 612 2054 eulpam
635 1976 765 2054 quidem
788 1993 850 2037 non
867 1976 964 2038 babet
979 1976 1192 2054 coinquinati,
1209 1976 1265 2039 sed
1289 1993 1377 2055 prae·

228 2072 235 2091 “’
256 2081 403 2157 negativa
425 2078 562 2141 exuitur
586 2077 774 2143 sacerdotis.
798 2075 946 2140 Diximus
961 2077 1038 2156 qnid
1055 2077 1134 2155 legis
1150 2085 1218 2156 est3
1234 2077 1378 2141 dicamus

257 2181 354 2243 etiam
373 2179 457 2258 ‘qnid'
480 2179 623 2241 rationis.
646 2176 706 2240 Sed
731 2177 820 2256 prius
843 2197 1074 2256 cognoscamus
1096 2197 1158 2240 nnn
1179 2179 1290 2242 solum
1321 2178 1378 2240 boc

259 2282 452 2360 Apostolum
475 2282 515 2342 de
536 2283 688 2359 episcopo
710 2289 742 2342 et
765 2280 956 2362 presbytero
988 2281 1138 2343 statuisse
1149 2301 1161 2358 3
1192 2280 1248 2343 sed
1282 2283 1378 2344 etiam

260 2381 372 2447 Patres
394 2385 425 2444 in
447 2382 583 2448 Consilii
606 2382 727 2443 nicaeni
752 2390 893 2445 tractatu
910 2381 1080 2456 addidisse,
1102 2401 1207 2462 neque
1222 2381 1379 2445 clericum

260 2503 458 2564 quemqnam
481 2484 598 2545 debere
620 2503 715 2557 esse,
738 2486 795 2563 qui
817 2484 958 2545 secunda
991 2483 1140 2564 conjugia
1174 2487 1314 2555 sortitus
1341 2485 1381 2545 sit

259 2595 321 2648 etc.
346 2606 363 2642 n
386 2586 417 2649 S.
442 2583 660 2666 Hieronymus
683 2582 1030 2662 contravigilaotium
1054 2592 1086 2646 et
1107 2583 1321 2648 toriniacum
1339 2583 1383 2658 ob,

259 2687 374 2749 oculos
396 2686 515 2749 babens
539 2687 749 2750 incessantem
773 2684 935 2748 Ecclesiae
953 2687 1157 2749 traditionem
1174 2706 1216 2749 ex
1231 2686 1380 2765 Apostoli

262 2789 414 2850 mandato
436 2806 511 2866 erga
535 2787 732 2849 clericorum
755 2786 995 2859 continentiam,
1014 2787 1058 2848 nis
1080 2786 1199 2867 objecit
1212 2786 1379 2866 speciatim

262 2888 354 2954 Sedis
376 2891 573 2968 apostolieae
588 2889 811 2966 disciplinam:
837 2909 854 2946 ιι
872 2886 961 2964 Quid
986 2887 1115 2962 facient,
1130 2890 1248 2968 inquit,
1267 2889 1380 2953 Orien·

260 2990 299 3052 tis
320 2988 507 3055 eeclesiae?
535 2991 612 3070 qnid
641 2988 772 3072 AEgppti
795 2998 827 3051 et
849 2988 938 3054 Sedis
966 2990 1187 3069 apostolieae,
1211 3008 1299 3070 qnae
1325 2998 1380 3054 ant

259 3091 400 3170 virgines
423 3092 559 3155 clericos
582 3086 775 3169 accipiunt,
803 3099 860 3153 aut
881 3093 1100 3170 continentes'3
1124 3101 1183 3154 aut
1202 3091 1230 3152 si
1262 3110 1382 3158 uxores

260 3192 451 3268 habuerint,
471 3194 577 3255 mariti
601 3212 670 3255 esse
692 3189 873 3254 desistunt?
888 3190 958 3255 lloc
973 3193 1084 3256 docuit
1099 3202 1159 3255 etc.
1176 3212 1192 3251 n
1209 3191 1251 3255 Et
1265 3195 1314 3256 sio
1335 3212 1383 3257 re·

260 3293 380 3359 lutavit
401 3294 627 3375 Vigilantiam,
651 3297 693 3371 (ιι.
717 3295 761 3371 2.)
787 3297 841 3371 qui
866 3294 1007 3357 diaconis
1029 3304 1061 3357 et
1082 3295 1209 3359 clericis
1233 3296 1381 3360 uxoratis

259 3411 389 3458 sacrum
413 3397 624 3458 ministerium
648 3396 812 3457 credebat.
848 3392 889 3457 Et
919 3396 949 3456 in
980 3393 1187 3458 Joviuiaonm
1221 3394 1335 3459 Libro·
1355 3393 1379 3457 l.

260 3515 292 3557 ιι.
312 3493 363 3564 34.
386 3497 520 3559 subdit:
545 3517 562 3554 ιι
586 3493 680 3558 Certe
703 3496 866 3558 confiteris
888 3514 950 3557 non
972 3516 1064 3576 posse
1086 3516 1154 3560 esse
1176 3499 1381 3576 episcopum,

261 3599 318 3677 qui
340 3601 371 3659 in
393 3600 582 3677 episcopatu
606 3597 688 3660 lilios
711 3597 797 3660 lacit.
823 3599 953 3676 Alioqui
975 3600 1000 3660 si
1023 3600 1245 3678 deprehensns
1267 3600 1382 3674 luerit,

262 3716 326 3760 non
355 3700 448 3777 quasi
472 3701 520 3759 vir
547 3698 733 3772 tenebitur,
754 3698 809 3759 sed
840 3701 932 3777 qnasi
958 3698 1089 3762 adulter
1116 3699 1337 3764 damnabitur.
1367 3717 1382 3756 n

263 3794 359 3873 Quod
382 3799 469 3860 ultra
492 3800 654 3877 sapienter
675 3797 843 3860 decretum
865 3807 913 3862 ast
939 3801 969 3861 in
991 3797 1137 3864 Concilio
1158 3802 1384 3880 carthaginen·

260 3897 351 3961 sill.
375 3901 503 3964 Canope
525 3900 563 3963 ll.
591 3921 606 3959 ιι
630 3899 757 3963 Placuit
777 3910 809 3962 et
830 3900 985 3964 condecet
1010 3911 1234 3966 sacrosanctos
1261 3902 1385 3965 antisti·

252 4006 311 4062 tos
331 4017 369 4062 ac
391 3998 449 4065 Dei
470 4002 654 4065 sacerdotes
675 4018 734 4062 neo
756 4018 818 4063 non
840 4010 872 4064 et
893 4002 1021 4078 levitas,
1048 4004 1100 4067 vel
1120 4004 1179 4082 qni
1199 4020 1386 4068 sacramen·

262 4100 303 4162 tis
324 4100 438 4165 divinis
460 4103 652 4178 inserviunt,
675 4102 873 4166 continentes
894 4121 964 4166 esse
986 4103 1017 4165 in
1039 4105 1200 4181 omnibns,
1221 4121 1291 4183 qun
1314 4120 1387 4182 pos-

263 4202 324 4264 sim
347 4204 551 4284 simpliciter,
577 4203 664 4283 qnod
688 4221 705 4266 a
729 4200 796 4267 lino
819 4205 996 4283 postulant,
1019 4205 1208 4286 impetrare,
1233 4212 1271 4270 nt
1293 4201 1383 4286 qnod
