2886 4784
159 302 314 471 {teatinam
341 403 512 468 testimonii
551 401 709 467 adsersus
738 403 936 468 recentiores
970 403 1089 469 latinos
1124 392 1266 485 codicem

156 527 196 573 ac
217 526 280 572 nna
302 508 492 571 instituatur
513 507 686 570 concordia
701 504 849 587 ejusdam
866 506 984 570 veteris
999 509 1267 588 interpretationis

157 609 339 675 Bibliorum
362 627 437 672 cnm
459 607 680 672 alexandrinis
701 609 826 689 graecis
847 609 1104 688 exemplaribus.

152 744 155 749 ·
238 709 330 775 Hanc
351 708 496 773 eamdem
521 707 745 787 Eranpelistao
767 709 798 770 iu
830 709 892 772 boc
921 713 1028 790 capite
1049 707 1139 773 xix.
1160 711 1273 777 lectio·

158 829 231 874 nom
253 811 392 893 preteriit
412 810 554 874 loannes
585 808 806 873 Martianoeus
826 829 867 874 ex
890 808 1010 875 Codice
1047 812 1228 894 corbeiensi
1248 813 1272 877 l.

158 931 258 995 quem
277 920 353 976 aute
372 928 493 975 annum
515 912 724 974 millesimum
741 914 962 992 couscriptum
978 919 1096 991 putat,
1114 914 1275 995 ediditque

159 1014 223 1078 sub
244 1013 375 1078 tituloa‘
390 1011 520 1092 Valpctc
549 1013 686 1093 antiqua
715 1010 819 1076 lutino
837 1021 867 1076 ct
885 1011 968 1076 itata
987 1017 1091 1076 cerato
1114 1012 1276 1096 Eneapelir'

159 1116 333 1178 secandam
354 1111 627 1179 Mandacanda
650 1132 690 1177 eo
711 1115 794 1176 enim
815 1112 935 1179 (lodice
954 1115 1054 1195 legit:
1081 1113 1158 1178 dico
1177 1127 1275 1181 caten

156 1214 255 1290 cobis,
272 1214 464 1298 quicumque
480 1214 640 1280 dimiserit
654 1233 787 1278 amorem
808 1234 915 1293 raam,
928 1225 1059 1297 eccepto
1073 1235 1174 1283 causa
1188 1219 1276 1282 adai·

160 1315 250 1394 terii,
271 1313 440 1397 faciteam
460 1313 766 1380 mercimoniam
785 1313 815 1378 ci
834 1315 987 1397 discipali
1006 1318 1096 1400 ejas:
1120 1317 1151 1381 εἰ
1169 1318 1218 1382 ita
1236 1328 1277 1382 cat

162 1436 260 1484 causo
280 1417 417 1482 dominic
438 1437 510 1482 cnm
531 1436 653 1493 acore,
676 1435 741 1479 non
761 1418 887 1498 repectit
912 1420 1037 1483 nabere.
1062 1419 1276 1486 [licitantem

161 1519 208 1584 cic
227 1517 339 1583 Jecur:
362 1537 428 1583 non
449 1538 554 1583 ornnes
573 1517 707 1600 capiant
724 1519 850 1584 verbnm
871 1521 979 1595 taram·
1008 1523 1063 1586 sed
1092 1523 1208 1605 quibua
1226 1525 1278 1586 dc-

162 1627 230 1682 tacm
250 1629 316 1692 αις
337 1630 415 1684 rant
436 1606 522 1684 enirn
541 1621 718 1701 spadones,
752 1619 813 1699 qni
832 1621 869 1682 dc
888 1619 1001 1684 matris
1029 1633 1122 1685 atera
1142 1621 1190 1687 cic
1209 1620 1276 1687 nuti

161 1728 256 1786 rant:
279 1730 307 1785 et
329 1731 404 1786 stant
424 1723 592 1802 spadones,
611 1720 669 1803 qni
687 1719 768 1802 sacti
786 1730 862 1785 sant
881 1720 920 1785 ab
937 1722 1137 1797 nominabam
1158 1733 1188 1788 et
1206 1731 1276 1787 runt

162 1823 317 1902 spadones
327 1867 341 1900 ,
361 1821 417 1905 qai
437 1842 469 1886 ae
489 1823 575 1905 ipaor
607 1831 870 1887 excastraverunt
895 1818 1025 1907 propter
1051 1842 1191 1907 reanum
1219 1842 1277 1888 coa·

160 1924 277 1991 toran.
326 1956 330 1962 ·
685 1950 688 1955 ·

252 2029 284 2096 S.
306 2028 485 2110 Gregorius
506 2027 643 2109 Magnus
664 2030 711 2093 bis
733 2028 889 2092 Matthaei
911 2029 994 2094 dicta
1012 2031 1092 2093 citat
1114 2031 1148 2094 iu
1166 2029 1277 2111 episto·

167 2131 207 2199 lis
227 2129 280 2205 45.
303 2139 335 2197 et
354 2129 405 2201 50.
429 2130 516 2195 Libri
539 2130 594 2195 itt.
612 2131 647 2194 ln
668 2133 729 2212 lais,
751 2133 888 2204 admissa
912 2132 1014 2194 reteri
1035 2131 1178 2195 lectione
1198 2148 1277 2203 cccc·

166 2241 255 2314 cepto
274 2230 499 2315 fornicationis
519 2252 632 2310 conca,
653 2251 770 2297 novam
792 2234 933 2296 exclusit
951 2230 1018 2296 ne'ai
1035 2232 1071 2295 cb
1097 2229 1277 2315 fornicatio

169 2353 250 2402 nean.
274 2335 309 2399 ln
330 2335 467 2415 epistola
487 2330 537 2401 ln.
562 2336 667 2417 palam
701 2336 845 2400 retertur
864 2335 904 2396 ad
929 2354 958 2397 v.
980 2334 1010 2402 9.
1033 2354 1061 2399 c.
1083 2333 1176 2400 XlX.
1199 2336 1276 2401 Scri·

64 2508 66 2513 ¹
167 2437 216 2502 bit
236 2438 344 2502 euim:
361 2457 378 2497 a
398 2435 461 2500 Per
480 2455 515 2500 se
536 2437 620 2499 enim
644 2437 761 2501 veritas
782 2436 879 2498 dicite
898 2453 979 2515 qnae
994 2436 1075 2501 Dana
1096 2435 1277 2518 conjrcnm't,

169 2539 259 2604 bomo
279 2556 345 2604 non
365 2547 497 2621 reparet.
514 2537 578 2614 Qui
595 2539 690 2600 eliam
705 2540 767 2602 ait:
783 2555 848 2600 nan
869 2537 942 2600 licet
961 2536 1120 2602 dimittere
1139 2557 1279 2614 aaaron,

170 2650 299 2724 eccepto
319 2637 545 2724 fornicationis
566 2657 674 2702 cansa.
700 2638 780 2716 Quis
802 2658 880 2720 ergo
903 2640 979 2704 ltuic
1000 2642 1134 2706 coelesti
1156 2641 1279 2722 legisla-

175 2742 238 2805 tori
268 2739 490 2816 contradicat,
523 2740 598 2821 quia
628 2742 787 2818 scriptum
818 2747 887 2802 ast:
915 2750 1007 2804 erant
1035 2742 1099 2803 dno
1127 2740 1164 2805 in
1190 2759 1281 2806 carne

172 2841 347 2907 nactast
370 2843 454 2906 enim
474 2860 499 2905 s.
519 2840 668 2905 Pontifex
690 2841 722 2903 in
743 2842 806 2904 boc
826 2851 985 2905 commate
996 2841 1129 2921 legisset
1142 2865 1151 2908 a
1164 2842 1225 2924 qni
1237 2840 1282 2906 di·

172 2943 296 3009 miscrc't
314 2962 446 3008 acorem
466 2962 557 3007 snam
577 2941 645 3006 nisi
664 2943 700 3005 ob
711 2941 964 3025 fornicationem,
981 2951 1010 3006 et
1022 2943 1125 3009 aliam
1146 2946 1284 3020 daona,

174 3046 370 3112 subdidisset
391 3065 548 3127 quoque:
578 3064 643 3109 non
673 3045 751 3109 licet
781 3045 943 3109 dimittere
973 3065 1115 3110 uxorem
1146 3055 1283 3113 suamet

173 3149 272 3213 aliam
292 3151 405 3212 ducere
426 3148 486 3211 nisi
507 3147 550 3210 ob
572 3146 828 3210 fornicationem.
860 3144 955 3223 Quod
991 3153 1098 3212 tamen
1131 3150 1201 3214 sine
1228 3150 1284 3214 bac

175 3260 250 3315 nota
273 3251 418 3330 reliquit.
468 3256 472 3266 '

260 3351 296 3415 ln
318 3350 435 3416 Codice
457 3350 559 3413 latino
585 3350 734 3413 vaticano
755 3369 785 3413 n.
801 3349 891 3416 3785.
907 3351 1040 3440 chartae
1060 3370 1121 3417 sex
1143 3353 1285 3417 inserun-

179 3460 257 3530 tur,
293 3470 445 3534 graeoum
483 3452 644 3532 capientes
677 3452 892 3532 fragmentum
926 3452 1095 3533 Evangelii
1133 3454 1286 3519 Matthaei

175 3575 204 3620 o.
227 3554 315 3619 XlX.
336 3555 455 3619 litteris
479 3553 669 3633 maiusculis
701 3558 920 3636 conscriptum
952 3557 1037 3618 circa
1071 3557 1226 3621 seculum
1246 3554 1282 3620 x.

176 3675 251 3720 cnm
276 3659 334 3720 hae
355 3656 515 3721 lectione:
540 3647 576 3733 ὅς
597 3645 637 3721 ἂν
661 3648 805 3747 ἀπολύσῃ
843 3647 903 3749 τήν
935 3659 1075 3746 medena
1111 3652 1211 3726 ἀυτδυ
1240 3650 1287 3750 μή

174 3747 226 3820 ἐπὶ
247 3749 389 3854 nopotem
414 3754 498 3822 rorte
521 3753 624 3836 dordr
648 3760 877 3853 μοιχευθῆναι,
889 3755 946 3829 καὶ
970 3757 1005 3837 ὃς
1027 3753 1082 3830 ἐὰν
1099 3757 1286 3855 ἀπολελυμέ·
1315 3834 1319 3843 ,

175 3877 233 3936 rna
255 3856 406 3951 γαμήσῃ,
430 3867 618 3954 μοιχᾶται,
642 3866 699 3948 qni
718 3864 876 3931 dimiserit
896 3884 1028 3930 acorem
1052 3886 1148 3934 anam
1167 3870 1237 3935 nisi
1253 3870 1285 3933 oi

174 3961 431 4042 fornicationem,
451 3963 531 4045 scalt
551 3985 618 4031 cam
638 3963 810 4043 moecliari,
830 3973 857 4028 ct
876 3961 933 4044 qni
952 3962 1123 4030 dimissam
1147 3964 1285 4043 dnmrit,

178 4061 372 4127 morabatur.

262 4162 310 4226 Ex
333 4167 512 4245 praemissis
534 4167 670 4233 Petrum
684 4167 901 4246 citationibus,
919 4168 1059 4248 praeviis
1076 4176 1226 4235 cetorum
1242 4176 1281 4234 te·
