2886 4784
161 360 205 429 82

606 457 745 525 CAPUT
769 457 826 523 tx,

155 661 383 729 Theodotiunue
406 674 434 726 ct
453 661 619 728 noetianos
639 665 794 726 haereseos
812 666 937 745 frustra
950 663 1122 730 criminari
1140 675 1273 733 comior

197 767 381 846 Anonymus
401 787 441 829 ss.
466 766 634 847 Pontifices
655 766 871 847 Zepbprinum
892 776 921 830 et
942 765 1128 832 Callistum«

158 1011 364 1154 Hucusque
379 1074 536 1136 adversus
553 1072 759 1157 Anonymum
777 1071 941 1136 Ecclesiae
957 1072 1123 1137 Romanae
1146 1076 1271 1139 univer·

159 1177 219 1238 sim
241 1174 452 1256 patefecimus
474 1177 630 1236 sinceram
653 1174 769 1249 iidem,
793 1175 982 1252 praesertim
998 1160 1151 1253 ⁴iuspecto
1169 1173 1271 1238 Triui-

161 1279 234 1340 tatis
263 1279 433 1355 dogmate,
460 1279 655 1338 incessanter
675 1277 708 1355 iu
729 1295 764 1338 ea
788 1277 1003 1350 custoditum,
1032 1295 1091 1338 uec
1112 1277 1190 1340 chiis
1218 1294 1272 1339 uu·

158 1395 256 1458 quam
279 1379 449 1439 haerescos
465 1377 614 1440 iniectam
639 1378 735 1441 inisse
758 1380 852 1439 notis.
871 1376 970 1439 Modo
986 1389 1135 1456 superest
1156 1388 1195 1440 ut
1213 1381 1270 1439 sio·

161 1481 237 1560 pule
260 1481 363 1557 capita
390 1480 583 1554 diluantur,
606 1481 638 1540 in
659 1480 780 1558 quibus
803 1478 869 1540 duo
900 1477 1068 1541 Pontifices
1090 1481 1132 1540 ab
1154 1498 1191 1542 ea
1214 1479 1273 1544 hdo

164 1582 320 1643 dicuntur
342 1579 506 1642 defecisse.

238 1680 439 1765 Auoupmus,
464 1693 499 1744 ut
521 1701 561 1744 ex
585 1679 737 1759 praetatis
757 1679 949 1758 colligitur,
971 1681 1144 1759 impietatis
1166 1681 1272 1760 arguit

159 1783 241 1847 duos
260 1782 438 1858 Pontifices,
453 1785 538 1863 quod
554 1783 649 1844 simui
667 1781 846 1861 conjunctis
861 1779 1032 1856 Theodoti,
1046 1781 1161 1856 Nocti,
1173 1792 1206 1845 et
1219 1782 1271 1846 St·

123 1876 129 1885 ’
159 1885 248 1947 hellii
269 1885 437 1946 erroribus
460 1903 575 1946 novem
598 1885 631 1943 in
648 1882 824 1945 Ecclesium
841 1883 1082 1953 introduxerint
1101 1886 1270 1947 haeresim.

160 1983 201 2050 Et
216 1990 356 2066 primum
379 1988 485 2066 quoad
508 1984 725 2057 Theodotum,
747 1986 838 2046 istius
856 2003 981 2046 summa
1004 1986 1176 2049 doctrinae
1194 1987 1270 2048 buco

159 2097 250 2150 erate
271 2089 392 2150 nudum
406 2085 560 2149 bominem
581 2106 644 2148 esse
662 2082 836 2159 Christum,
848 2095 876 2147 et
889 2105 928 2147 ec
941 2086 1080 2149 humone
1095 2087 1212 2150 semine
1227 2105 1273 2168 pe-

156 2185 271 2251 nitam.
294 2190 421 2265 Quanta
445 2208 543 2267 porro
557 2189 696 2249 [absitate
713 2189 791 2249 haec
807 2188 928 2264 polleat
943 2191 1114 2260 incusatio,
1130 2191 1268 2269 quisquo

161 2290 295 2362 viderit,
319 2287 451 2351 Eusebii
473 2307 662 2365 comparans
684 2287 901 2349 testimonium
923 2290 953 2348 in
977 2286 1075 2350 Libro
1098 2286 1136 2350 V.
1160 2287 1266 2352 Histe·

156 2388 225 2453 riae
247 2389 366 2451 Eccles.
387 2410 415 2451 c.
441 2387 573 2451 xxvu.
598 2389 650 2451 ubi
672 2391 716 2451 ait
738 2391 818 2450 banc
836 2391 993 2452 haeresim
1008 2398 1083 2452 tunc
1103 2391 1134 2455 in
1150 2391 1269 2453 munde

82 2520 84 2525 >
158 2494 326 2570 irrupisse,
353 2490 578 2552 Pontificatum
603 2489 783 2551 Romanum
807 2492 991 2568 gerentibus
1019 2490 1151 2555 Victore
1173 2505 1269 2572 atque

158 2589 350 2674 zephyrino.
377 2590 523 2666 Quorum
546 2599 630 2669 gesta
662 2592 703 2652 itu
729 2591 881 2652 describit
908 2590 1112 2665 Historicus‚
1147 2602 1183 2655 ut
1211 2611 1269 2655 uon

160 2704 284 2755 tantum
308 2700 413 2772 pateat
437 2692 557 2752 salsitas
579 2693 762 2754 assertionis
790 2692 949 2772 Anonymi
983 2694 1066 2754 circu
1098 2691 1268 2778 Zephyriui

159 2813 349 2857 consensum
371 2813 446 2856 cuni
467 2792 624 2854 Theodoti
647 2795 809 2870 impietate
820 2813 833 2871 3
855 2794 909 2867 sed
933 2802 965 2856 et
986 2795 1125 2873 amplius
1141 2798 1268 2874 apertis·

123 2920 129 2932 ’
159 2897 239 2958 sime
262 2905 396 2968 constet,
417 2905 492 2956 tuuc
515 2895 625 2972 piures
647 2896 790 2956 extitisse
812 2895 976 2975 improbos
999 2898 1085 2956 viros
1107 2896 1269 2976 hujusmo-

159 2996 203 3072 di,
227 2994 400 3080 Zephyrini
423 2996 554 3075 quidem
576 2997 825 3071 obtrectatores,
848 2997 945 3058 aliam
968 3006 1073 3058 tamen
1094 3008 1128 3058 et
1145 3004 1267 3061 contra·

160 3099 239 3158 riam
263 3098 339 3158 huie
363 3096 505 3158 Pontifici
528 3084 744 3158 adscribentes
767 3097 945 3158 doctrinam
968 3097 1007 3156 ab
1030 3115 1081 3171 ea,
1099 3116 1199 3176 qoam
1214 3101 1267 3160 iste

160 3198 348 3282 Anonymus
369 3200 468 3276 gratis
490 3200 612 3279 pariter
633 3185 933 3275 eidem'iuscripsit:
957 3198 1045 3276 quod
1060 3216 1136 3259 saue
1154 3201 1269 3262 mirum

159 3305 227 3378 est;
251 3307 281 3360 et
305 3299 377 3359 hinc
399 3298 601 3360 inferendum
624 3314 738 3359 revera
763 3295 841 3359 saise
865 3316 958 3373 esse,
981 3316 1065 3378 quae
1087 3299 1127 3359 de
1149 3297 1267 3382 Zephy-

159 3404 229 3465 riuo
252 3402 292 3461 ab
314 3419 353 3463 eu
375 3410 562 3461 narrantur.

239 3503 365 3564 hoctor
386 3502 470 3562 enim
493 3501 552 3578 (ab
572 3500 712 3562 Eusebio
728 3502 865 3579 citatus)
880 3501 910 3562 in
924 3501 1023 3563 Libro
1037 3501 1196 3564 adsersus
1213 3501 1266 3563 br·

159 3603 293 3664 temonis
317 3601 473 3663 haeresim
497 3618 557 3679 pro
580 3601 699 3663 Christi
731 3601 898 3663 divinitate
927 3621 1101 3680 pugnans,
1134 3602 1268 3665 ostendit

159 3701 338 3765 Ecclesiam
361 3703 401 3762 ab
422 3703 514 3764 initio
536 3709 567 3761 et
589 3703 738 3779 deinceps
760 3722 863 3779 usque
893 3703 931 3762 ad
957 3701 1120 3764 Victorem
1154 3701 1267 3782 Papum

159 3802 280 3879 ubique
303 3810 333 3862 et
355 3811 525 3879 perpetuo,
549 3800 712 3864 Christum
739 3799 794 3862 Dei
820 3801 973 3882 Verbum,
993 3822 1068 3863 vere
1085 3801 1189 3865 Deum
1204 3821 1266 3864 esse

159 3911 316 3966 concentu
341 3903 482 3982 quodam
505 3904 770 3966 concelebrasse:
796 3922 832 3966 ou
856 3906 928 3965 ideo
944 3907 1041 3983 gratis
1057 3905 1215 3984 objectari
1230 3903 1268 3966 ei·

158 4123 300 4186 quocum
324 4112 492 4180 asseritur,
515 4104 627 4181 desum
649 4104 813 4168 Christum
837 4107 941 4195 solum
967 4106 1064 4168 fuisse
1088 4107 1264 4170 homiuem:

113 4226 119 4239 ·
158 4207 253 4272 sicuti
277 4207 474 4270 tantumdem
496 4207 578 4271 ialso
599 4208 723 4269 adstrui
747 4205 965 4287 zephyrinum
991 4205 1112 4271 Victori
1145 4223 1278 4270 succes,
