2886 4784
183 349 227 422 bb

183 472 262 535 gene
283 455 391 534 opinio
413 455 550 533 propitia
578 460 726 533 pergeret
748 454 831 516 sicut
852 460 946 516 antea
968 453 999 515 in
1022 454 1169 528 ecclesia,
1191 463 1216 518 et
1232 453 1271 518 da·

184 566 364 620 tractorum
386 573 523 619 suornm
546 564 578 617 et
600 556 784 618 invidorum
808 567 932 635 paterer
950 556 1049 620 irans.
1068 556 1151 622 Nam
1171 559 1205 619 ad
1219 576 1271 621 cen·

187 664 254 720 tum
272 657 339 719 iere
354 675 453 719 annos
468 656 658 735 perduravit
673 658 794 735 integra
809 656 963 719 Auctoris
976 657 1074 730 lama,
1088 677 1129 720 ex
1146 656 1275 742 Martyria

183 759 290 820 studio
313 759 344 818 in
366 759 721 837 integrum·rcstitnta,
744 760 870 821 nemine
894 767 1005 820 eontra
1039 777 1115 821 enm
1148 767 1275 838 tanquam

187 861 388 922 haereticum
411 868 583 939 pugnante.
609 858 649 920 Et
682 861 743 923 hoc
775 861 881 923 cuncti
915 860 1059 923 latentur
1091 860 1200 922 Patres
1221 859 1278 921 buit

184 961 347 1023 subsecuti
371 964 482 1035 aetati,
506 968 537 1022 et
558 978 631 1023 cnm
656 961 703 1022 bis
725 961 792 1040 ipsi,
807 962 900 1023 iidem
917 979 958 1022 ex
974 962 1222 1024 obtrectantium
1236 958 1279 1020 ial·

184 1063 273 1124 luciis
295 1063 409 1140 illusi3
434 1063 489 1141 qui
521 1081 562 1124 ex
596 1062 753 1142 Pamphili
777 1061 935 1141 Apologia
958 1064 1125 1140 persuasi,
1159 1063 1278 1140 priscum

185 1164 398 1225 emendarunt
420 1182 592 1238 errorem,
617 1152 787 1242 inquibus
812 1165 1018 1237 Methodius,
1040 1165 1080 1224 de
1110 1183 1176 1243 qno
1204 1163 1278 1224 inira.

181 1263 228 1327 Et
250 1267 459 1344 quantumvis
483 1267 628 1329 nonnulli
651 1267 795 1343 putarint
827 1269 858 1328 in
887 1266 1080 1345 quibusdam
1111 1266 1202 1344 parri
1231 1282 1280 1326 me

186 1370 282 1428 menti
306 1369 573 1446 quaestionibus,
597 1377 633 1430 nt
656 1369 792 1430 hominis
815 1377 884 1443 est,
908 1368 1082 1446 deliquisse
1103 1365 1278 1446 Origeneru3

184 1475 325 1530 attamen
348 1486 405 1530 nec
430 1478 464 1531 nt
478 1471 687 1545 haereticum
710 1471 915 1541 damnarunt,
930 1471 1065 1531 scientes
1088 1488 1164 1534 eum
1186 1471 1214 1531 iu
1233 1465 1278 1529 lle·

186 1569 282 1631 clesia
306 1570 518 1634 defunctum:
541 1573 814 1649 quemadmodum
837 1592 862 1632 s.
888 1569 1042 1642 Basilius,
1068 1573 1120 1632 cui
1147 1573 1227 1632 risns
1245 1578 1278 1630 ast

185 1669 312 1732 Auctor
325 1674 458 1735 nimium
474 1675 505 1734 in
521 1674 717 1751 exponendis
732 1674 909 1752 Scriptnris
924 1674 1093 1734 indulsisse
1111 1673 1276 1751 allegoriae.

188 1769 220 1830 ln
245 1774 378 1851 reliquis
400 1775 580 1837 communis
603 1793 661 1851 pro
684 1794 722 1836 eo
745 1775 906 1851 perstabat
929 1776 1038 1852 opinio
1057 1777 1116 1838 viri
1134 1775 1277 1856 apostolici

183 1883 214 1934 et
236 1876 446 1937 ecclesiarum
470 1878 635 1954 magistri3
658 1876 745 1955 quod
762 1884 793 1937 et
807 1895 833 1937 s.
853 1874 1070 1958 Hieronymus
1092 1878 1274 1956 ireqnaquan

185 1979 324 2054 negavit.
350 1975 390 2038 llt
411 1979 497 2056 quod
521 1979 660 2040 maxime
683 1979 830 2041 monachi
852 1980 1004 2061 aegyptii,
1031 1977 1173 2041 loannes
1198 1977 1277 2056 Chry·

182 2087 344 2142 sostomus
365 2086 397 2142 el
419 2076 620 2153 Theotimus,
643 2080 822 2159 dequibus
844 2078 939 2153 inira,
963 2088 1222 2162 propugnarunt.

267 2176 325 2242 llis
347 2179 529 2259 praemissis
551 2180 590 2243 de
612 2179 757 2242 haerare
788 2188 821 2242 et
851 2183 1047 2243 anctoritate
1068 2178 1274 2260 apologetici,

188 2281 363 2344 admodum
385 2284 517 2346 interest
539 2282 578 2345 ad
603 2301 639 2345 ea
673 2284 882 2357 incumbere,
905 2301 989 2362 qnae
1009 2301 1034 2345 s.
1060 2281 1241 2361 Pamphilus
1255 2297 1277 2341 e·

185 2390 300 2445 narrat
321 2384 361 2446 de
384 2383 475 2447 sario
496 2384 754 2447 obtrectatorum
786 2385 895 2448 studio
926 2384 1084 2447 adversus
1113 2384 1275 2466 Origeusn.

188 2483 253 2559 Qut
270 2484 412 2564 quidam,
429 2505 503 2549 curn
519 2487 600 2549 alios
615 2486 659 2548 ait
674 2488 715 2549 ob
730 2487 880 2549 invidiam
903 2486 1067 2549 criminari
1085 2487 1203 2562 virum,
1218 2484 1278 2548 alios

188 2584 230 2648 ob
251 2587 469 2665 imperitiam,
495 2587 615 2650 alteros
637 2590 678 2650 ob
700 2607 836 2668 pravum
859 2605 974 2650 eornm
997 2605 1150 2662 sensnm,
1174 2589 1277 2666 penitus

188 2696 293 2748 tamen
315 2687 401 2767 quod
421 2689 513 2751 valde
536 2709 591 2751 nos
613 2691 800 2768 quaerimus
819 2691 870 2750 vel
891 2709 932 2751 ex
954 2707 1027 2763 sna,
1047 2708 1106 2751 seu
1129 2709 1170 2752 ex
1192 2686 1278 2751 crimi·

186 2793 336 2848 natorum
353 2797 456 2867 parte,
472 2788 620 2869 Origenis
636 2790 872 2861 damnationem
888 2788 1006 2850 omittit
1023 2806 1081 2867 per
1095 2788 1277 2852 Demetrion

186 2888 229 2950 ob
250 2898 455 2968 praesumpta
479 2892 578 2971 ipsius
610 2893 771 2953 haeretica
801 2890 973 2970 dogmata,
997 2892 1043 2953 nti
1070 2893 1170 2954 velint
1194 2889 1278 2953 Theo·

187 2990 295 3068 philus
317 2998 348 3053 et
369 2989 599 3077 Hieronymus.
624 2991 691 3056 Nec
714 2994 797 3055 istud
829 3001 1009 3055 memorant
1031 2994 1062 3055 in
1085 2993 1279 3074 Apologetico

184 3092 375 3171 adversarii,
396 3112 454 3159 neo
476 3095 621 3175 eJusdem
644 3103 836 3175 apostasiam
860 3097 947 3158 inter
967 3097 1156 3171 cruciatus,
1179 3113 1234 3158 nec
1250 3091 1278 3154 il·

184 3195 249 3257 lius
270 3197 301 3257 in
322 3194 467 3260 Ecclesia
491 3200 672 3276 opinionem
699 3197 936 3275 pessumdatam
968 3205 1041 3258 ante
1063 3205 1096 3259 et
1119 3205 1190 3277 post
1210 3209 1276 3258 mor·

182 3303 246 3358 tem
267 3316 359 3360 snam
381 3298 423 3361 ob
444 3297 629 3378 hujusmodi
652 3317 793 3360 errores.
819 3296 911 3373 Quae
933 3307 1027 3359 notae
1048 3299 1172 3377 quippe
1198 3312 1278 3376 oppo-

182 3398 337 3462 sitoribus
361 3400 454 3461 valde
477 3399 572 3461 utiles
594 3402 626 3461 in
650 3399 802 3461 ductoris
824 3398 1054 3478 ignominiam,
1088 3398 1176 3460 baud
1208 3400 1278 3459 emat

186 3499 502 3575 praetermittendae.
530 3497 769 3572 Nihilominus,
795 3499 895 3560 veluti
925 3517 966 3561 ex
994 3498 1069 3559 libri
1100 3498 1277 3577 praelatione

183 3601 361 3680 colligitur,
387 3599 572 3680 Pamphilus
595 3602 820 3664 tantummodo
836 3600 1001 3673 describit,
1016 3601 1103 3679 quod
1123 3609 1208 3673 tuuc,
1224 3601 1276 3677 ipse

184 3709 350 3780 praesente
373 3703 457 3764 circa
480 3719 530 3763 an.
553 3696 623 3767 301.
648 3702 768 3763 iactum
791 3710 839 3763 est
861 3720 902 3762 ex
924 3701 1144 3780 quorumdam
1159 3700 1277 3761 maleae

84 3807 96 3829 '
181 3802 289 3865 lorum
311 3821 390 3865 cura
413 3812 525 3865 contra
547 3803 733 3882 Origenem,
757 3820 819 3864 uon
844 3820 922 3864 vero
943 3802 1030 3880 qnod
1054 3811 1148 3865 antea
1170 3819 1239 3864 cum
1254 3796 1275 3856 ll

185 3904 264 3965 vivis
286 3903 436 3982 degeret,
462 3904 512 3965 vel
535 3903 717 3966 immediate
741 3910 811 3981 post
832 3903 920 3965 illius
952 3903 1088 3964 obitum.
1115 3902 1275 3978 Quinimmo

184 4023 208 4066 s.
234 4003 361 4088 Martyr
382 4009 595 4086 conqueritur
616 4023 677 4067 cur
699 4012 784 4067 tanta
802 4003 957 4066 adversus
978 4011 1102 4066 tantum
1123 3997 1276 4066 rirumolr

182 4106 420 4188 loquerentnr3
443 4109 499 4186 qui
522 4105 713 4190 presbyterii
737 4122 871 4168 munere
894 4106 1073 4167 honoratus
1089 4104 1174 4183 lnit3
1194 4099 1273 4182 quiin

183 4206 327 4271 Ecclesia
350 4210 516 4274 Catholica
538 4211 666 4286 senuit;
696 4208 751 4288 qui
786 4207 913 4271 lortiter
944 4207 1112 4272 dimicarit
1141 4204 1273 4271 advorsus

187 4312 347 4374 haereses·
429 4329 433 4337 ’
