2886 4784
1234 355 1273 425 bl

158 472 310 545 mittatur
331 467 493 547 genuina,
516 465 570 530 illa
594 463 743 543 prolecto
766 459 948 541 accipienda
970 467 1040 538 est,
1063 477 1149 539 qnae
1169 475 1186 520 a
1209 462 1274 540 pri·

157 572 304 636 moribus
326 570 490 634 Ecclesiae
515 569 664 632 Patribus
686 567 809 647 graecis
829 573 862 628 et
881 564 1001 637 latinis,
1027 563 1094 625 sais
1115 561 1205 625 libris
1227 563 1272 624 in·

156 675 281 753 scripta¹
299 677 370 747 est,
392 670 561 735 contextui
584 667 882 738 accommodatior,
904 671 938 726 et
957 665 1073 726 ceteris
1103 663 1204 728 saeris
1232 663 1274 728 de

157 773 314 856 eoniuglo
332 772 427 834 dietis
447 771 672 849 condormior3
696 768 751 833 nbi
773 767 915 830 dicitnr:
945 761 1003 843 qui
1022 761 1180 826 dimiserit
1199 781 1276 826 nao-

156 894 224 938 ram
244 890 336 937 annm
356 881 485 952 excepte
506 890 606 935 consa
627 866 875 952 fornicationis,
896 863 977 947 lecit
1002 883 1070 928 eam
1095 865 1250 928 melers·
1261 886 1272 929 a

159 978 264 1039 ultera
286 975 420 1038 exclusa
443 983 511 1036 turn
535 974 646 1054 priscis
671 969 817 1050 patribus
844 969 974 1048 ignota,
1008 976 1076 1031 tum
1107 965 1274 1030 contextui

159 1078 266 1140 minus
287 1085 384 1154 apta,
407 1083 438 1137 et
460 1075 492 1134 in
513 1093 575 1138 usu
595 1075 775 1136 vorborum
798 1089 901 1151 auga,
922 1069 1020 1132 dubia
1053 1077 1087 1131 at
1114 1066 1273 1144 collum

159 1179 244 1240 adeo
266 1185 302 1241 ut
323 1195 349 1239 s.
367 1177 613 1254 angustinum
637 1193 702 1254 quo
717 1175 858 1253 primum
874 1173 1006 1245 citatur,
1023 1170 1192 1234 intellectu
1212 1167 1274 1230 dil·

159 1277 290 1340 ilcilem
302 1277 452 1350 vocarit,
472 1276 568 1339 sicuti
588 1283 622 1338 at
642 1277 741 1338 ceteri
761 1273 924 1336 interioris
939 1273 1053 1336 aetatis
1067 1273 1273 1350 immoratos,

163 1379 220 1460 qul
244 1379 321 1441 huic
342 1377 472 1440 lectioni
494 1395 626 1455 operam
649 1376 820 1448 dedorunt,
843 1374 886 1437 ob
907 1374 1097 1447 illationem,
1113 1389 1198 1452 quae
1218 1370 1275 1434 dc·

161 1480 311 1544 ducenda
335 1480 507 1542 ridebatur
520 1479 530 1556 l
543 1481 639 1541 sicuti
656 1477 847 1540 heterodoxi
863 1476 999 1538 tirmiter
1015 1475 1162 1538 arbitrati
1177 1473 1274 1549 sunt)

164 1597 227 1660 pro
247 1579 388 1643 divortio
409 1577 560 1641 absoluto
583 1579 667 1642 inter
687 1578 841 1659 conjuges
862 1577 904 1639 ob
924 1577 1039 1641 uxoris
1059 1575 1273 1638 adulterium.

163 1681 271 1758 Quam
296 1687 401 1742 tamen
422 1679 643 1742 difficultatem
666 1680 831 1742 latendum
852 1685 912 1751 est,
935 1695 1140 1758 nequaquam
1162 1676 1276 1739 senna-

161 1802 199 1844 se
219 1800 277 1844 nec
298 1781 466 1857 indicasse,
489 1782 530 1843 ab
553 1779 717 1844 Ecclesiae
740 1780 937 1858 primordiis,
955 1797 995 1842 ac
1016 1778 1206 1858 praesertim
1228 1777 1284 1863 ἰιι·1

164 1891 216 1944 ter
236 1898 369 1961 graecos
392 1880 502 1943 Patres
523 1880 563 1942 ad
594 1879 743 1941 seculum
766 1897 871 1960 usque
897 1888 1049 1952 sextum,
1076 1876 1273 1941 Clementem

163 1983 424 2056 alexandrinum,
446 1981 633 2061 Origenem,
658 1979 912 2055 Tertullianum,
928 1978 1128 2058 Gregorinm
1149 1979 1277 2040 nazian·

163 2101 295 2158 renum,
312 2082 534 2155 Ambrosium,
552 2080 719 2158 Basiliam,
733 2080 981 2166 Hieronymum,
993 2065 1275 2163 chrysostomum,

165 2181 434 2259 Theodoretum,
466 2180 633 2266 cyrillum·
658 2182 928 2257 alexandrinum,
960 2181 1016 2261 qul
1050 2198 1128 2260 pras
1158 2179 1274 2243 ceteris

161 2289 329 2365 (quornm
354 2303 470 2348 noman
485 2285 587 2359 sileo)
609 2281 827 2346 sodalemne
837 2283 1084 2362 pharisaeorum
1100 2301 1174 2345 cnm
1193 2282 1274 2348 lesu
1346 2330 1349 2337 ·

161 2387 386 2466 expenderunt
407 2386 641 2466 quaestionem,
658 2385 829 2448 insolubile
851 2392 1089 2464 propugnantes
1102 2387 1217 2463 quarta
1232 2385 1273 2449 da

162 2503 261 2548 causa
284 2485 492 2549 connubium.

186 2608 188 2612 ·
242 2584 363 2649 Causas
384 2588 494 2667 itaque
513 2589 701 2670 bnjnsmodi
725 2589 919 2653 varietatum
942 2597 973 2652 ot
995 2591 1070 2654 bine
1097 2589 1274 2668 interpola⁴

164 2691 261 2752 tionis
284 2688 381 2770 hujus
403 2693 595 2768 commatis,
627 2693 708 2754 duas
739 2694 919 2771 potissimas
952 2696 1143 2772 reperimus.
1167 2691 1274 2754 Prima

164 2792 330 2869 reperitur
343 2792 375 2852 in
392 2793 573 2872 argumenti
594 2794 836 2857 similitudines
853 2795 956 2857 tribus
969 2793 1181 2874 Evangelislls
1200 2810 1275 2874 par·

165 2894 309 2968 tractati,
332 2891 512 2968 Malthace,
529 2894 642 2958 Marco
664 2905 696 2958 ct
717 2894 816 2959 Luca.
836 2896 947 2957 Altera
970 2897 1011 2957 ab
1029 2915 1146 2958 eorum
1167 2882 1275 2958 studio

165 2993 434 3074 repertionem
442 2997 474 3058 in
497 2994 674 3058 Ecclesiam
697 3006 767 3076 post
787 2995 985 3061 Constantini
1006 3006 1145 3059 aetatem
1164 2997 1276 3060 divor·¹

165 3096 248 3156 tium
278 3094 464 3157 absolutum
486 3098 528 3158 ob
549 3098 747 3161 adulterium
767 3099 999 3172 introducere,
1021 3107 1055 3160 et
1081 3099 1276 3178 evangelicis

164 3194 292 3258 sancire
324 3194 501 3276 scripturis
530 3198 705 3261 admodum
736 3201 948 3275 nitebantur,
971 3201 1066 3263 aienti
1097 3201 1251 3263 deinde
1242 3217 1274 3262 ιιι

165 3294 313 3359 Ecclesia
336 3315 451 3376 graeca
473 3298 674 3362 schismatlca
699 3301 927 3364 infaustissime
947 3301 1096 3365 invaluit.

252 3395 373 3461 l’rioris
391 3416 532 3474 censae,
557 3417 599 3462 ex
620 3400 767 3480 analogia
789 3404 947 3465 sermonis
979 3403 1078 3466 triam
1107 3401 1277 3482 Evangeli-

164 3507 291 3562 starum
314 3506 472 3576 exortae,
494 3501 653 3580 impulsus
681 3503 876 3581 repetendus
897 3511 945 3566 est
966 3503 1006 3564 ab
1028 3503 1189 3566 Ammonii
1210 3503 1277 3566 ale·

165 3599 317 3665 xandrini
341 3599 547 3664 Diocaesarea
568 3599 605 3664 ιἰι
628 3600 826 3685 diosopolim
848 3606 933 3684 qnod
956 3605 1075 3668 imitari
1097 3605 1159 3666 alia
1182 3606 1281 3668 ratio·

167 3717 208 3783 na
228 3702 355 3764 studuit
375 3701 558 3780 Eusebius,
580 3705 853 3784 quemadmodum
876 3711 907 3769 in
928 3705 1061 3786 epistola
1084 3706 1122 3768 ad
1145 3706 1277 3783 carptas

166 3819 246 3865 num
266 3803 434 3866 scribite«
449 3803 652 3882 Ammonius,
674 3809 791 3887 lnquit,
806 3809 936 3889 quidam
958 3808 1188 3872 alexandrinos
1209 3825 1277 3870 ma·

167 3920 231 3984 gno
251 3904 360 3967 studio
382 3913 481 3986 atque
503 3908 662 3972 industria
685 3929 784 3972 unum
808 3912 897 3972 nobis
919 3929 979 3990 pro
1000 3920 1157 3990 quatuor,
1173 3907 1279 3972 Evan-

167 4004 289 4086 gelinm
310 4004 457 4085 reliquit,
474 4008 677 4089 reliquorum
693 4008 946 4090 Evangellorum
964 4012 1131 4091 pericopas
1146 4029 1277 4086 compo-

165 4123 245 4167 nens
265 4104 333 4168 siae
352 4115 547 4172 connectens
555 4129 566 4189 3
588 4111 632 4172 lta
654 4116 692 4175 nl
712 4113 893 4174 necessario
917 4112 1053 4188 aecidat,
1079 4131 1277 4192 consequun-

166 4205 230 4269 tiae
251 4208 366 4269 seriam
390 4208 487 4272 triam
504 4209 780 4290 (Evangeliornm)
796 4219 952 4291 qnantum
976 4213 1014 4276 ad
1038 4222 1180 4276 tenorem
1204 4219 1274 4291 per·i
