2886 4784
241 334 282 405 lt

242 441 275 501 in
297 455 391 502 omne
413 438 589 501 brutorum
612 449 710 512 genos
734 431 881 495 transire.
907 428 951 493 lta
969 429 1052 493 euim
1069 428 1273 511 Pythagorae
1287 429 1360 510 opi·

242 539 369 601 nionam
391 523 528 601 secutus'
545 537 613 596 aits
870 555 873 557 ·

321 636 463 716 Jamque
486 637 604 710 valete,
629 631 716 695 Dens
737 650 823 696 nuuc
843 628 1037 694 immortalis
1059 640 1092 692 et
1112 644 1230 709 expers
1245 628 1359 693 interi·

241 748 293 802 tus
314 756 374 816 ego
398 756 492 814 sum3
516 752 598 815 puer
621 743 654 796 et
674 732 871 812 quandoque
894 731 1002 812 puella
1021 733 1087 811 ipse
1108 731 1177 794 iul:
1204 730 1359 794 fruticem
1413 773 1416 775 -

239 839 384 912 memini,
409 838 594 916 piscemque
616 836 777 896 marinum
801 831 891 895 Pisae
914 852 1030 912 meque
1052 833 1151 896 inisse
1173 833 1300 895 bovem.
1316 850 1335 889 n

325 939 503 999 hnonimus
522 954 599 998 tero
621 935 697 997 item
717 933 847 996 scribit:
867 953 883 990 a
900 931 1112 1010 Empedocles
1130 942 1201 1011 post
1216 933 1273 994 bos
1288 933 1360 994 cxi·

243 1043 329 1100 steus
349 1039 445 1098 etiam
465 1036 503 1097 dc
519 1034 713 1097 daemonum
730 1041 845 1095 natura
862 1033 958 1110 plura
973 1033 1069 1106 dixit,
1087 1031 1252 1111 quomodo
1268 1048 1360 1093 nem·

241 1156 282 1217 pe
302 1145 535 1201 conversentur
551 1136 809 1196 administrantes
827 1152 912 1212 quae
926 1151 1026 1211 super
1042 1142 1162 1196 terram
1176 1125 1264 1209 sunt,
1279 1149 1357 1196 cum

242 1241 305 1302 siut
327 1240 470 1318 plurimi.
494 1236 556 1300 Hic
580 1235 721 1299 universi
744 1235 937 1312 principium
959 1234 1151 1297 discordiam
1183 1243 1215 1296 et
1248 1235 1361 1298 amici·

245 1341 320 1402 tiam
343 1339 438 1410 dixit,
456 1342 488 1399 et
502 1334 647 1398 monadis
669 1335 902 1413 intelligibilem
915 1336 1019 1414 ignem
1034 1333 1151 1411 Deum,
1168 1344 1200 1398 et
1221 1355 1262 1399 ex
1282 1336 1358 1414 igue

243 1449 393 1502 constare
414 1438 521 1499 omnia
543 1448 576 1499 ot
596 1439 628 1498 in
650 1439 753 1513 ignem
777 1436 929 1498 dissolri:
955 1439 1007 1499 cui
1030 1439 1206 1501 sententiae
1232 1437 1300 1500 lere
1322 1443 1358 1499 et

243 1541 336 1604 stoici
358 1540 564 1612 conveniunt,
587 1534 869 1616 conflagrationem
890 1547 1109 1616 expectantes.
1134 1537 1216 1600 Prae
1237 1540 1357 1600 ceteris

245 1658 326 1703 reso
346 1641 527 1701 animarum
549 1638 588 1699 de
610 1639 803 1717 corporibus
825 1639 856 1699 in
876 1638 939 1699 alia
961 1655 1099 1717 corpora
1114 1639 1292 1702 transitioni
1305 1654 1358 1700 as·

243 1742 394 1814 sentitur,
417 1741 459 1800 ita
481 1741 635 1803 locutus:
659 1738 807 1818 Namque
830 1739 876 1801 lui
898 1739 1059 1818 quondam
1088 1739 1217 1818 juvenis
1237 1745 1270 1803 et
1290 1739 1360 1801 lor·

246 1858 333 1903 mosa
358 1840 449 1918 virgo
470 1847 502 1902 et
522 1841 618 1918 stirps
640 1847 673 1902 et
698 1839 855 1913 volucris,
878 1848 909 1902 et
933 1840 1055 1901 venalis
1076 1840 1116 1900 ab
1147 1857 1291 1919 aequore
1311 1839 1362 1920 pi·

244 1941 315 2002 scis.
341 1939 429 2001 ldem
452 1939 504 2000 bic
525 1941 706 2000 animarum
731 1937 905 2000 affirmarit
925 1939 1068 2001 omnium
1100 1940 1133 2001 in
1163 1940 1269 2002 omnia
1290 1940 1360 2002 ani·

246 2039 341 2101 malia
366 2040 673 2100 transmutationem.
698 2036 823 2100 Etenim
846 2038 964 2100 horum
987 2040 1140 2117 magister
1156 2038 1358 2123 Pythagoras

245 2139 326 2200 dixit
347 2138 487 2218 seipsum
512 2138 727 2215 Euphorbum
749 2138 915 2214 extitisse,
939 2142 995 2217 qui
1016 2146 1183 2218 susceptae
1206 2141 1237 2201 iu
1258 2138 1358 2202 ilium

245 2239 392 2302 interfuit
414 2223 607 2318 expeditioni
619 2259 631 2316 3
655 2255 885 2316 recognoscere
905 2257 939 2302 se
960 2240 1115 2320 clypeum
1134 2259 1230 2304 suum
1262 2249 1359 2304 testa·

245 2346 296 2403 tus
319 2350 376 2403 est.
400 2338 441 2401 Et
463 2339 543 2400 baec
566 2338 696 2417 quidem
719 2336 943 2416 Empedocles.
967 2358 983 2397 n

324 2439 503 2518 Utriusque
528 2440 654 2501 interim
689 2436 824 2503 Cedreni
846 2448 879 2502 et
900 2441 1060 2524 Anonymi
1090 2443 1129 2503 do
1162 2441 1360 2520 Empedocle

243 2543 440 2619 comparatis
462 2541 568 2611 dictis,
590 2547 715 2602 constat
735 2541 775 2600 ab
797 2542 887 2602 initio
911 2551 1090 2622 utromque
1110 2543 1142 2604 in
1164 2561 1258 2605 seusu
1281 2561 1361 2606 cou-

248 2645 368 2706 venire.
392 2640 514 2704 llaiude
530 2642 568 2703 de
585 2642 726 2704 universi
742 2651 859 2704 natura
875 2653 1072 2721 exponentes
1087 2644 1274 2724 Philosophi
1289 2646 1362 2722 opi-

247 2745 390 2816 nionem,
411 2742 521 2804 eadem
544 2759 658 2821 graeca
684 2744 780 2805 verba
804 2743 988 2822 proterunt.
1008 2744 1266 2824 insequentibus
1282 2762 1362 2824 por·

227 2863 284 2921 ¹ro
307 2844 442 2905 variant.
467 2841 551 2909 ldest
574 2841 738 2906 Cedrenus
761 2864 802 2907 ex
825 2845 1020 2925 Empedocle
1041 2848 1086 2910 ait
1107 2848 1243 2910 animam
1274 2853 1364 2907 trau·

247 2947 404 3023 amigrare
426 2945 456 3005 iu
478 2945 583 3006 omnia
605 2947 793 3020 animantia,
816 2946 953 3026 ejusque
976 2949 1055 3010 citat
1076 2951 1217 3010 earmina
1234 2947 1361 3024 integra

155 3127 157 3130 Ι
248 3044 349 3106 veluti
367 3044 398 3103 in
414 3043 604 3121 praemissis.
620 3043 808 3127 Anonymus
826 3063 903 3107 vero
919 3046 996 3109 dum
1011 3046 1126 3108 similia
1142 3063 1180 3109 ac
1194 3044 1362 3108 Gedrenus

163 3227 165 3231 ἢ
247 3144 362 3217 reiert,
384 3145 493 3224 aliqua
515 3144 642 3223 omisit3
665 3146 728 3218 alia
751 3145 872 3207 frustra
896 3146 1025 3207 iteravit
1047 3146 1123 3207 dum
1141 3147 1254 3224 iuquit.
1271 3143 1361 3208 Idem

246 3241 299 3305 dic
319 3242 500 3306 animarum
520 3239 663 3305 omnium
684 3241 719 3306 irs
741 3252 859 3305 cuncta
878 3242 1062 3308 animantia
1082 3243 1251 3326 affirmavit
1270 3252 1365 3307 tron-

248 3341 502 3424 smiprationcm,
525 3343 564 3405 de
585 3361 648 3422 qua
670 3343 737 3422 jam
760 3344 891 3407 locutus
913 3354 995 3408 erat.

332 3443 379 3506 lle
394 3444 626 3507 Anaximandri
650 3443 852 3523 philosophia
870 3446 1057 3527 Anonymus
1078 3464 1106 3509 c.
1126 3465 1156 3509 v.
1173 3446 1267 3525 plura
1281 3446 1365 3509 seri·

250 3547 310 3624 psit
332 3546 442 3608 eadem
465 3562 548 3624 quae
570 3543 749 3619 Cedreuns,
770 3547 834 3608 alia
856 3547 959 3626 glossa
982 3549 1165 3623 adornavit,
1196 3550 1364 3626 corruptis

252 3647 302 3708 vel
324 3645 464 3709 contusis
487 3646 585 3721 ipsius
608 3646 708 3708 dictis.
733 3648 783 3708 Ab
804 3649 893 3711 initio
916 3649 948 3710 in
969 3658 1113 3727 quatuor
1141 3650 1234 3712 lineis
1265 3650 1365 3712 ambo

251 3745 356 3807 verbis
378 3752 409 3804 et
429 3760 524 3804 seusu
547 3744 640 3821 plane
662 3749 866 3810 conveniunt.
897 3746 932 3808 ln
961 3749 1170 3828 sequentibus
1197 3766 1275 3811 vero
1302 3765 1365 3827 pro

251 3862 342 3907 mors
363 3861 423 3905 suo
444 3843 632 3924 anonymus
654 3849 771 3926 repetit
791 3866 875 3928 quae
896 3857 988 3911 antea
1004 3867 1078 3911 cum
1093 3848 1239 3912 Cedreno
1261 3866 1367 3928 expo·

250 3944 326 4005 suit.
352 3941 471 4002 Deinde
493 3940 658 4007 Cedreuus
680 3964 721 4008 ex
743 3946 941 4024 Philosopho
961 3947 1112 4025 loquitur
1132 3948 1172 4010 de
1195 3955 1283 4010 terra
1306 3964 1368 4011 un·

251 4043 349 4122 dique
370 4040 513 4106 eamdem
536 4046 707 4109 exhibente
723 4047 904 4109 distantiam
918 4053 951 4110 et
964 4047 1003 4110 da
1019 4046 1090 4126 ejus
1108 4048 1174 4113 situ
1191 4047 1222 4109 in
1241 4046 1365 4126 medi03

251 4145 307 4206 ubi
330 4146 519 4229 Anonymus
544 4151 703 4229 quaedam
732 4147 838 4213 omisit
865 4147 995 4226 aliaque
1024 4149 1183 4212 mutavit:
1218 4165 1368 4226 praeser-
