2886 4784
1182 337 1222 405 37

96 451 194 510 caior
214 441 253 505 ud
276 439 495 509 lastinianum
517 430 748 518 impiraiorom
781 439 1082 503 christianissimum
1107 444 1217 502 venire

101 546 304 623 desiderori;
327 563 412 606 nune
433 551 541 606 autam
565 541 801 604 Diocletianum
825 543 929 603 inveni
940 561 950 619 ;
969 543 1024 622 qui
1041 549 1145 604 tamen
1162 546 1221 605 mi-

98 665 158 709 nas
181 655 252 707 toas
275 662 337 707 uon
359 645 562 725 pertimesco.
582 638 623 704 Et
638 641 721 704 dixit
741 642 769 702 ei
792 641 911 703 iterum
936 640 1100 722 Agapetus
1124 660 1220 706 vene·

102 747 217 810 rabilis
240 746 348 825 Papa:
374 753 480 808 tamen
500 751 538 808 nt
559 746 640 806 scias
664 751 723 817 tn,
746 742 839 804 illum
873 759 935 803 uon
965 760 1033 806 esse
1065 743 1218 807 idoneum

101 847 265 926 Religioni
287 847 494 919 christianae,
517 846 688 926 episcopor
711 854 786 907 inus
809 843 1005 906 cboiiieaior
1024 845 1106 907 duas
1128 851 1221 906 natu·
1278 896 1281 903 .

102 967 157 1010 ras
178 948 209 1008 io
232 946 370 1012 Gbrisio.
393 943 485 1008 Tunc
506 948 663 1009 accersito
685 964 725 1006 ex
749 951 921 1024 praecepio
944 943 1081 1022 Augusti
1099 946 1222 1024 episco-

102 1067 147 1127 po
168 1048 529 1127 constantinopolitano,
551 1050 678 1109 nomine
702 1044 879 1124 Anibim03
902 1055 934 1106 et
956 1046 1154 1109 discussione
1174 1047 1221 1109 ia·

100 1159 167 1224 cta,
191 1166 355 1228 nunquam
381 1149 485 1210 roloit
505 1147 650 1210 confiteri
674 1149 704 1207 in
726 1145 872 1207 doctrina
895 1146 1056 1209 catholica
1087 1164 1218 1231 respon·

100 1250 208 1312 siooes
230 1249 269 1310 ad
291 1249 576 1327 interrogationem
600 1264 674 1310 com
700 1245 784 1327 Papa
810 1245 956 1326 Agapeto
977 1247 1058 1311 duaa
1084 1256 1218 1312 naiores

101 1350 137 1412 in
156 1347 295 1413 Domino
317 1346 396 1413 Jesu
428 1347 567 1414 Christo.
592 1347 697 1423 Quem
729 1365 802 1412 cum
828 1349 954 1411 vicisset
975 1367 1000 1411 s.
1026 1347 1112 1428 Papa
1135 1348 1219 1428 Agu-

101 1457 219 1530 petus‚
241 1449 441 1529 glorificatus
472 1455 520 1511 est
550 1450 582 1509 in
610 1448 758 1512 omnibus
780 1447 940 1512 Christos.
962 1467 979 1506 ιι
1002 1446 1124 1511 Deinde
1150 1449 1217 1527 ait,

103 1549 324 1614 lastinianum
349 1551 500 1613 adorasse
523 1547 666 1628 Papum,
688 1560 721 1613 ei
742 1553 774 1612 in
795 1549 930 1612 exilium
963 1549 1128 1629 expulisse
1156 1551 1220 1614 du·

100 1651 252 1715 ibimum.

182 1749 275 1815 Circa
297 1749 360 1813 boc
382 1751 598 1812 testimonium
621 1750 725 1830 primo
750 1751 925 1814 notandum
953 1760 1023 1828 aet,
1046 1752 1133 1832 qood
1164 1753 1218 1818 blo

99 1850 215 1916 scribit
238 1851 425 1915 Anastasius
446 1851 485 1913 de
516 1849 722 1927 Josiiuiaoo,
745 1852 801 1930 qni
833 1852 969 1915 exilium
1001 1851 1141 1914 minatus
1169 1861 1219 1916 ost

99 1953 262 2034 Agapetm
280 1955 335 2017 rix
356 1950 664 2034 Constantinopolim
685 1952 827 2028 advenit,
843 1954 901 2017 nisi
915 1952 1134 2016 subscriberet
1146 1971 1236 2016 oea·.

101 2055 277 2134 phalarum
300 2055 447 2135 haeresi,
470 2055 554 2118 idem
577 2075 666 2129 asse,
690 2055 777 2136 quod
808 2055 906 2133 paulo
936 2062 1008 2134 post
1038 2054 1078 2117 de
1100 2053 1218 2134 Vigilio

99 2162 237 2231 narrat,
260 2157 317 2221 rix
347 2157 406 2220 iste
427 2156 561 2234 (decem
589 2157 719 2220 circiter
740 2165 810 2236 post
831 2156 952 2234 annosi
974 2157 1005 2218 iu
1027 2156 1109 2219 banc
1132 2157 1217 2219 venit

98 2257 276 2319 civitatem.
299 2255 421 2320 Deinde
444 2256 525 2337 rogo
546 2275 631 2336 ego:
653 2257 725 2320 talis
746 2275 784 2320 ne
806 2267 853 2320 ast
876 2254 1035 2320 Anastasii
1056 2258 1214 2332 narratio,

100 2364 140 2421 ut
161 2359 290 2422 dicator
310 2366 523 2438 recessione
544 2357 746 2422 lastinianus
768 2359 951 2421 haereticos
972 2358 1148 2433 acephalus
1163 2375 1216 2420 ns·

97 2475 192 2538 gesse
212 2457 293 2520 dous
315 2458 347 2520 in
369 2457 498 2521 Cbristo
521 2457 680 2521 naturas?
701 2475 739 2520 ac
761 2459 832 2520 ideo
863 2476 938 2521 curn
965 2457 1111 2538 Agapcio
1140 2473 1215 2521 cou-

99 2558 251 2633 tendisse,
271 2578 416 2640 cumque
439 2559 530 2622 minis
552 2558 592 2620 ad
615 2560 696 2621 banc
717 2560 911 2625 haereticum
934 2561 1129 2640 compulisse
1146 2580 1216 2624 seu·

100 2660 262 2724 tentiam'l
285 2659 527 2725 Admitteodum
552 2678 590 2722 oe
612 2663 743 2739 insuper
763 2670 810 2725 est
832 2662 1014 2743 Agapaium
1036 2663 1068 2724 in
1087 2681 1125 2726 ea
1143 2676 1215 2727 vor·

99 2761 141 2822 ba
173 2763 391 2841 processisse,
415 2769 450 2826 ot
471 2761 593 2825 diceret
615 2781 648 2825 se
679 2762 752 2826 ideo
784 2764 815 2824 in
844 2759 1027 2827 iustiniano
1056 2764 1215 2843 reperisse

99 2858 339 2924 Diocletianum
352 2859 369 2925 i

183 2958 350 3025 Adversus
372 2962 454 3026 banc
475 2960 726 3041 suppositionem
749 2961 931 3023 obtestatur
960 2971 1053 3025 antea
1079 2963 1214 3044 epistole

98 3061 238 3140 genuino
262 3062 397 3142 Agapeii
419 3063 564 3144 ejusdem
586 3063 625 3124 ad
648 3062 863 3126 lastinianum
885 3060 947 3124 sub
961 3079 1011 3124 au.
1025 3059 1097 3127 535.
1113 3064 1215 3144 serip-
1322 3072 1323 3075 ’

99 3168 145 3236 ia,
169 3162 223 3226 ubi
245 3164 315 3226 aii:
340 3183 357 3223 ι
378 3161 595 3228 Gratulomur
619 3162 809 3226 venerabilis
832 3162 1025 3241 imperator,
1044 3165 1130 3243 quod
1147 3171 1215 3228 ian·

98 3269 135 3326 to
155 3263 334 3328 eaibolieae
355 3265 428 3328 iidei
451 3265 569 3328 ardore
590 3265 805 3337 succenderis,
829 3271 866 3326 ot
885 3264 1033 3327 omnibus
1055 3266 1213 3344 piissimae

99 3363 186 3424 ritae
209 3373 335 3428 restrae
359 3366 558 3446 temporibus
580 3366 665 3444 piam
687 3363 938 3427 sollicitudinem
963 3364 1050 3426 circa
1081 3381 1212 3427 servan·

98 3463 175 3526 dam
197 3465 443 3546 augendamque
458 3464 622 3529 Ecclesiae
636 3463 840 3529 concordiam
856 3464 1033 3528 clementer
1046 3465 1212 3539 exhibeas,

97 3570 134 3627 ei
154 3582 251 3628 unam
274 3565 368 3630 iidem
390 3585 516 3648 suaque
538 3566 722 3645 peremnia
746 3564 900 3630 firmitate
925 3567 1082 3631 consimili
1112 3565 1214 3629 omni·

98 3666 160 3729 bus
182 3668 311 3747 populis
333 3670 517 3732 christianis
539 3669 653 3748 copias
675 3668 854 3745 praedicari
886 3675 946 3734 ote.
969 3689 986 3727 ι
1011 3668 1090 3732 ltem
1111 3667 1213 3732 losti-

97 3767 214 3830 oianos
234 3785 318 3830 anno
338 3773 486 3851 sequenti
508 3767 578 3834 536.
602 3769 632 3831 io
656 3768 728 3830 fidei
750 3767 976 3844 confessione,
999 3787 1097 3848 qoam
1130 3767 1213 3832 Gon·

97 3869 307 3949 stantinopoli
332 3869 476 3950 Agapeto
497 3871 606 3943 dedit,
631 3872 710 3932 baec
732 3870 830 3932 dicii:
854 3870 1096 3949 «Quapropter
1117 3870 1211 3934 sicuti

98 3969 238 4050 praelati
264 3989 398 4046 sumus,
421 3982 589 4054 sequentes
611 3975 642 4033 in
663 3972 811 4034 omnibus
832 3972 945 4036 Sedem
969 3970 1210 4050 Apostolicam,

94 4089 181 4150 qoue
205 4071 245 4132 ab
268 4090 305 4134 ea
334 4080 452 4136 staiota
485 4080 582 4146 sunt,
606 4072 840 4152 praedicamus.
865 4071 906 4135 Et
927 4073 1119 4153 profitemur
1150 4074 1209 4134 ista

94 4176 286 4237 inconcusse
307 4193 454 4248 servare,
477 4185 508 4238 et
531 4173 739 4252 compellere,
766 4179 802 4237 ot
821 4173 916 4254 iuxta
940 4182 1082 4240 tenorem
1110 4172 1211 4236 libelli

97 4275 190 4338 istius
212 4292 322 4341 omnes
346 4276 462 4342 iaciant
483 4277 632 4355 episcopi.
658 4293 674 4332 ιι
