2886 4784
1210 340 1270 410 187

158 443 260 506 simae
282 441 461 519 Trinitatis,
485 442 590 507 Patris
612 447 643 505 et
665 441 739 506 Filii
765 450 795 504 rt
811 440 950 521 Spiritus
980 440 1099 505 Sancti.
1124 442 1194 525 Ego
1220 462 1279 508 nu·

158 551 223 605 tem
248 546 323 606 item
339 545 379 607 ah
395 544 553 624 Apostolo
576 544 753 605 instructus
777 540 996 618 (Periurcheu
1012 541 1111 605 Libro
1129 543 1152 604 l.
1169 563 1197 606 c.
1216 543 1275 607 ΙΙΙ.

158 662 191 706 ιι.
224 643 281 721 2.)
304 645 420 708 didici:
446 666 461 704 u
485 654 590 707 tantae
612 663 680 707 esse
708 645 915 706 auctoritatis
947 653 979 707 et
1009 646 1173 723 dignitatis
1202 646 1276 708 suh·

157 748 309 808 stantiam
331 745 470 826 Spiritus
491 746 620 821 Sancti,
645 754 680 809 ut
702 747 854 808 salutaris
878 745 1061 826 Baptismus
1084 765 1146 808 nou
1178 748 1274 809 aliter
1319 830 1321 834 ,

158 847 220 909 nisi
253 848 544 911 excellentissimae
575 850 719 910 omnium
752 846 915 912 Trinitatis
947 850 1162 921 auctoritate,
1196 850 1277 911 idest

137 1024 140 1029 ,
160 948 267 1010 Petris
283 957 315 1011 et
331 946 403 1010 Filii
419 956 451 1013 et
467 947 606 1027 Spiritus
627 947 733 1013 Sancti
754 950 1029 1033 cognominatione
1052 948 1272 1028 compleatur3

160 1060 193 1111 et
215 1050 357 1129 ingenito
373 1048 440 1112 Deo
464 1049 551 1112 Patri
574 1059 606 1112 et
629 1050 793 1127 unigenite
814 1050 885 1130 ejus
900 1049 985 1114 Filio
1006 1069 1120 1113 nomeu
1142 1070 1276 1131 quoque

158 1149 426 1236 Spiritus-Sancti
448 1151 635 1230 copuletur.
660 1170 676 1206 u
1172 1134 1175 1141 ’

242 1249 306 1313 Vos
328 1253 460 1332 insuper
481 1254 638 1314 adversus
663 1259 835 1337 novatores
860 1252 1013 1317 docuistis
1029 1271 1066 1313 ae
1088 1255 1274 1316 anatheme-

164 1355 186 1416 tt
208 1353 412 1433 subjecistis,
436 1355 636 1435 quicumque
658 1354 811 1430 dixisset,
834 1353 1032 1432 Baptisnrum
1064 1354 1196 1419 loannis
1219 1357 1274 1417 ha·

162 1456 273 1518 buisse
293 1457 438 1519 eamdem
461 1459 524 1523 vius
557 1474 631 1518 curn
655 1454 817 1533 Baptismo
840 1455 968 1520 Christi.
993 1456 1061 1534 Ego
1085 1475 1163 1519 vero
1184 1475 1274 1519 curn·

161 1557 236 1619 dem
271 1557 411 1620 refutavi
444 1576 591 1620 errorem
622 1577 663 1621 ex
696 1557 920 1636 Evangelistae
954 1560 1046 1621 dictis
1081 1560 1272 1621 ostendensr

164 1681 181 1718 u
205 1658 339 1723 loannis
363 1658 561 1738 Baptismum
586 1661 802 1739 expletionem
825 1681 894 1723 esse
917 1670 1076 1735 veterum,
1092 1679 1154 1723 nou
1177 1681 1277 1724 norn-

165 1780 241 1825 rum
257 1763 506 1824 inchoationem.
524 1761 670 1842 Denique
693 1764 837 1825 retertur
851 1764 881 1824 in
903 1763 1033 1826 Actibus
1046 1765 1273 1844 apostolorum,

164 1863 254 1943 quod
275 1865 409 1944 quidam
430 1884 471 1928 ex
493 1865 680 1942 discipulis,
715 1869 771 1944 qui
799 1864 961 1946 Baptismn
991 1866 1123 1929 loannis
1146 1866 1277 1928 inerant

166 1967 345 2046 baptizati,
368 1966 590 2047 apostolarum
611 1970 766 2031 sententia
790 1967 978 2045 rebaptizati
999 1975 1074 2031 sunt
1096 1967 1275 2029 innomine

164 2065 293 2133 Domini
314 2066 405 2132 Jesu.
432 2065 627 2144 Quicumque
650 2071 658 2136 i
670 2067 770 2145 ergo)
791 2065 945 2145 baptizati
964 2086 1071 2128 suiuus
1093 2066 1129 2129 iu
1154 2064 1276 2130 Christe

163 2166 261 2241 Jesu,
283 2167 319 2230 iu
340 2179 437 2229 utorte
457 2165 559 2245 ipsius
581 2165 734 2246 baptizati
755 2185 873 2229 sumus.
898 2167 1058 2248 Requiras
1081 2168 1217 2230 fortasse
1243 2185 1275 2228 e·

165 2272 243 2332 tiam
266 2271 344 2346 lroc,
367 2271 552 2351 quodcum
574 2272 640 2348 ipse
664 2267 819 2333 [lominus
841 2270 958 2332 dixerit
981 2256 1021 2330 ed
1042 2269 1217 2347 discipules
1240 2275 1277 2329 nl

165 2369 369 2453 baptizarent
390 2390 499 2436 ornnes
522 2378 629 2449 gentes
651 2371 680 2431 in
704 2372 831 2432 nomine
852 2369 956 2433 Patris
978 2380 1010 2432 et
1032 2369 1104 2431 Filii
1126 2375 1158 2431 at
1178 2367 1277 2446 Spiri-

126 2533 131 2542 .
167 2484 221 2537 ins
242 2474 361 2551 Sancti,
378 2492 439 2538 cur
460 2473 699 2558 hichpostolus
719 2473 821 2535 solius
843 2471 961 2536 Christi
982 2473 1013 2532 in
1035 2470 1198 2549 Baptismo
1220 2484 1276 2532 nn·

165 2595 239 2639 nien
261 2578 470 2657 assumpserit
490 2577 620 2638 dieensr
643 2573 830 2654 quicumque
844 2571 998 2653 baptisati
1015 2590 1124 2636 sumus
1137 2571 1174 2634 iu
1191 2566 1280 2635 Chrt'·

156 2689 226 2755 sto,
249 2697 323 2743 curn
345 2681 462 2757 ntique
482 2695 543 2739 non
566 2677 725 2739 habeatur
745 2677 924 2755 legitimum
942 2673 1114 2754 hrothuin,
1137 2675 1195 2737 nisi
1215 2673 1276 2752 sub

165 2785 295 2845 nomine
316 2779 491 2844 Trinitatis.
513 2778 573 2843 Sed
596 2779 722 2840 intuere
743 2778 947 2856 prudentiam
972 2774 1063 2839 l‘auli
1085 2784 1145 2838 etc.
1169 2795 1185 2834 u

248 2882 313 2945 Vos
335 2884 434 2956 item,
457 2898 554 2960 quum
582 2888 692 2942 contra
726 2881 945 2945 schismaticos
966 2887 998 2940 et
1021 2879 1274 2954 reformatores,

164 2985 307 3064 coniugii
331 2982 495 3045 christiani
517 2980 631 3059 quavis
653 2979 691 3041 de
720 2997 816 3045 causa
846 2980 1109 3043 insolubilitatem
1132 2979 1277 3043 decrevi·

164 3087 236 3161 stis,
253 3087 334 3148 hunc
356 3086 478 3164 pariter
498 3100 557 3161 ego
578 3100 620 3143 cx
635 3080 753 3144 Christi
776 3081 975 3145 institutione
997 3090 1029 3144 et
1050 3082 1275 3161 apostolorum

166 3188 348 3268 disciplina,
370 3185 519 3266 quamtis
539 3183 688 3248 nonnulli
710 3183 798 3248 illusi
820 3200 913 3247 secus
935 3190 1108 3263 putarent,
1139 3183 1278 3244 tirmiter

166 3288 383 3371 propugnari.
1028 3336 1031 3342 .

250 3387 315 3452 Vos
336 3390 366 3451 in
388 3386 519 3472 Syundn
539 3383 740 3464 cougregati,
763 3401 780 3445 a
803 3381 941 3446 Domino
962 3385 1144 3447 institutum
1167 3384 1277 3446 decre·

165 3492 258 3556 vistis
283 3491 500 3554 l‘oenitentiae
521 3495 782 3564 sacramentum
806 3503 866 3561 ac,
889 3488 946 3550 elsi
969 3486 1204 3550 reluctantibus
1226 3505 1276 3548 rc·

167 3594 417 3665 seruatoribus,
434 3595 589 3670 integrum
608 3597 816 3668 peccatorum
832 3587 1063 3651 confessionem
1078 3588 1188 3667 (quod
1206 3606 1278 3666 per·
1314 3631 1316 3635 ψ

164 3704 266 3776 petuo
288 3697 390 3756 tonuit
411 3692 529 3758 Christi
553 3688 718 3767 Ecclesia)
741 3679 863 3750 cunctis
886 3697 957 3765 post
978 3688 1176 3769 Baptismnrn
1206 3690 1276 3766 lap·

114 3775 122 3783 ¹
164 3798 222 3873 sis,
242 3797 319 3877 jure
340 3795 449 3856 divino
471 3791 682 3855 necessarium
704 3807 772 3851 esse
793 3791 927 3853 dixistis.
952 3789 992 3852 tu
1012 3791 1094 3854 hanc
1115 3810 1175 3869 ego
1196 3809 1277 3870 qun·

165 3915 232 3978 que
254 3897 295 3958 al)
317 3895 471 3976 apostolis
492 3892 651 3971 accipiens
667 3891 912 3965 institutionem,
930 3893 1141 3954 neeessariam
1158 3892 1277 3970 docui3

164 4008 260 4061 etex
284 3999 376 4077 praxi
400 4000 461 4058 rite
483 4002 624 4067 servata,
647 3992 714 4054 sire
735 3991 878 4070 publiea,
904 3993 952 4052 rel
971 4000 1002 4053 et
1023 4001 1147 4053 secreta
1172 3992 1278 4053 iorent

133 4113 137 4117 ’
166 4107 322 4179 peccota,
345 4115 455 4161 coram
479 4096 627 4157 fidelibus
649 4092 767 4170 institi,
790 4099 904 4156 cuncta
927 4094 1148 4158 sacerdotibus
1175 4094 1282 4156 decla·

166 4201 267 4265 reuda
290 4220 359 4267 esse
381 4199 572 4264 ostendens:
597 4218 613 4256 u
638 4194 703 4274 Qui
723 4196 823 4261 sancti
844 4204 931 4274 sunt,
954 4197 1034 4274 dixi,
1060 4197 1278 4277 propeccatis
