2886 4784
1233 381 1292 454 tub

170 484 496 569 hierosolymitanum
519 501 556 545 ar
578 484 659 545 alios
680 484 735 564 qni
757 483 906 563 Origenis
929 491 1036 561 partes
1057 501 1288 565 susceperant,

172 588 294 666 arguit,
312 588 402 667 quasi
419 588 476 666 ipsi
492 586 574 649 hano
592 594 811 665 tempestatem
835 588 865 647 in
889 586 1048 649 bonorum
1068 590 1219 652 damnum
1235 610 1307 669 cuz

170 689 334 750 citassent.
352 685 447 761 Quod
472 686 553 747 idem
576 695 668 749 antea
691 688 730 751 de
752 688 917 751 monachis
939 690 1096 770 aegyptiis
1118 702 1291 758 notaverat

171 787 386 868 Theophilus.

253 889 293 951 Et
315 889 446 969 quidem
469 906 528 969 ego
550 889 678 966 lateor,
702 890 920 971 undequaque
942 893 983 955 ob
1015 894 1097 956 hanc
1128 898 1291 975 quaestio·

170 1010 242 1053 nem
266 991 411 1053 fidelium
433 992 555 1054 animos
579 993 726 1055 turbatus
748 993 859 1069 luisse,
883 997 913 1057 iu
939 995 1054 1071 ltalia,
1077 997 1107 1057 in
1132 993 1285 1061 Palaesti-

169 1112 234 1167 na,
259 1096 290 1157 iu
313 1093 460 1178 Aegypto
482 1097 672 1172 praesertim
694 1103 726 1157 et
747 1095 1034 1177 Constantinopoli.
1059 1097 1119 1161 Sed
1150 1109 1288 1163 tantum·

173 1194 246 1256 dem
284 1195 430 1266 inficior,
466 1195 628 1273 praelatos
663 1198 747 1257 viros
781 1206 866 1258 tanta
899 1216 1091 1275 provocasse
1125 1202 1287 1264 scandalo.

171 1296 389 1376 Nequaquam
411 1295 559 1375 Origenis
582 1299 790 1374 defensores,
813 1299 972 1379 cujusque
997 1304 1135 1379 regionis
1158 1303 1287 1376 forent,

169 1399 334 1480 cujusque
357 1399 488 1477 gradus,
515 1399 591 1461 tanti
615 1400 688 1460 mali
712 1411 863 1461 auctores
884 1401 1007 1463 dicendi
1030 1413 1115 1465 sunt.
1141 1405 1199 1467 Ast
1224 1406 1289 1485 pri·

169 1517 244 1563 mus
265 1499 466 1579 Theophilus
489 1502 587 1582 hujus
609 1503 715 1564 extitit
738 1504 934 1582 tempestatis
954 1514 1092 1585 auctor3
1109 1507 1178 1586 qui,
1199 1509 1287 1571 relu-

170 1606 246 1666 latis
268 1603 334 1684 jam
357 1621 373 1663 a
396 1623 420 1665 s.
441 1602 610 1683 Pamphilo
631 1603 779 1683 (trigenis
801 1606 1088 1679 obtrectatoribus,
1103 1627 1285 1689 eorumque

166 1706 287 1768 libellis
311 1705 440 1767 famosis
473 1723 534 1767 una
565 1723 640 1767 cum
672 1708 899 1769 commentitiis
920 1709 1111 1783 erroribus,
1133 1711 1285 1774 denuoe

164 1808 302 1888 pulvere
324 1807 491 1881 excitavit,
507 1815 628 1886 eosque
649 1808 752 1869 eidem
770 1809 941 1885 inscripsit,
961 1819 996 1872 ut
1011 1813 1213 1873 occasionem
1231 1830 1281 1874 re·

165 1910 290 1990 periret
322 1909 495 1971 monachos
525 1908 699 1969 ulciscendi
733 1908 792 1971 sibi
826 1910 977 1983 infensos,
1006 1912 1282 1988 quemadmodum

162 2019 256 2074 autea
280 2013 401 2074 dictum
423 2020 481 2072 est.
500 2009 590 2086 Quos
612 2028 742 2073 errores
764 2030 839 2074 cum
862 2029 920 2089 per
941 2012 1093 2090 epistolas
1121 2013 1282 2096 Hierony·

161 2131 215 2184 mu
237 2114 518 2185 communicasset,
543 2113 601 2173 iste
623 2111 778 2174 credulus
800 2129 837 2173 ac
860 2112 1000 2175 malitiae
1019 2115 1151 2192 ignarus
1173 2111 1279 2177 Theo·

165 2214 258 2293 phili,
282 2214 379 2275 latine
404 2232 533 2288 versos,
556 2215 586 2273 in
611 2212 715 2286 ltalia,
739 2214 769 2272 in
794 2213 916 2286 Africa,
940 2215 971 2274 in
995 2212 1145 2292 Hispanis
1171 2217 1282 2294 vulga·
1306 2273 1322 2304 0

163 2314 224 2388 vit,
247 2313 302 2374 ubi
325 2331 458 2391 prorsus
480 2313 579 2391 ignoti
602 2321 704 2374 erant.
730 2311 801 2374 Non
822 2331 901 2391 ergo
919 2302 1070 2376 ‘monachi
1093 2317 1280 2392 nitrienses,

162 2431 227 2476 uun
252 2413 411 2488 cunnus,
434 2433 496 2475 non
517 2412 658 2477 Joanucs
680 2415 998 2495 hierosolymitanus,
1022 2434 1081 2480 nec
1100 2416 1186 2479 alter
1208 2436 1283 2480 cou-

161 2516 469 2595 stantinopolitanus
493 2515 671 2578 Ecclesiam
695 2525 883 2596 mentesque
905 2517 1047 2581 fidelium
1083 2521 1279 2593 turbarunt,

161 2627 194 2681 et
216 2623 247 2680 in
270 2626 377 2696 partes
398 2621 574 2681 sciderunt.
600 2615 721 2680 Verum
744 2617 944 2698 Theophilus
966 2623 1090 2699 primus
1119 2624 1178 2686 hoc
1210 2642 1283 2703 pcr-
1307 2680 1309 2689 s

163 2722 307 2801 pctrsvit
327 2721 538 2793 scandalum,
562 2732 594 2781 et
615 2721 728 2783 deinde
754 2721 995 2804 Hieronymus,
1019 2743 1077 2804 per
1099 2736 1201 2789 totum
1226 2745 1280 2790 or·

161 2822 236 2886 hem
259 2821 335 2884 tuba
356 2831 506 2884 canentes
527 2823 684 2886 adversus
704 2823 1092 2905 imaginariamllrigenis
1108 2829 1279 2904 haeresim,

160 2932 194 2986 et
217 2924 399 2986 haereticos
421 2922 571 2986 fictitiost
595 2942 668 2986 cum
693 2932 778 2986 totus
800 2927 887 2986 orbis
909 2945 1054 3007 eousque
1083 2932 1279 3003 nesciverit,

156 3024 334 3103 Origenem
357 3043 483 3087 errasse
492 3047 504 3105 ;
526 3043 564 3088 ac
587 3029 616 3086 in
641 3027 745 3088 medio
767 3027 838 3106 ejus
861 3029 1008 3102 inveniri,
1032 3033 1087 3110 qui
1112 3051 1279 3110 praesum·

161 3136 235 3206 ptos
258 3124 493 3202 profiterentur
515 3145 655 3188 errores.
676 3129 701 3188 A
719 3124 915 3205 Theophila,
941 3147 1055 3192 rursus
1077 3134 1193 3205 dicam,
1217 3135 1277 3197 hu·

158 3226 214 3307 jus
236 3227 378 3288 scandali
403 3224 574 3304 r'epetenda
599 3240 695 3288 causa
718 3235 775 3289 est.
794 3226 834 3289 Et
859 3227 929 3289 telis
946 3247 1065 3310 reapse
1080 3230 1280 3312 Theophilus

161 3339 297 3391 recatus
320 3337 366 3390 est
388 3329 428 3390 ab
450 3327 592 3391 Arcadio
615 3339 646 3391 et
670 3328 854 3392 innocentio
880 3330 962 3408 Papa
985 3333 1026 3394 ob
1048 3352 1104 3408 ea,
1127 3353 1212 3414 quac
1234 3345 1279 3402 te·

160 3449 250 3493 mere
271 3440 304 3490 et
325 3431 530 3508 impudenter
551 3432 646 3509 gessit
666 3434 698 3493 in
715 3431 863 3512 aegypto
878 3442 909 3495 et
925 3433 1202 3518 Constantinopoli
1224 3440 1280 3502 sd·

160 3549 276 3596 sersus
298 3533 493 3606 monachos,
524 3534 571 3594 his
606 3533 733 3594 verbisr
767 3532 863 3594 totius
889 3533 974 3597 orbis
1002 3538 1200 3602 couturbasti
1231 3561 1277 3603 rc·

157 3632 280 3713 piencs.
627 3695 628 3698 ,

241 3733 345 3797 Nemo
367 3753 467 3815 porro
490 3737 640 3813 miretur,
663 3740 750 3818 quod
775 3737 914 3803 Heracle
938 3740 1095 3816 excluso,
1118 3739 1278 3822 Theophi-

159 3839 229 3901 lum
256 3841 354 3900 statui
378 3839 527 3918 Origenis
553 3842 837 3904 contradictorem.
866 3840 939 3906 Non
962 3844 1045 3903 enim
1068 3845 1115 3905 uti
1139 3847 1275 3924 genuina

158 3950 274 4004 cuncta
299 3943 540 4022 complectenda
563 3953 650 4016 sunt,
672 3962 757 4023 quae
780 3954 957 4006 narrantur
979 3947 1009 4009 in
1033 3945 1121 4008 Actis
1143 3965 1168 4008 s.
1190 3946 1275 4008 Petri

158 4044 379 4119 alexandrini,
396 4063 432 4106 ac
455 4046 558 4108 citatis
575 4047 605 4106 iu
618 4043 772 4109 Tractatu
791 4046 964 4108 iustiniani
987 4047 1141 4128 inscripto
1162 4049 1277 4110 adrer-

158 4165 214 4207 sus
236 4143 422 4224 Origenem.
445 4144 507 4209 Ubi
530 4147 614 4209 inter
636 4154 742 4210 cetera
766 4148 846 4211 haec
867 4157 1024 4211 notentur
1045 4148 1083 4210 de
1105 4149 1166 4212 isto
1187 4159 1218 4211 et
1241 4151 1280 4212 dc

159 4244 320 4310 lleracla:
345 4268 362 4307 a
385 4245 473 4323 Quid
495 4266 596 4327 porro
618 4248 745 4327 dicum,
769 4249 812 4312 ait
836 4269 861 4314 s.
884 4248 1025 4325 Petrus,
1050 4247 1224 4313 Heraclam
1246 4259 1279 4313 et
