2886 4784
234 324 278 392 bb

234 428 370 490 artificia
393 426 453 488 sub
475 426 668 488 daemonum
691 424 908 498 invocatione,
933 421 1030 483 variis
1052 420 1299 500 operationibus
1324 438 1359 482 e·

237 531 341 594 sectis
362 529 400 591 ad
423 529 616 608 simplicium
646 527 854 600 illusionem,
888 542 969 604 quas
1004 525 1246 587 haeresiarchas
1279 524 1361 586 dicit

235 634 377 695 imitatos
398 649 478 694 esse.
502 629 629 707 Quibus
649 630 828 708 expositis,
852 630 1051 707 insequenti
1073 645 1144 705 cap.
1168 624 1207 687 tt.
1231 627 1359 706 recepi·

235 733 425 796 tulationem
449 733 592 795 contexit
614 731 886 810 pbilosophorum
908 738 941 791 et
964 729 1213 808 theologorum,
1236 731 1292 807 qui
1315 728 1359 791 de

238 832 306 898 Dee
329 836 556 914 disputarunt:
580 845 611 895 et
633 835 699 894 aits
719 832 840 895 «luter
860 849 971 893 omnes
987 831 1196 909 philosophos
1211 849 1249 892 ac
1266 832 1358 891 tbeo·

238 935 343 1016 logos,
365 940 421 1017 qui
445 937 566 1016 ubique
588 936 805 1014 inquisierunt
827 935 867 997 tle
888 932 969 1007 Deo,
993 949 1056 994 uon
1077 933 1228 994 convenit
1248 932 1288 993 (le
1303 949 1360 1007 eo,

237 1038 314 1116 quill
337 1040 392 1114 sit,
415 1045 473 1100 aut
493 1037 611 1117 qualis.
636 1034 677 1097 tlt
699 1036 783 1098 euim
805 1037 910 1114 ignem
933 1053 1002 1098 esse
1024 1035 1128 1116 ajunt,
1151 1035 1199 1097 illi
1222 1052 1332 1097 aerem
1345 1078 1357 1111 ,

238 1141 293 1203 elil
316 1158 447 1221 aquam,
470 1140 524 1201 alii
550 1149 669 1213 terram
692 1150 754 1200 etc.
780 1157 796 1195 e

325 1241 556 1306 Verumtamen
578 1259 651 1305 cnm
675 1245 705 1304 iu
728 1241 880 1320 praelatis
901 1251 1048 1320 quatuor
1078 1240 1240 1318 capitibus
1269 1248 1370 1315 sumi·

238 1362 369 1425 mopere
391 1345 602 1420 incubuisset,
620 1351 656 1407 ut
674 1361 751 1404 vena
770 1343 1012 1422 astrologorum
1035 1350 1067 1404 et
1088 1358 1258 1421 magorum
1278 1340 1359 1419 slog-

236 1459 322 1509 mata
346 1445 566 1525 patefaceret,
590 1445 818 1525 recapitulatio
841 1462 903 1506 uon
926 1446 954 1507 ei
978 1443 1174 1507 conficienda
1200 1450 1270 1505 erat
1285 1443 1359 1520 pbi-

238 1549 451 1628 losophorum
473 1556 505 1610 et
529 1548 755 1627 theologorum
778 1548 834 1626 qui
857 1546 897 1608 tle
921 1544 988 1608 Deo
1019 1546 1255 1626 inquisierunt,
1278 1563 1358 1609 cnm

235 1649 303 1729 jem
326 1652 355 1712 in
377 1649 462 1712 libro
487 1648 512 1713 l.
534 1651 612 1714 satis
633 1649 671 1711 de
693 1650 757 1711 illis
773 1649 837 1729 egit
853 1657 884 1711 et
899 1647 1071 1722 conclusit,
1096 1649 1225 1711 eosdem
1248 1646 1357 1711 Deum

238 1753 383 1814 omnium
406 1750 554 1832 opificem
576 1752 784 1830 ignorantes,
807 1757 975 1812 creaturas
997 1748 1164 1813 Creatoris
1185 1749 1259 1811 loeo
1284 1749 1358 1810 exi·

240 1852 407 1932 elimasse3
431 1851 630 1932 proindeque
653 1853 683 1914 in
706 1851 768 1912 boc
788 1851 873 1913 libro
898 1848 956 1912 tlt.
982 1851 1032 1912 vel
1054 1849 1110 1914 tv.
1134 1868 1196 1913 non
1218 1859 1290 1914 erat
1310 1851 1360 1912 eis

240 1954 344 2017 locus.
369 1952 429 2015 Sed
449 1953 543 2034 juxta
569 1954 756 2030 praemissa,
781 1953 834 2014 ubi
857 1953 895 2012 de
918 1952 1103 2030 astrologis,
1120 1953 1158 2014 de
1181 1953 1360 2027 matbema-

240 2057 321 2128 tlcis,
345 2056 384 2119 tls
407 2055 506 2135 magis
529 2053 727 2133 disputavit,
751 2054 982 2131 recapitulatio
1005 2054 1122 2132 potiori
1142 2054 1280 2135 jurene
1303 2073 1361 2115 eo·

239 2158 387 2221 rusndem
410 2158 534 2237 plueitis
559 2156 745 2220 instruenda
768 2166 851 2228 erat,
868 2156 984 2217 ceteris
1002 2157 1247 2233 praetermissis.
1267 2153 1360 2219 lusu·

240 2275 298 2337 por
320 2274 382 2319 nou
405 2265 529 2321 tantum
552 2264 645 2320 extra
671 2265 899 2336 argumentum
932 2257 1013 2318 hane
1037 2256 1145 2319 intulit
1176 2255 1359 2321 conclusio·

239 2375 311 2422 nem
334 2358 546 2442 anonymum
569 2365 618 2420 ast
649 2358 805 2420 adversus
837 2358 1010 2421 locutionis
1042 2376 1176 2438 quoque
1204 2358 1292 2437 leges
1324 2375 1361 2420 ae

240 2462 357 2540 gessit,
381 2461 686 2540 recapitulationem
709 2459 790 2537 (ubi
815 2460 903 2522 brevi
927 2477 1075 2523 sermone
1097 2458 1241 2538 praelata
1266 2477 1385 2538 repe-¹

241 2561 380 2635 tuetur)
404 2561 464 2623 boc
487 2568 585 2640 caput
606 2577 817 2640 nuncupans,
842 2580 915 2624 eum
948 2561 1045 2623 aliter
1076 2562 1129 2623 blo
1161 2579 1360 2640 persarum,

199 2692 208 2707 ’
239 2662 487 2739 chaldaeorum,
509 2671 541 2726 et
563 2665 790 2746 aegyptiorum
812 2664 977 2742 opiniones
998 2662 1037 2726 tle
1060 2661 1117 2726 [lei
1139 2665 1272 2727 essentia
1301 2681 1364 2727 ex·

242 2765 399 2844 posuerit,
413 2764 451 2828 de
467 2764 585 2844 quibus
599 2764 631 2826 in
646 2765 826 2843 praemissis
844 2782 882 2827 ue
895 2765 1031 2829 uerbum
1047 2765 1179 2845 quidem
1194 2765 1359 2828 edisserit:

241 2882 299 2928 nec
322 2867 393 2929 ideo
416 2865 446 2926 iu
469 2865 530 2928 boo
551 2865 876 2944 loeodisputaudum
899 2874 981 2926 erut.

321 2965 493 3029 Praeterea
517 2966 547 3029 in
571 2967 632 3029 boo
654 2985 726 3046 cap.
748 2987 778 3029 n.
796 2967 821 3030 l.
840 2976 872 3029 et
885 2967 914 3032 2.
932 2967 998 3028 duo
1021 2966 1158 3028 notanda
1181 2973 1271 3029 suut,
1286 2964 1361 3028 Pri·

240 3084 353 3139 ntum,
376 3070 460 3147 quotl
491 3071 557 3142 eit,
590 3069 799 3147 philosophos
823 3085 933 3130 veram
964 3066 1098 3131 Deitatis
1127 3075 1277 3131 naturam
1305 3085 1362 3130 ne·

238 3168 385 3245 seientes,
401 3171 452 3233 vel
468 3173 584 3251 ignem,
600 3171 651 3232 rel
668 3189 790 3243 aerem,
806 3189 863 3231 seu
881 3188 1012 3251 aquam,
1025 3172 1094 3232 sire
1110 3176 1230 3232 terram
1246 3169 1362 3232 existi·

238 3289 358 3349 inesse,
385 3290 441 3335 nec
463 3283 569 3336 tomen
590 3263 627 3339 ro*
648 3268 784 3362 σύμπαν
805 3264 885 3338 dett
899 3261 985 3341 ’ἔιναι
1002 3262 1056 3339 rob
1073 3265 1141 3340 θεὸν
1157 3267 1363 3361 ἀπεφήναντο

238 3371 423 3438 stainei-sens
444 3374 532 3438 istud
552 3393 615 3437 esse
639 3374 740 3437 Druna
760 3375 985 3437 occluserunt:
1004 3392 1043 3436 ac
1058 3377 1102 3437 ita
1118 3375 1249 3436 loeutus
1268 3377 1364 3454 quasi

238 3490 314 3537 num
338 3476 501 3553 pnnteistis
521 3476 561 3538 de
584 3473 652 3538 Deo
673 3477 808 3538 sentiret
828 3475 899 3551 ille,
916 3493 999 3554 quos
1022 3475 1169 3536 retulere
1188 3491 1363 3551 aggressus

238 3583 298 3639 ast.
322 3573 391 3640 Nee
413 3578 489 3640 item
512 3577 612 3656 paule
634 3584 706 3658 post
727 3576 870 3639 fideliter
889 3577 1039 3657 loquitur
1055 3577 1194 3649 Auctor,
1211 3575 1362 3654 inquiens

238 3678 397 3751 absolute,
414 3678 582 3763 aegyptios
603 3679 748 3740 omnium
771 3678 1009 3758 antiquissimos
1029 3675 1064 3758 ἐξ
1085 3672 1256 3754 ἐπιπνοίας
1279 3672 1365 3742 Osro-

238 3774 339 3860 τάπης
359 3780 468 3845 diuino
487 3779 608 3861 spiritu
629 3782 749 3861 efflator
762 3784 911 3846 docuisse
927 3781 1030 3847 [lenm
1047 3801 1116 3846 esse
1131 3782 1302 3844 monadem
1316 3784 1365 3845 in·

238 3883 431 3948 divisibilem
455 3895 516 3948 etc.
540 3904 582 3949 ex
603 3888 759 3950 sententia
782 3888 915 3969 propria
937 3902 1148 3959 asseverans,
1180 3902 1287 3964 neque
1314 3903 1359 3948 ex

239 3984 382 4050 altorum
403 3987 568 4068 opinione,
589 3990 760 4074 aegyptios
781 3990 938 4054 divinitus
960 3988 1131 4067 inspiratos
1153 3987 1193 4049 (lc
1218 3984 1287 4050 lieo
1312 3988 1363 4049 lo·

240 4093 333 4149 entes
353 4105 433 4151 esse.
458 4084 498 4151 tu
518 4089 651 4169 quidem
672 4090 801 4170 saepius
824 4091 952 4153 Auctor
972 4096 1101 4162 noster,
1135 4086 1224 4167 quotl
1247 4088 1279 4148 in
1301 4105 1361 4149 no·

239 4187 373 4251 rissimis
396 4192 496 4271 magis
519 4191 672 4274 patefiet,
695 4192 772 4255 (lum
796 4191 938 4255 aliorum
959 4191 1037 4255 citat
1058 4190 1252 4255 documenta
1288 4189 1361 4252 illo·
