2886 4784
157 449 260 493 ersom.
288 429 319 490 ln
344 437 484 508 utroque
510 428 651 491 validum
673 435 733 491 stat
759 429 1039 506 propugnaculum
1057 420 1215 491 adversus
1233 425 1270 491 d·

158 532 287 612 nonyroi
319 532 569 592 obtrectationes
590 532 621 592 in
645 527 863 610 zephyrinum
898 538 930 592 et
959 530 1129 593 Callistum
1160 530 1272 611 jactas.

160 635 195 694 ln
219 635 322 712 primo
348 651 442 694 vanas
464 634 649 694 convellens
673 633 912 694 haereticorum
937 632 1129 710 opiniones,
1152 634 1271 695 eisdem

162 734 274 814 objicit
299 734 510 796 ecclesiarum
534 734 786 811 apostolicarum
812 734 1026 795 traditionem.
1046 732 1088 795 Et
1114 750 1175 812 par
1197 733 1281 796 hauc·

163 838 194 896 io
216 853 246 895 a.
266 833 316 900 ta.
334 836 437 914 inquit
459 857 474 891 a
498 833 623 914 Regula
647 841 694 896 ost
715 843 823 896 antem
848 833 933 909 iidei,
959 842 993 896 ut
1016 835 1082 915 jam
1106 835 1181 897 hinc
1202 833 1276 915 quid
1314 861 1320 868 ·

66 975 71 982 -
161 938 345 1009 credamus,
370 935 594 1014 profiteamur,
618 937 673 997 illa
696 937 831 1011 scilicet,
848 955 911 1016 qua
938 937 1095 1010 creditur,
1114 953 1217 998 uuum
1241 955 1274 997 o·

164 1040 270 1099 moino
284 1056 353 1099 esse
370 1035 486 1111 boum,
502 1055 559 1099 nec
575 1036 674 1098 alium
692 1045 822 1115 praeter
843 1037 953 1098 mundi
976 1037 1199 1110 conditorem,
1221 1039 1276 1117 qui

164 1142 312 1200 universa
337 1138 376 1199 de
398 1138 498 1202 nihilo
521 1137 677 1217 produxit
698 1155 756 1217 per
778 1135 922 1199 Verbum
951 1154 1046 1199 sunm
1067 1142 1130 1199 etc.
1154 1135 1274 1199 Deinde

163 1261 193 1304 n.
213 1237 265 1302 36.
290 1261 307 1300 a
331 1241 398 1317 Age
417 1239 484 1319 jam
506 1239 561 1317 qui
586 1239 674 1300 voles
696 1240 918 1302 curiositatem
943 1242 1059 1302 melius
1076 1257 1234 1302 exercere
1248 1241 1276 1300 in

164 1344 292 1421 negotio
314 1340 428 1403 salutis
451 1347 551 1416 tuae,
577 1358 733 1419 percurre
762 1340 914 1425 ecclesias
947 1341 1169 1421 apostolicas,
1193 1341 1276 1422 apud

162 1462 243 1523 quas
266 1444 351 1518 ipsae
373 1439 481 1502 adhuc
502 1440 675 1501 cathedrae
698 1440 932 1519 Apostolorum
954 1443 1021 1508 suis
1043 1441 1124 1502 loeis
1157 1441 1276 1520 praesi-
1318 1436 1321 1448 '

58 1624 60 1629 Ι
164 1546 302 1606 dentur:
328 1540 413 1620 apud
437 1557 517 1618 quas
540 1542 626 1621 ipsae
652 1541 856 1602 authenticae
886 1540 1014 1602 litterae
1046 1558 1161 1605 eorum
1196 1543 1272 1604 reci·

165 1651 298 1715 tantur,
321 1649 471 1703 sonantes
495 1659 606 1704 vocam
629 1650 660 1702 et
683 1649 959 1720 repraesentantes
982 1640 1095 1704 faciem
1120 1641 1274 1704 uniuscu-

161 1746 292 1825 jusque.
319 1741 470 1804 Proxime
492 1749 539 1804 est
563 1742 617 1806 tibi
641 1741 787 1820 Achaia,
811 1742 909 1803 babes
931 1739 1136 1805 Corinthum.
1159 1740 1191 1806 Si
1215 1759 1273 1804 non

163 1847 258 1924 louge
281 1863 313 1906 es
336 1862 353 1904 a
378 1842 579 1916 Macedonia,
605 1845 701 1905 habes
726 1843 908 1924 Philippos,
933 1844 1029 1905 habes
1052 1844 1278 1906 tessalonicen-

164 1967 223 2009 ses.
247 1948 278 2011 Si
302 1957 391 2026 potes
414 1949 444 2008 io
468 1945 576 2008 Asiam
601 1945 732 2007 tendere
754 1945 851 2006 habes
874 1944 1049 2025 Ephesum.
1073 1945 1103 2008 Si
1126 1955 1236 2008 autem
1253 1944 1277 2006 l·

165 2049 260 2110 taliae
282 2048 425 2129 adjaces,
450 2048 548 2108 habes
571 2046 720 2122 Romam,
746 2046 830 2109 uode
845 2047 934 2108 nobis
950 2065 1082 2125 quoquc
1106 2048 1279 2110 auctoritas

165 2159 293 2229 praesto
317 2160 382 2224 est,
405 2158 492 2212 statu
515 2148 592 2210 felix
619 2147 780 2210 Ecclesia:
804 2138 980 2210 cui'tolam
997 2149 1178 2214 doctrinam
1195 2149 1277 2228 Apo·

94 2312 97 2316 ,
164 2254 237 2314 stoli
261 2272 334 2315 cum
357 2254 510 2329 sanguine
532 2269 592 2312 suo
610 2249 839 2329 profuderunt.
858 2248 917 2314 Ubi
939 2249 1054 2312 Petrus
1071 2251 1208 2329 passioni
1225 2252 1278 2312 do·

166 2354 302 2415 minicae
325 2353 551 2430 adaequatur,
577 2351 630 2412 uhi
655 2349 775 2411 Paulus
797 2349 930 2413 Joaonis
959 2352 1049 2413 exitu
1075 2357 1274 2429 coronaturj

164 2456 219 2518 obi
243 2454 419 2533 Apostolus
441 2452 581 2514 loannes
603 2463 811 2532 posteaquam
834 2455 864 2513 iu
881 2453 991 2513 oleum
1008 2454 1137 2530 igneum
1154 2452 1277 2514 damer-

164 2574 218 2617 sus
249 2554 326 2615 nihil
350 2571 460 2632 passus
483 2558 553 2626 est,
577 2554 608 2613 in
630 2555 766 2615 insulam
795 2554 970 2630 relegatur.
996 2549 1168 2613 Videamus
1201 2550 1275 2630 quid

164 2656 304 2729 dixerit,
322 2652 404 2733 quid
428 2655 589 2728 docuerit,
612 2655 688 2733 quid
712 2674 785 2716 cum
808 2654 959 2715 airicaois
981 2671 1114 2732 quoque
1136 2653 1277 2714 eeclesiis

165 2757 403 2819 contesserarit.
427 2752 533 2818 Unum
557 2754 660 2817 ileum
683 2759 771 2818 novit
794 2767 973 2816 creatorem
1008 2755 1228 2818 universitatis
1248 2762 1280 2816 et-

167 2857 332 2922 Christum
356 2855 467 2919 Jesum
491 2875 531 2918 ex
556 2855 685 2935 Virgine
707 2856 809 2919 Maria
835 2855 953 2918 Filium
977 2853 1034 2917 Dei
1058 2859 1279 2930 creatoris,.el

169 2962 273 3021 carnis
298 2960 578 3021 resurrectionem.
604 2958 718 3037 Legem
741 2970 771 3020 ct
796 2931 973 3036 Prophetas
1003 2975 1078 3020 eum
1108 2957 1280 3036 evangeliis

166 3070 198 3121 et
222 3061 406 3137 apostolicis
428 3060 542 3120 litteris
566 3062 697 3136 miseet;
721 3067 751 3120 et
774 3059 847 3120 inde
869 3067 958 3138 potat
981 3057 1073 3119 fidem
1097 3075 1181 3120 eam:
1198 3073 1277 3138 aqua

166 3163 265 3239 signat
286 3182 293 3222 a
318 3161 434 3225 Sancto
455 3160 578 3239 Spiritu
604 3162 710 3232 vestit,
736 3159 939 3222 Eucharistia
964 3161 1087 3238 pascit3
1121 3160 1277 3244 martyrio

170 3246 365 3325 exhortatur
376 3283 387 3342 ;
405 3273 436 3325 ct
459 3264 500 3323 ita
524 3263 680 3323 adversus
703 3263 783 3325 hane
805 3262 1038 3324 institutionem
1056 3264 1215 3323 nemiuem
1230 3278 1276 3322 ro·

164 3366 250 3445 cipit.
278 3362 364 3427 llaec
386 3373 433 3426 est
454 3363 626 3435 institutio,
650 3381 711 3423 ooo
735 3362 807 3425 dico
826 3363 905 3442 jam,
922 3380 1005 3442 quae
1023 3361 1150 3423 futuras
1168 3363 1277 3424 haere·

166 3486 216 3528 ses
238 3466 498 3544 praenuntiabat,
521 3461 574 3523 sed
599 3464 637 3524 dc
659 3482 722 3541 qua
741 3465 889 3526 haereses
915 3464 1116 3545 prodierunt.
1135 3462 1196 3526 Sed
1219 3481 1291 3548 uoa'

166 3567 361 3628 lucrantes
384 3565 454 3636 illa,
477 3584 517 3626 ex
540 3583 607 3642 quo
630 3564 734 3627 iactae
754 3576 831 3628 sunt
852 3567 1008 3628 adversus
1030 3567 1118 3627 illam
1142 3575 1237 3628 etc.»

247 3666 295 3727 Es
320 3667 380 3725 hoc
403 3663 596 3726 Tertulliani
622 3669 803 3729 testimonio
825 3670 864 3728 de
887 3667 954 3728 [leo
978 3667 1209 3746 Patremque
1232 3663 1280 3728 Fi·

170 3768 215 3827 lio
238 3768 307 3846 ejus
331 3767 460 3829 Christo
482 3765 575 3842 Jesu,
598 3778 629 3829 et
651 3768 690 3830 de
712 3767 833 3846 Spiritu
856 3768 985 3842 Sancto,
1011 3769 1113 3831 tribus
1138 3768 1279 3848 personis

165 3869 321 3929 distinctis
343 3869 520 3931 secundum
538 3858 701 3950 quusque
716 3873 933 3950 operationes,
949 3872 979 3931 in
996 3873 1118 3932 unitata
1132 3870 1278 3932 substan·

165 3973 227 4030 tiae
249 3973 500 4048 comprehensis,
524 3991 621 4052 quam
645 3971 752 4046 fidem,
777 3982 906 4053 practer
927 3982 1072 4046 ceteras,
1100 3969 1275 4034 Ecclesiam

166 4069 345 4138 Romanam
368 4072 513 4150 profiteri
536 4075 602 4153 ipsc
623 4074 668 4135 ait
689 4073 855 4153 Scriptor,
878 4093 953 4136 cum
977 4073 1202 4136 Pontificatum
1226 4090 1276 4152 ga·

161 4182 247 4232 reret
274 4170 489 4257 zephyrinus,
518 4175 682 4255 quomodo
708 4176 885 4255 putandum
915 4179 976 4240 erit
1005 4194 1078 4238 eum
1097 4177 1283 4259 Anonymo,
