<?xml version="1.0" encoding="UTF-8"?>
<!DOCTYPE html PUBLIC "-//W3C//DTD XHTML 1.0 Transitional//EN"
    "http://www.w3.org/TR/xhtml1/DTD/xhtml1-transitional.dtd">
<html xmlns="http://www.w3.org/1999/xhtml" xml:lang="en" lang="en">
 <head>
  <title>
</title>
<meta http-equiv="Content-Type" content="text/html;charset=utf-8" />
  <meta name='ocr-system' content='tesseract 3.04.00' />
  <meta name='ocr-capabilities' content='ocr_page ocr_carea ocr_par ocr_line ocrx_word'/>
</head>
<body>
  <div class='ocr_page' id='page_1' title='image "./insgregoriinyss00vincgoog/insgregoriinyss00vincgoog_0101.png"; bbox 0 0 2886 4784; ppageno 0'>
   <div class='ocr_carea' id='block_1_1' title="bbox 165 343 207 415">
    <p class='ocr_par' dir='ltr' id='par_1_1' title="bbox 165 343 207 415">
     <span class='ocr_line' id='line_1_1' title="bbox 165 343 207 415; baseline 0 0"><span class='ocrx_word' id='word_1_1' title='bbox 165 343 207 415; x_wconf 76' lang='lat' dir='ltr'><em>tib</em></span> 
     </span>
    </p>
   </div>
   <div class='ocr_carea' id='block_1_2' title="bbox 164 444 1292 934">
    <p class='ocr_par' dir='ltr' id='par_1_2' title="bbox 164 444 1292 934">
     <span class='ocr_line' id='line_1_2' title="bbox 168 444 1292 529; baseline -0.004 -14"><span class='ocrx_word' id='word_1_2' title='bbox 168 449 333 515; x_wconf 81' lang='lat' dir='ltr'><em>Ciristnm</em></span> <span class='ocrx_word' id='word_1_3' title='bbox 354 447 485 512; x_wconf 84' lang='lat' dir='ltr'><em>unicum</em></span> <span class='ocrx_word' id='word_1_4' title='bbox 499 447 623 511; x_wconf 82' lang='lat' dir='ltr'><em>Filium</em></span> <span class='ocrx_word' id='word_1_5' title='bbox 644 447 711 529; x_wconf 79' lang='lat' dir='ltr'><em>ejus</em></span> <span class='ocrx_word' id='word_1_6' title='bbox 735 444 904 512; x_wconf 83' lang='lat' dir='ltr'><em>Dominum</em></span> <span class='ocrx_word' id='word_1_7' title='bbox 919 455 1074 520; x_wconf 80' lang='lat' dir='ltr'><em>nostrum,</em></span> <span class='ocrx_word' id='word_1_8' title='bbox 1092 447 1134 510; x_wconf 87' lang='lat' dir='ltr'><em>ita</em></span> <span class='ocrx_word' id='word_1_9' title='bbox 1149 445 1201 509; x_wconf 91' lang='lat' dir='ltr'><em>iili</em></span> <span class='ocrx_word' id='word_1_10' title='bbox 1221 454 1292 511; x_wconf 80' lang='lat' dir='ltr'><em>tra·</em></span> 
     </span>
     <span class='ocr_line' id='line_1_3' title="bbox 167 545 1291 614; baseline -0.002 -3"><span class='ocrx_word' id='word_1_11' title='bbox 167 552 268 614; x_wconf 87' lang='lat' dir='ltr'><em>dunt:</em></span> <span class='ocrx_word' id='word_1_12' title='bbox 292 562 318 613; x_wconf 84' lang='lat' dir='ltr'><em>et</em></span> <span class='ocrx_word' id='word_1_13' title='bbox 348 549 383 612; x_wconf 85' lang='lat' dir='ltr'><em>in</em></span> <span class='ocrx_word' id='word_1_14' title='bbox 405 569 505 612; x_wconf 81' lang='lat' dir='ltr'><em>unum</em></span> <span class='ocrx_word' id='word_1_15' title='bbox 527 547 692 612; x_wconf 85' lang='lat' dir='ltr'><em>dominnm</em></span> <span class='ocrx_word' id='word_1_16' title='bbox 714 558 859 610; x_wconf 83' lang='lat' dir='ltr'><em>nostrum</em></span> <span class='ocrx_word' id='word_1_17' title='bbox 883 545 989 610; x_wconf 83' lang='lat' dir='ltr'><em>lesum</em></span> <span class='ocrx_word' id='word_1_18' title='bbox 1021 546 1185 612; x_wconf 81' lang='lat' dir='ltr'><em>Cbristssm</em></span> <span class='ocrx_word' id='word_1_19' title='bbox 1211 545 1291 611; x_wconf 65' lang='lat' dir='ltr'><em>uni-²</em></span> 
     </span>
     <span class='ocr_line' id='line_1_4' title="bbox 164 649 1288 732; baseline -0.001 -19"><span class='ocrx_word' id='word_1_20' title='bbox 164 673 235 714; x_wconf 83' lang='lat' dir='ltr'><em>cem</em></span> <span class='ocrx_word' id='word_1_21' title='bbox 260 650 468 732; x_wconf 81' lang='lat' dir='ltr'><em>Filium-ejus</em></span> <span class='ocrx_word' id='word_1_22' title='bbox 492 695 576 711; x_wconf 89' lang='lat'><strong>....</strong></span> <span class='ocrx_word' id='word_1_23' title='bbox 601 650 695 725; x_wconf 83' lang='lat' dir='ltr'><em>Quod</em></span> <span class='ocrx_word' id='word_1_24' title='bbox 718 659 827 712; x_wconf 88' lang='lat' dir='ltr'><em>autem</em></span> <span class='ocrx_word' id='word_1_25' title='bbox 850 651 991 713; x_wconf 82' lang='lat' dir='ltr'>diximus</span> <span class='ocrx_word' id='word_1_26' title='bbox 1014 649 1156 714; x_wconf 83' lang='lat' dir='ltr'><em>Orientis</em></span> <span class='ocrx_word' id='word_1_27' title='bbox 1178 651 1288 714; x_wconf 85' lang='lat' dir='ltr'><em>eccle-</em></span> 
     </span>
     <span class='ocr_line' id='line_1_5' title="bbox 164 749 1290 832; baseline 0.001 -16"><span class='ocrx_word' id='word_1_28' title='bbox 164 756 227 816; x_wconf 83' lang='lat' dir='ltr'>sias</span> <span class='ocrx_word' id='word_1_29' title='bbox 251 756 378 816; x_wconf 76' lang='lat' dir='ltr'><strong>tradere</strong></span> <span class='ocrx_word' id='word_1_30' title='bbox 401 772 499 816; x_wconf 80' lang='lat' dir='ltr'><em>nmtm</em></span> <span class='ocrx_word' id='word_1_31' title='bbox 523 752 621 816; x_wconf 82' lang='lat' dir='ltr'><em>Deum</em></span> <span class='ocrx_word' id='word_1_32' title='bbox 645 752 770 814; x_wconf 82' lang='lat' dir='ltr'><em>Patrem</em></span> <span class='ocrx_word' id='word_1_33' title='bbox 793 749 1032 832; x_wconf 82' lang='lat' dir='ltr'><em>omnipotentem</em></span> <span class='ocrx_word' id='word_1_34' title='bbox 1053 762 1082 814; x_wconf 87' lang='lat' dir='ltr'><em>et</em></span> <span class='ocrx_word' id='word_1_35' title='bbox 1100 771 1203 816; x_wconf 81' lang='lat' dir='ltr'><em>unum</em></span> <span class='ocrx_word' id='word_1_36' title='bbox 1224 751 1290 817; x_wconf 87' lang='lat' dir='ltr'><em>Do·</em></span> 
     </span>
     <span class='ocr_line' id='line_1_6' title="bbox 168 841 1288 934; baseline 0.001 -18"><span class='ocrx_word' id='word_1_37' title='bbox 168 853 303 929; x_wconf 80' lang='lat' dir='ltr'><em>minum,</em></span> <span class='ocrx_word' id='word_1_38' title='bbox 327 841 388 919; x_wconf 86' lang='lat' dir='ltr'><em>hoc</em></span> <span class='ocrx_word' id='word_1_39' title='bbox 412 855 507 917; x_wconf 90' lang='lat' dir='ltr'><em>modo</em></span> <span class='ocrx_word' id='word_1_40' title='bbox 522 855 766 934; x_wconf 83' lang='lat' dir='ltr'><em>intelligendum</em></span> <span class='ocrx_word' id='word_1_41' title='bbox 783 864 843 926; x_wconf 91' lang='lat' dir='ltr'><em>est,</em></span> <span class='ocrx_word' id='word_1_42' title='bbox 860 873 959 915; x_wconf 82' lang='lat' dir='ltr'><em>nonan</em></span> <span class='ocrx_word' id='word_1_43' title='bbox 975 872 1037 916; x_wconf 92' lang='lat' dir='ltr'><em>non</em></span> <span class='ocrx_word' id='word_1_44' title='bbox 1053 873 1192 918; x_wconf 80' lang='lat' dir='ltr'><em>numero</em></span> <span class='ocrx_word' id='word_1_45' title='bbox 1207 855 1288 931; x_wconf 90' lang='lat' dir='ltr'><em>dici,</em></span> 
     </span>
    </p>
   </div>
   <div class='ocr_carea' id='block_1_3' title="bbox 156 951 1287 4273">
    <p class='ocr_par' dir='ltr' id='par_1_3' title="bbox 164 951 1287 1830">
     <span class='ocr_line' id='line_1_7' title="bbox 165 951 1286 1032; baseline 0 -13"><span class='ocrx_word' id='word_1_46' title='bbox 165 957 220 1019; x_wconf 90' lang='lat' dir='ltr'><em>sed</em></span> <span class='ocrx_word' id='word_1_47' title='bbox 244 956 454 1017; x_wconf 85' lang='lat' dir='ltr'><em>universitate</em></span> <span class='ocrx_word' id='word_1_48' title='bbox 472 999 479 1016; x_wconf 93' lang='lat'><strong>.</strong></span> <span class='ocrx_word' id='word_1_49' title='bbox 499 1000 505 1015; x_wconf 92' lang='lat'><strong>.</strong></span> <span class='ocrx_word' id='word_1_50' title='bbox 525 1001 531 1014; x_wconf 95' lang='lat'>.</span> <span class='ocrx_word' id='word_1_51' title='bbox 549 999 556 1016; x_wconf 93' lang='lat'><strong>.</strong></span> <span class='ocrx_word' id='word_1_52' title='bbox 575 951 632 1016; x_wconf 87' lang='lat' dir='ltr'><em>His</em></span> <span class='ocrx_word' id='word_1_53' title='bbox 648 955 779 1016; x_wconf 87' lang='lat' dir='ltr'><em>additur</em></span> <span class='ocrx_word' id='word_1_54' title='bbox 794 951 989 1016; x_wconf 76' lang='lat' dir='ltr'><em>invisibilem</em></span> <span class='ocrx_word' id='word_1_55' title='bbox 1001 964 1030 1016; x_wconf 88' lang='lat' dir='ltr'><em>et</em></span> <span class='ocrx_word' id='word_1_56' title='bbox 1044 953 1286 1032; x_wconf 68' lang='lat' dir='ltr'><em>impossibilius:</em></span> 
     </span>
     <span class='ocr_line' id='line_1_8' title="bbox 164 1055 1286 1141; baseline 0.003 -21"><span class='ocrx_word' id='word_1_57' title='bbox 164 1056 329 1121; x_wconf 90' lang='lat' dir='ltr'><em>sciendum</em></span> <span class='ocrx_word' id='word_1_58' title='bbox 353 1057 439 1136; x_wconf 88' lang='lat' dir='ltr'><em>quod</em></span> <span class='ocrx_word' id='word_1_59' title='bbox 456 1056 521 1118; x_wconf 92' lang='lat' dir='ltr'><em>duo</em></span> <span class='ocrx_word' id='word_1_60' title='bbox 538 1056 587 1118; x_wconf 89' lang='lat' dir='ltr'><em>isti</em></span> <span class='ocrx_word' id='word_1_61' title='bbox 605 1072 769 1118; x_wconf 89' lang='lat' dir='ltr'><em>sermones</em></span> <span class='ocrx_word' id='word_1_62' title='bbox 785 1058 815 1118; x_wconf 95' lang='lat' dir='ltr'><em>in</em></span> <span class='ocrx_word' id='word_1_63' title='bbox 830 1055 997 1119; x_wconf 82' lang='lat' dir='ltr'><em>Ecclesiae</em></span> <span class='ocrx_word' id='word_1_64' title='bbox 1012 1055 1180 1119; x_wconf 84' lang='lat' dir='ltr'><em>Romanae</em></span> <span class='ocrx_word' id='word_1_65' title='bbox 1194 1060 1286 1141; x_wconf 75' lang='lat' dir='ltr'><em>Sym·</em></span> 
     </span>
     <span class='ocr_line' id='line_1_9' title="bbox 165 1157 1286 1237; baseline 0.004 -18"><span class='ocrx_word' id='word_1_66' title='bbox 165 1158 242 1221; x_wconf 88' lang='lat' dir='ltr'><em>boio</em></span> <span class='ocrx_word' id='word_1_67' title='bbox 263 1177 325 1220; x_wconf 92' lang='lat' dir='ltr'><em>uon</em></span> <span class='ocrx_word' id='word_1_68' title='bbox 348 1158 520 1219; x_wconf 88' lang='lat' dir='ltr'><em>habentur.</em></span> <span class='ocrx_word' id='word_1_69' title='bbox 546 1157 678 1222; x_wconf 85' lang='lat' dir='ltr'><em>Constat</em></span> <span class='ocrx_word' id='word_1_70' title='bbox 700 1164 809 1220; x_wconf 93' lang='lat' dir='ltr'><em>autem</em></span> <span class='ocrx_word' id='word_1_71' title='bbox 831 1158 916 1237; x_wconf 86' lang='lat' dir='ltr'><em>epod</em></span> <span class='ocrx_word' id='word_1_72' title='bbox 941 1178 996 1221; x_wconf 90' lang='lat' dir='ltr'><em>nos</em></span> <span class='ocrx_word' id='word_1_73' title='bbox 1018 1158 1144 1221; x_wconf 89' lang='lat' dir='ltr'><em>additos</em></span> <span class='ocrx_word' id='word_1_74' title='bbox 1167 1158 1286 1223; x_wconf 84' lang='lat' dir='ltr'><em>haere·</em></span> 
     </span>
     <span class='ocr_line' id='line_1_10' title="bbox 165 1257 1287 1341; baseline 0.002 -19"><span class='ocrx_word' id='word_1_75' title='bbox 165 1279 236 1323; x_wconf 90' lang='lat' dir='ltr'><em>sees</em></span> <span class='ocrx_word' id='word_1_76' title='bbox 258 1277 355 1321; x_wconf 89' lang='lat' dir='ltr'><em>causa</em></span> <span class='ocrx_word' id='word_1_77' title='bbox 378 1257 524 1331; x_wconf 76' lang='lat' dir='ltr'><em>sabellii,</em></span> <span class='ocrx_word' id='word_1_78' title='bbox 549 1258 636 1321; x_wconf 90' lang='lat' dir='ltr'><em>iilius</em></span> <span class='ocrx_word' id='word_1_79' title='bbox 659 1258 818 1337; x_wconf 84' lang='lat' dir='ltr'><em>proiecto,</em></span> <span class='ocrx_word' id='word_1_80' title='bbox 836 1278 919 1338; x_wconf 88' lang='lat' dir='ltr'><em>quae</em></span> <span class='ocrx_word' id='word_1_81' title='bbox 941 1277 958 1320; x_wconf 92' lang='lat' dir='ltr'><em>a</em></span> <span class='ocrx_word' id='word_1_82' title='bbox 980 1260 1099 1323; x_wconf 90' lang='lat' dir='ltr'><em>nostris</em></span> <span class='ocrx_word' id='word_1_83' title='bbox 1118 1258 1287 1341; x_wconf 69' lang='lat' dir='ltr'><em>Patricos-</em></span> 
     </span>
     <span class='ocr_line' id='line_1_11' title="bbox 167 1357 1286 1440; baseline 0 -16"><span class='ocrx_word' id='word_1_84' title='bbox 167 1359 261 1424; x_wconf 86' lang='lat' dir='ltr'><em>sienn</em></span> <span class='ocrx_word' id='word_1_85' title='bbox 283 1357 493 1439; x_wconf 60' lang='lat' dir='ltr'><em>appellatum</em></span> <span class='ocrx_word' id='word_1_86' title='bbox 517 1357 598 1421; x_wconf 87' lang='lat' dir='ltr'><em>idest</em></span> <span class='ocrx_word' id='word_1_87' title='bbox 620 1377 704 1439; x_wconf 88' lang='lat' dir='ltr'><em>quae</em></span> <span class='ocrx_word' id='word_1_88' title='bbox 727 1357 856 1422; x_wconf 89' lang='lat' dir='ltr'><em>Patrem</em></span> <span class='ocrx_word' id='word_1_89' title='bbox 886 1361 991 1438; x_wconf 84' lang='lat' dir='ltr'><em>ipsum</em></span> <span class='ocrx_word' id='word_1_90' title='bbox 1015 1360 1131 1424; x_wconf 81' lang='lat' dir='ltr'><em>velex</em></span> <span class='ocrx_word' id='word_1_91' title='bbox 1153 1358 1286 1440; x_wconf 74' lang='lat' dir='ltr'><em>Virgine</em></span> 
     </span>
     <span class='ocr_line' id='line_1_12' title="bbox 167 1459 1287 1541; baseline -0.001 -16"><span class='ocrx_word' id='word_1_92' title='bbox 167 1472 279 1526; x_wconf 89' lang='lat' dir='ltr'><em>natum</em></span> <span class='ocrx_word' id='word_1_93' title='bbox 301 1462 390 1536; x_wconf 88' lang='lat' dir='ltr'><em>dicit,</em></span> <span class='ocrx_word' id='word_1_94' title='bbox 413 1469 446 1522; x_wconf 92' lang='lat' dir='ltr'><em>et</em></span> <span class='ocrx_word' id='word_1_95' title='bbox 469 1461 625 1522; x_wconf 84' lang='lat' dir='ltr'><em>visibilem</em></span> <span class='ocrx_word' id='word_1_96' title='bbox 649 1461 784 1535; x_wconf 89' lang='lat' dir='ltr'><em>lactum,</em></span> <span class='ocrx_word' id='word_1_97' title='bbox 799 1460 850 1522; x_wconf 88' lang='lat' dir='ltr'><em>vei</em></span> <span class='ocrx_word' id='word_1_98' title='bbox 869 1480 998 1541; x_wconf 86' lang='lat' dir='ltr'><em>passum</em></span> <span class='ocrx_word' id='word_1_99' title='bbox 1014 1459 1154 1524; x_wconf 89' lang='lat' dir='ltr'><em>affirmat</em></span> <span class='ocrx_word' id='word_1_100' title='bbox 1167 1463 1200 1526; x_wconf 92' lang='lat' dir='ltr'><em>in</em></span> <span class='ocrx_word' id='word_1_101' title='bbox 1213 1478 1287 1526; x_wconf 86' lang='lat' dir='ltr'><em>car·</em></span> 
     </span>
     <span class='ocr_line' id='line_1_13' title="bbox 167 1561 1285 1642; baseline -0.002 -15"><span class='ocrx_word' id='word_1_102' title='bbox 167 1584 218 1627; x_wconf 88' lang='lat' dir='ltr'><em>ne.</em></span> <span class='ocrx_word' id='word_1_103' title='bbox 240 1562 284 1629; x_wconf 90' lang='lat' dir='ltr'><em>Ut</em></span> <span class='ocrx_word' id='word_1_104' title='bbox 305 1582 383 1642; x_wconf 82' lang='lat' dir='ltr'><em>ergo</em></span> <span class='ocrx_word' id='word_1_105' title='bbox 405 1562 641 1626; x_wconf 80' lang='lat' dir='ltr'><em>excluderetur</em></span> <span class='ocrx_word' id='word_1_106' title='bbox 663 1562 734 1624; x_wconf 89' lang='lat' dir='ltr'><em>talis</em></span> <span class='ocrx_word' id='word_1_107' title='bbox 757 1562 906 1639; x_wconf 83' lang='lat' dir='ltr'><em>impietas</em></span> <span class='ocrx_word' id='word_1_108' title='bbox 924 1562 964 1622; x_wconf 93' lang='lat' dir='ltr'><em>de</em></span> <span class='ocrx_word' id='word_1_109' title='bbox 988 1561 1107 1638; x_wconf 89' lang='lat' dir='ltr'><em>Patre,</em></span> <span class='ocrx_word' id='word_1_110' title='bbox 1133 1563 1285 1628; x_wconf 87' lang='lat' dir='ltr'><em>ridentur</em></span> 
     </span>
     <span class='ocr_line' id='line_1_14' title="bbox 168 1660 1286 1745; baseline -0.001 -16"><span class='ocrx_word' id='word_1_111' title='bbox 168 1669 247 1729; x_wconf 88' lang='lat' dir='ltr'><em>haec</em></span> <span class='ocrx_word' id='word_1_112' title='bbox 268 1665 425 1728; x_wconf 78' lang='lat' dir='ltr'>addidisse</span> <span class='ocrx_word' id='word_1_113' title='bbox 448 1665 599 1745; x_wconf 85' lang='lat' dir='ltr'><em>majores,</em></span> <span class='ocrx_word' id='word_1_114' title='bbox 623 1673 656 1726; x_wconf 91' lang='lat' dir='ltr'><em>et</em></span> <span class='ocrx_word' id='word_1_115' title='bbox 675 1660 867 1725; x_wconf 71' lang='lat' dir='ltr'><em>invisibilem</em></span> <span class='ocrx_word' id='word_1_116' title='bbox 886 1662 1015 1725; x_wconf 82' lang='lat' dir='ltr'><em>Patrem</em></span> <span class='ocrx_word' id='word_1_117' title='bbox 1029 1673 1122 1744; x_wconf 79' lang='lat' dir='ltr'><em>etque</em></span> <span class='ocrx_word' id='word_1_118' title='bbox 1139 1662 1286 1745; x_wconf 79' lang='lat' dir='ltr'><em>impassi-</em></span> 
     </span>
     <span class='ocr_line' id='line_1_15' title="bbox 165 1766 447 1830; baseline 0.007 -3"><span class='ocrx_word' id='word_1_119' title='bbox 165 1766 256 1830; x_wconf 80' lang='lat' dir='ltr'><em>bilem</em></span> <span class='ocrx_word' id='word_1_120' title='bbox 279 1767 406 1830; x_wconf 85' lang='lat' dir='ltr'>dixisse.</span> <span class='ocrx_word' id='word_1_121' title='bbox 431 1785 447 1821; x_wconf 89' lang='lat'>»</span> 
     </span>
    </p>

    <p class='ocr_par' dir='ltr' id='par_1_4' title="bbox 156 1866 1283 4273">
     <span class='ocr_line' id='line_1_16' title="bbox 247 1866 1283 1948; baseline 0 -17"><span class='ocrx_word' id='word_1_122' title='bbox 247 1869 327 1931; x_wconf 84' lang='lat' dir='ltr'><em>Cum</em></span> <span class='ocrx_word' id='word_1_123' title='bbox 351 1887 428 1946; x_wconf 81' lang='lat' dir='ltr'><em>ergo</em></span> <span class='ocrx_word' id='word_1_124' title='bbox 451 1866 599 1930; x_wconf 86' lang='lat' dir='ltr'><em>Ruffinus</em></span> <span class='ocrx_word' id='word_1_125' title='bbox 622 1887 662 1931; x_wconf 82' lang='lat' dir='ltr'><em>ex</em></span> <span class='ocrx_word' id='word_1_126' title='bbox 679 1868 855 1948; x_wconf 87' lang='lat' dir='ltr'><em>apostolica</em></span> <span class='ocrx_word' id='word_1_127' title='bbox 873 1866 1045 1930; x_wconf 89' lang='lat' dir='ltr'><em>traditione</em></span> <span class='ocrx_word' id='word_1_128' title='bbox 1059 1868 1143 1929; x_wconf 87' lang='lat' dir='ltr'><em>hanc</em></span> <span class='ocrx_word' id='word_1_129' title='bbox 1159 1875 1283 1948; x_wconf 79' lang='lat' dir='ltr'><em>repetat</em></span> 
     </span>
     <span class='ocr_line' id='line_1_17' title="bbox 168 1966 1282 2054; baseline 0.001 -24"><span class='ocrx_word' id='word_1_130' title='bbox 168 1970 241 2032; x_wconf 87' lang='lat' dir='ltr'><em>fidei</em></span> <span class='ocrx_word' id='word_1_131' title='bbox 266 1970 427 2049; x_wconf 84' lang='lat' dir='ltr'><em>regulam,</em></span> <span class='ocrx_word' id='word_1_132' title='bbox 451 1989 488 2032; x_wconf 90' lang='lat' dir='ltr'><em>ae</em></span> <span class='ocrx_word' id='word_1_133' title='bbox 509 1971 605 2031; x_wconf 88' lang='lat' dir='ltr'><em>simui</em></span> <span class='ocrx_word' id='word_1_134' title='bbox 628 1967 734 2048; x_wconf 89' lang='lat' dir='ltr'><em>quoad</em></span> <span class='ocrx_word' id='word_1_135' title='bbox 751 1967 877 2032; x_wconf 88' lang='lat' dir='ltr'><em>divinae</em></span> <span class='ocrx_word' id='word_1_136' title='bbox 891 1967 1056 2032; x_wconf 89' lang='lat' dir='ltr'><em>Trinitatis</em></span> <span class='ocrx_word' id='word_1_137' title='bbox 1071 1966 1282 2054; x_wconf 75' lang='lat' dir='ltr'><em>Mysterinn,</em></span> 
     </span>
     <span class='ocr_line' id='line_1_18' title="bbox 171 2069 1282 2151; baseline 0.002 -21"><span class='ocrx_word' id='word_1_138' title='bbox 171 2071 266 2133; x_wconf 82' lang='lat' dir='ltr'><em>variis</em></span> <span class='ocrx_word' id='word_1_139' title='bbox 288 2072 483 2151; x_wconf 86' lang='lat' dir='ltr'><em>comparatis</em></span> <span class='ocrx_word' id='word_1_140' title='bbox 505 2070 717 2132; x_wconf 88' lang='lat' dir='ltr'><em>ecclesiarum</em></span> <span class='ocrx_word' id='word_1_141' title='bbox 741 2071 902 2144; x_wconf 81' lang='lat' dir='ltr'><em>formulis,</em></span> <span class='ocrx_word' id='word_1_142' title='bbox 919 2069 1075 2149; x_wconf 88' lang='lat' dir='ltr'><em>quasdam</em></span> <span class='ocrx_word' id='word_1_143' title='bbox 1092 2069 1282 2132; x_wconf 88' lang='lat' dir='ltr'><em>notetaddi·</em></span> 
     </span>
     <span class='ocr_line' id='line_1_19' title="bbox 167 2170 1282 2255; baseline -0.001 -22"><span class='ocrx_word' id='word_1_144' title='bbox 167 2176 267 2236; x_wconf 89' lang='lat' dir='ltr'><em>tiones</em></span> <span class='ocrx_word' id='word_1_145' title='bbox 287 2173 470 2234; x_wconf 84' lang='lat' dir='ltr'><em>successive</em></span> <span class='ocrx_word' id='word_1_146' title='bbox 492 2171 646 2255; x_wconf 81' lang='lat' dir='ltr'><em>Symboio</em></span> <span class='ocrx_word' id='word_1_147' title='bbox 659 2175 806 2246; x_wconf 86' lang='lat' dir='ltr'><em>insertas,</em></span> <span class='ocrx_word' id='word_1_148' title='bbox 823 2182 957 2252; x_wconf 82' lang='lat' dir='ltr'><em>excepta</em></span> <span class='ocrx_word' id='word_1_149' title='bbox 975 2170 1140 2234; x_wconf 82' lang='lat' dir='ltr'><em>Ecclesiae</em></span> <span class='ocrx_word' id='word_1_150' title='bbox 1166 2170 1282 2235; x_wconf 83' lang='lat' dir='ltr'><em>Roma·</em></span> 
     </span>
     <span class='ocr_line' id='line_1_20' title="bbox 167 2273 1275 2353; baseline -0.002 -17"><span class='ocrx_word' id='word_1_151' title='bbox 167 2293 226 2336; x_wconf 90' lang='lat' dir='ltr'><em>nae</em></span> <span class='ocrx_word' id='word_1_152' title='bbox 256 2274 391 2352; x_wconf 83' lang='lat' dir='ltr'><em>regula,</em></span> <span class='ocrx_word' id='word_1_153' title='bbox 417 2291 514 2353; x_wconf 88' lang='lat' dir='ltr'><em>quam</em></span> <span class='ocrx_word' id='word_1_154' title='bbox 537 2274 576 2333; x_wconf 90' lang='lat' dir='ltr'><em>ab</em></span> <span class='ocrx_word' id='word_1_155' title='bbox 603 2275 692 2335; x_wconf 90' lang='lat' dir='ltr'><em>initio</em></span> <span class='ocrx_word' id='word_1_156' title='bbox 721 2280 876 2335; x_wconf 88' lang='lat' dir='ltr'><em>statutam</em></span> <span class='ocrx_word' id='word_1_157' title='bbox 906 2291 944 2335; x_wconf 92' lang='lat' dir='ltr'><em>ac</em></span> <span class='ocrx_word' id='word_1_158' title='bbox 972 2273 1223 2336; x_wconf 76' lang='lat' dir='ltr'><em>immutabiliter</em></span> <span class='ocrx_word' id='word_1_159' title='bbox 1245 2273 1275 2334; x_wconf 89' lang='lat' dir='ltr'><em>iu</em></span> 
     </span>
     <span class='ocr_line' id='line_1_21' title="bbox 164 2371 1278 2452; baseline -0.003 -14"><span class='ocrx_word' id='word_1_160' title='bbox 164 2395 225 2438; x_wconf 90' lang='lat' dir='ltr'><em>suo</em></span> <span class='ocrx_word' id='word_1_161' title='bbox 242 2383 355 2439; x_wconf 89' lang='lat' dir='ltr'><em>tenore</em></span> <span class='ocrx_word' id='word_1_162' title='bbox 379 2374 571 2436; x_wconf 72' lang='lat' dir='ltr'><em>custoditam</em></span> <span class='ocrx_word' id='word_1_163' title='bbox 588 2374 644 2448; x_wconf 88' lang='lat' dir='ltr'><em>eit,</em></span> <span class='ocrx_word' id='word_1_164' title='bbox 657 2391 692 2435; x_wconf 92' lang='lat' dir='ltr'><em>ea</em></span> <span class='ocrx_word' id='word_1_165' title='bbox 719 2382 852 2452; x_wconf 85' lang='lat' dir='ltr'><em>propter</em></span> <span class='ocrx_word' id='word_1_166' title='bbox 873 2372 960 2451; x_wconf 87' lang='lat' dir='ltr'><em>qnod</em></span> <span class='ocrx_word' id='word_1_167' title='bbox 980 2373 1069 2435; x_wconf 88' lang='lat' dir='ltr'><em>nulla</em></span> <span class='ocrx_word' id='word_1_168' title='bbox 1087 2373 1118 2434; x_wconf 93' lang='lat' dir='ltr'><em>in</em></span> <span class='ocrx_word' id='word_1_169' title='bbox 1144 2374 1207 2436; x_wconf 86' lang='lat' dir='ltr'><em>hac</em></span> <span class='ocrx_word' id='word_1_170' title='bbox 1222 2371 1278 2435; x_wconf 87' lang='lat' dir='ltr'><em>Ec-</em></span> 
     </span>
     <span class='ocr_line' id='line_1_22' title="bbox 165 2473 1276 2556; baseline -0.002 -18"><span class='ocrx_word' id='word_1_171' title='bbox 165 2476 261 2539; x_wconf 79' lang='lat' dir='ltr'><em>clesia</em></span> <span class='ocrx_word' id='word_1_172' title='bbox 287 2494 344 2537; x_wconf 93' lang='lat' dir='ltr'><em>nec</em></span> <span class='ocrx_word' id='word_1_173' title='bbox 365 2483 437 2536; x_wconf 91' lang='lat' dir='ltr'><em>orta</em></span> <span class='ocrx_word' id='word_1_174' title='bbox 460 2475 500 2536; x_wconf 90' lang='lat' dir='ltr'><em>sit</em></span> <span class='ocrx_word' id='word_1_175' title='bbox 522 2492 580 2536; x_wconf 90' lang='lat' dir='ltr'><em>nec</em></span> <span class='ocrx_word' id='word_1_176' title='bbox 601 2474 777 2536; x_wconf 88' lang='lat' dir='ltr'><em>invaluerit</em></span> <span class='ocrx_word' id='word_1_177' title='bbox 798 2473 940 2535; x_wconf 83' lang='lat' dir='ltr'><em>haeresis</em></span> <span class='ocrx_word' id='word_1_178' title='bbox 961 2473 1000 2535; x_wconf 93' lang='lat' dir='ltr'><em>de</em></span> <span class='ocrx_word' id='word_1_179' title='bbox 1016 2474 1077 2536; x_wconf 88' lang='lat' dir='ltr'><em>hoc</em></span> <span class='ocrx_word' id='word_1_180' title='bbox 1095 2473 1276 2556; x_wconf 76' lang='lat' dir='ltr'><em>Mysterio,</em></span> 
     </span>
     <span class='ocr_line' id='line_1_23' title="bbox 162 2574 1278 2657; baseline 0 -19"><span class='ocrx_word' id='word_1_181' title='bbox 162 2580 291 2638; x_wconf 87' lang='lat' dir='ltr'><em>omnino</em></span> <span class='ocrx_word' id='word_1_182' title='bbox 315 2577 449 2649; x_wconf 88' lang='lat' dir='ltr'><em>labitur,</em></span> <span class='ocrx_word' id='word_1_183' title='bbox 473 2575 560 2654; x_wconf 88' lang='lat' dir='ltr'><em>qnod</em></span> <span class='ocrx_word' id='word_1_184' title='bbox 584 2575 728 2654; x_wconf 86' lang='lat' dir='ltr'><em>improbe</em></span> <span class='ocrx_word' id='word_1_185' title='bbox 753 2577 932 2654; x_wconf 85' lang='lat' dir='ltr'><em>praesumit</em></span> <span class='ocrx_word' id='word_1_186' title='bbox 948 2576 1138 2657; x_wconf 76' lang='lat' dir='ltr'><em>Anonymus</em></span> <span class='ocrx_word' id='word_1_187' title='bbox 1162 2577 1203 2639; x_wconf 91' lang='lat' dir='ltr'><em>dc</em></span> <span class='ocrx_word' id='word_1_188' title='bbox 1225 2574 1278 2638; x_wconf 88' lang='lat' dir='ltr'><em>Ze·</em></span> 
     </span>
     <span class='ocr_line' id='line_1_24' title="bbox 165 2674 1279 2760; baseline 0.001 -22"><span class='ocrx_word' id='word_1_189' title='bbox 165 2679 304 2760; x_wconf 79' lang='lat' dir='ltr'><em>phyrino</em></span> <span class='ocrx_word' id='word_1_190' title='bbox 326 2695 364 2738; x_wconf 91' lang='lat' dir='ltr'><em>ac</em></span> <span class='ocrx_word' id='word_1_191' title='bbox 387 2678 577 2756; x_wconf 88' lang='lat' dir='ltr'><em>praesertim</em></span> <span class='ocrx_word' id='word_1_192' title='bbox 602 2677 640 2738; x_wconf 91' lang='lat' dir='ltr'><em>de</em></span> <span class='ocrx_word' id='word_1_193' title='bbox 673 2675 830 2747; x_wconf 89' lang='lat' dir='ltr'><em>Callisto,</em></span> <span class='ocrx_word' id='word_1_194' title='bbox 856 2695 958 2738; x_wconf 87' lang='lat' dir='ltr'><em>norae</em></span> <span class='ocrx_word' id='word_1_195' title='bbox 981 2678 1153 2740; x_wconf 85' lang='lat' dir='ltr'><em>haereseos</em></span> <span class='ocrx_word' id='word_1_196' title='bbox 1175 2680 1208 2739; x_wconf 93' lang='lat' dir='ltr'><em>iu</em></span> <span class='ocrx_word' id='word_1_197' title='bbox 1222 2674 1279 2741; x_wconf 87' lang='lat' dir='ltr'><em>Ur·</em></span> 
     </span>
     <span class='ocr_line' id='line_1_25' title="bbox 164 2775 1279 2857; baseline -0.001 -18"><span class='ocrx_word' id='word_1_198' title='bbox 164 2779 203 2839; x_wconf 92' lang='lat' dir='ltr'><em>be</em></span> <span class='ocrx_word' id='word_1_199' title='bbox 225 2778 434 2851; x_wconf 89' lang='lat' dir='ltr'><em>auctoribus,</em></span> <span class='ocrx_word' id='word_1_200' title='bbox 457 2779 542 2839; x_wconf 88' lang='lat' dir='ltr'><em>avita</em></span> <span class='ocrx_word' id='word_1_201' title='bbox 569 2788 725 2857; x_wconf 84' lang='lat' dir='ltr'><em>corrupta</em></span> <span class='ocrx_word' id='word_1_202' title='bbox 749 2777 821 2839; x_wconf 87' lang='lat' dir='ltr'><em>fidei</em></span> <span class='ocrx_word' id='word_1_203' title='bbox 844 2779 970 2856; x_wconf 78' lang='lat' dir='ltr'><em>regula.</em></span> <span class='ocrx_word' id='word_1_204' title='bbox 994 2775 1066 2839; x_wconf 91' lang='lat' dir='ltr'><em>Non</em></span> <span class='ocrx_word' id='word_1_205' title='bbox 1099 2778 1185 2840; x_wconf 89' lang='lat' dir='ltr'><em>euim</em></span> <span class='ocrx_word' id='word_1_206' title='bbox 1206 2795 1279 2840; x_wconf 89' lang='lat' dir='ltr'><em>sane</em></span> 
     </span>
     <span class='ocr_line' id='line_1_26' title="bbox 165 2876 1279 2957; baseline -0.002 -16"><span class='ocrx_word' id='word_1_207' title='bbox 165 2887 229 2941; x_wconf 90' lang='lat' dir='ltr'><em>tam</em></span> <span class='ocrx_word' id='word_1_208' title='bbox 252 2878 405 2940; x_wconf 79' lang='lat' dir='ltr'><em>alacriter</em></span> <span class='ocrx_word' id='word_1_209' title='bbox 427 2877 629 2957; x_wconf 85' lang='lat' dir='ltr'><em>firmiterque</em></span> <span class='ocrx_word' id='word_1_210' title='bbox 653 2877 800 2941; x_wconf 85' lang='lat' dir='ltr'><em>Ruffinus</em></span> <span class='ocrx_word' id='word_1_211' title='bbox 824 2878 922 2957; x_wconf 81' lang='lat' dir='ltr'><em>hujus</em></span> <span class='ocrx_word' id='word_1_212' title='bbox 954 2876 1120 2940; x_wconf 81' lang='lat' dir='ltr'><em>Ecclesiae</em></span> <span class='ocrx_word' id='word_1_213' title='bbox 1150 2876 1279 2956; x_wconf 79' lang='lat' dir='ltr'><em>privile·</em></span> 
     </span>
     <span class='ocr_line' id='line_1_27' title="bbox 162 2976 1280 3058; baseline 0.001 -20"><span class='ocrx_word' id='word_1_214' title='bbox 162 2983 248 3058; x_wconf 80' lang='lat' dir='ltr'><em>glum</em></span> <span class='ocrx_word' id='word_1_215' title='bbox 273 2980 478 3053; x_wconf 72' lang='lat' dir='ltr'><em>celebrasset,</em></span> <span class='ocrx_word' id='word_1_216' title='bbox 492 2982 584 3058; x_wconf 87' lang='lat' dir='ltr'><em>siqua</em></span> <span class='ocrx_word' id='word_1_217' title='bbox 608 2981 748 3042; x_wconf 86' lang='lat' dir='ltr'><em>haeresis</em></span> <span class='ocrx_word' id='word_1_218' title='bbox 762 2980 876 3041; x_wconf 87' lang='lat' dir='ltr'><em>oborta</em></span> <span class='ocrx_word' id='word_1_219' title='bbox 895 2980 1017 3042; x_wconf 87' lang='lat' dir='ltr'><em>luisset.</em></span> <span class='ocrx_word' id='word_1_220' title='bbox 1032 2976 1091 3040; x_wconf 87' lang='lat' dir='ltr'><em>Vei</em></span> <span class='ocrx_word' id='word_1_221' title='bbox 1110 2979 1199 3058; x_wconf 89' lang='lat' dir='ltr'><em>quod</em></span> <span class='ocrx_word' id='word_1_222' title='bbox 1217 2995 1280 3039; x_wconf 92' lang='lat' dir='ltr'><em>ma·</em></span> 
     </span>
     <span class='ocr_line' id='line_1_28' title="bbox 165 3079 1280 3157; baseline -0.001 -14"><span class='ocrx_word' id='word_1_223' title='bbox 165 3084 288 3144; x_wconf 73' lang='lat' dir='ltr'><em>simum</em></span> <span class='ocrx_word' id='word_1_224' title='bbox 311 3091 406 3157; x_wconf 87' lang='lat' dir='ltr'><em>esset,</em></span> <span class='ocrx_word' id='word_1_225' title='bbox 419 3082 444 3143; x_wconf 89' lang='lat' dir='ltr'><em>si</em></span> <span class='ocrx_word' id='word_1_226' title='bbox 462 3081 527 3143; x_wconf 92' lang='lat' dir='ltr'><em>duo</em></span> <span class='ocrx_word' id='word_1_227' title='bbox 546 3080 715 3143; x_wconf 84' lang='lat' dir='ltr'><em>Pontifices</em></span> <span class='ocrx_word' id='word_1_228' title='bbox 739 3080 827 3142; x_wconf 86' lang='lat' dir='ltr'><em>Petri</em></span> <span class='ocrx_word' id='word_1_229' title='bbox 848 3099 1050 3142; x_wconf 84' lang='lat' dir='ltr'><em>successores</em></span> <span class='ocrx_word' id='word_1_230' title='bbox 1073 3083 1103 3141; x_wconf 93' lang='lat' dir='ltr'><em>in</em></span> <span class='ocrx_word' id='word_1_231' title='bbox 1117 3079 1181 3142; x_wconf 85' lang='lat' dir='ltr'><em>tide</em></span> <span class='ocrx_word' id='word_1_232' title='bbox 1195 3080 1280 3142; x_wconf 89' lang='lat' dir='ltr'><em>dele·</em></span> 
     </span>
     <span class='ocr_line' id='line_1_29' title="bbox 163 3179 1278 3261; baseline -0.002 -18"><span class='ocrx_word' id='word_1_233' title='bbox 163 3184 290 3256; x_wconf 91' lang='lat' dir='ltr'><em>cissent,</em></span> <span class='ocrx_word' id='word_1_234' title='bbox 304 3182 453 3261; x_wconf 83' lang='lat' dir='ltr'><em>dogmate</em></span> <span class='ocrx_word' id='word_1_235' title='bbox 468 3182 630 3242; x_wconf 86' lang='lat' dir='ltr'><em>haeretico</em></span> <span class='ocrx_word' id='word_1_236' title='bbox 653 3183 777 3243; x_wconf 87' lang='lat' dir='ltr'><em>intruso</em></span> <span class='ocrx_word' id='word_1_237' title='bbox 799 3183 956 3241; x_wconf 85' lang='lat' dir='ltr'><em>adversus</em></span> <span class='ocrx_word' id='word_1_238' title='bbox 977 3180 1190 3257; x_wconf 85' lang='lat' dir='ltr'><em>apostolicam</em></span> <span class='ocrx_word' id='word_1_239' title='bbox 1206 3179 1278 3241; x_wconf 90' lang='lat' dir='ltr'><em>doc·</em></span> 
     </span>
     <span class='ocr_line' id='line_1_30' title="bbox 164 3280 1278 3358; baseline -0.003 -14"><span class='ocrx_word' id='word_1_240' title='bbox 164 3286 304 3358; x_wconf 83' lang='lat' dir='ltr'><em>trinam,</em></span> <span class='ocrx_word' id='word_1_241' title='bbox 327 3286 468 3344; x_wconf 90' lang='lat' dir='ltr'><em>dicentes</em></span> <span class='ocrx_word' id='word_1_242' title='bbox 491 3280 614 3343; x_wconf 82' lang='lat' dir='ltr'><em>Filium</em></span> <span class='ocrx_word' id='word_1_243' title='bbox 634 3281 773 3342; x_wconf 80' lang='lat' dir='ltr'><em>eamdem</em></span> <span class='ocrx_word' id='word_1_244' title='bbox 796 3299 858 3343; x_wconf 89' lang='lat' dir='ltr'><em>esse</em></span> <span class='ocrx_word' id='word_1_245' title='bbox 889 3299 926 3342; x_wconf 88' lang='lat' dir='ltr'><em>nc</em></span> <span class='ocrx_word' id='word_1_246' title='bbox 957 3280 1111 3355; x_wconf 88' lang='lat' dir='ltr'><em>Patrem,</em></span> <span class='ocrx_word' id='word_1_247' title='bbox 1134 3291 1164 3343; x_wconf 85' lang='lat' dir='ltr'><em>et</em></span> <span class='ocrx_word' id='word_1_248' title='bbox 1195 3283 1278 3344; x_wconf 84' lang='lat' dir='ltr'><em>bunc</em></span> 
     </span>
     <span class='ocr_line' id='line_1_31' title="bbox 164 3381 1280 3463; baseline -0.003 -15"><span class='ocrx_word' id='word_1_249' title='bbox 164 3385 290 3448; x_wconf 80' lang='lat' dir='ltr'><em>Patrem</em></span> <span class='ocrx_word' id='word_1_250' title='bbox 311 3402 439 3462; x_wconf 81' lang='lat' dir='ltr'><em>pessum</em></span> <span class='ocrx_word' id='word_1_251' title='bbox 460 3401 522 3442; x_wconf 87' lang='lat' dir='ltr'><em>esse</em></span> <span class='ocrx_word' id='word_1_252' title='bbox 544 3400 613 3442; x_wconf 83' lang='lat' dir='ltr'><em>esem</em></span> <span class='ocrx_word' id='word_1_253' title='bbox 636 3381 723 3442; x_wconf 85' lang='lat' dir='ltr'><em>Filio</em></span> <span class='ocrx_word' id='word_1_254' title='bbox 745 3399 781 3444; x_wconf 90' lang='lat' dir='ltr'><em>ac</em></span> <span class='ocrx_word' id='word_1_255' title='bbox 804 3391 927 3443; x_wconf 89' lang='lat' dir='ltr'><em>ceteras</em></span> <span class='ocrx_word' id='word_1_256' title='bbox 950 3382 1137 3462; x_wconf 86' lang='lat' dir='ltr'><em>hujusmodi</em></span> <span class='ocrx_word' id='word_1_257' title='bbox 1170 3384 1280 3463; x_wconf 85' lang='lat' dir='ltr'><em>impie·</em></span> 
     </span>
     <span class='ocr_line' id='line_1_32' title="bbox 161 3481 1280 3562; baseline 0.002 -17"><span class='ocrx_word' id='word_1_258' title='bbox 161 3494 240 3547; x_wconf 90' lang='lat' dir='ltr'><em>tates</em></span> <span class='ocrx_word' id='word_1_259' title='bbox 253 3506 263 3562; x_wconf 91' lang='lat'>;</span> <span class='ocrx_word' id='word_1_260' title='bbox 286 3504 361 3547; x_wconf 89' lang='lat' dir='ltr'><em>cum</em></span> <span class='ocrx_word' id='word_1_261' title='bbox 384 3484 481 3543; x_wconf 90' lang='lat' dir='ltr'><em>aliter</em></span> <span class='ocrx_word' id='word_1_262' title='bbox 502 3483 605 3561; x_wconf 88' lang='lat' dir='ltr'><em>inquit</em></span> <span class='ocrx_word' id='word_1_263' title='bbox 630 3481 777 3545; x_wconf 84' lang='lat' dir='ltr'><em>iiuiiinus</em></span> <span class='ocrx_word' id='word_1_264' title='bbox 800 3488 829 3545; x_wconf 88' lang='lat' dir='ltr'><em>in</em></span> <span class='ocrx_word' id='word_1_265' title='bbox 852 3483 1006 3562; x_wconf 80' lang='lat' dir='ltr'><em>Symbola</em></span> <span class='ocrx_word' id='word_1_266' title='bbox 1028 3484 1198 3546; x_wconf 88' lang='lat' dir='ltr'><em>orientalis</em></span> <span class='ocrx_word' id='word_1_267' title='bbox 1221 3482 1280 3547; x_wconf 90' lang='lat' dir='ltr'><em>Ec·</em></span> 
     </span>
     <span class='ocr_line' id='line_1_33' title="bbox 162 3584 1281 3664; baseline -0.001 -16"><span class='ocrx_word' id='word_1_268' title='bbox 162 3586 279 3649; x_wconf 89' lang='lat' dir='ltr'><em>ciesiae</em></span> <span class='ocrx_word' id='word_1_269' title='bbox 301 3585 426 3664; x_wconf 87' lang='lat' dir='ltr'><em>adjecta</em></span> <span class='ocrx_word' id='word_1_270' title='bbox 451 3585 560 3657; x_wconf 88' lang='lat' dir='ltr'><em>luisse,</em></span> <span class='ocrx_word' id='word_1_271' title='bbox 576 3586 616 3646; x_wconf 94' lang='lat' dir='ltr'><em>ob</em></span> <span class='ocrx_word' id='word_1_272' title='bbox 637 3584 767 3646; x_wconf 79' lang='lat' dir='ltr'><em>sabellii</em></span> <span class='ocrx_word' id='word_1_273' title='bbox 786 3585 956 3659; x_wconf 86' lang='lat' dir='ltr'><em>haeresim,</em></span> <span class='ocrx_word' id='word_1_274' title='bbox 974 3585 1040 3647; x_wconf 91' lang='lat' dir='ltr'><em>dno</em></span> <span class='ocrx_word' id='word_1_275' title='bbox 1056 3586 1218 3649; x_wconf 88' lang='lat' dir='ltr'><em>vocabula</em></span> <span class='ocrx_word' id='word_1_276' title='bbox 1233 3587 1281 3647; x_wconf 80' lang='lat' dir='ltr'><em>lo·</em></span> 
     </span>
     <span class='ocr_line' id='line_1_34' title="bbox 161 3682 1281 3766; baseline 0.001 -18"><span class='ocrx_word' id='word_1_277' title='bbox 161 3685 300 3749; x_wconf 84' lang='lat' dir='ltr'><em>visibilis</em></span> <span class='ocrx_word' id='word_1_278' title='bbox 322 3696 353 3747; x_wconf 91' lang='lat' dir='ltr'><em>et</em></span> <span class='ocrx_word' id='word_1_279' title='bbox 374 3682 591 3762; x_wconf 83' lang='lat' dir='ltr'><em>impossibilis,</em></span> <span class='ocrx_word' id='word_1_280' title='bbox 613 3705 697 3766; x_wconf 89' lang='lat' dir='ltr'><em>quae</em></span> <span class='ocrx_word' id='word_1_281' title='bbox 720 3688 945 3748; x_wconf 87' lang='lat' dir='ltr'><em>desiderantur</em></span> <span class='ocrx_word' id='word_1_282' title='bbox 966 3688 997 3745; x_wconf 93' lang='lat' dir='ltr'><em>in</em></span> <span class='ocrx_word' id='word_1_283' title='bbox 1019 3684 1188 3749; x_wconf 86' lang='lat' dir='ltr'><em>Ecclesiae</em></span> <span class='ocrx_word' id='word_1_284' title='bbox 1218 3685 1281 3749; x_wconf 80' lang='lat' dir='ltr'><em>Ro·</em></span> 
     </span>
     <span class='ocr_line' id='line_1_35' title="bbox 162 3782 1279 3868; baseline -0.001 -17"><span class='ocrx_word' id='word_1_285' title='bbox 162 3806 274 3852; x_wconf 93' lang='lat' dir='ltr'><em>manae</em></span> <span class='ocrx_word' id='word_1_286' title='bbox 295 3782 460 3868; x_wconf 81' lang='lat' dir='ltr'><em>Symbola.</em></span> <span class='ocrx_word' id='word_1_287' title='bbox 477 3785 637 3850; x_wconf 89' lang='lat' dir='ltr'><em>Sabellius</em></span> <span class='ocrx_word' id='word_1_288' title='bbox 659 3789 742 3849; x_wconf 92' lang='lat' dir='ltr'><em>enim</em></span> <span class='ocrx_word' id='word_1_289' title='bbox 766 3790 797 3848; x_wconf 91' lang='lat' dir='ltr'><em>in</em></span> <span class='ocrx_word' id='word_1_290' title='bbox 818 3786 952 3849; x_wconf 82' lang='lat' dir='ltr'><em>Oriente</em></span> <span class='ocrx_word' id='word_1_291' title='bbox 974 3788 1124 3861; x_wconf 86' lang='lat' dir='ltr'><em>docebat,</em></span> <span class='ocrx_word' id='word_1_292' title='bbox 1151 3787 1279 3852; x_wconf 82' lang='lat' dir='ltr'><em>Patrem</em></span> 
     </span>
     <span class='ocr_line' id='line_1_36' title="bbox 157 3885 1276 3970; baseline -0.002 -18"><span class='ocrx_word' id='word_1_293' title='bbox 157 3889 261 3970; x_wconf 83' lang='lat' dir='ltr'><em>ipsam</em></span> <span class='ocrx_word' id='word_1_294' title='bbox 281 3907 321 3950; x_wconf 79' lang='lat' dir='ltr'><em>ecc</em></span> <span class='ocrx_word' id='word_1_295' title='bbox 351 3885 476 3966; x_wconf 73' lang='lat' dir='ltr'><em>Virqine</em></span> <span class='ocrx_word' id='word_1_296' title='bbox 497 3897 663 3964; x_wconf 70' lang='lat' dir='ltr'><em>natumst</em></span> <span class='ocrx_word' id='word_1_297' title='bbox 683 3887 837 3951; x_wconf 82' lang='lat' dir='ltr'><em>visibilem</em></span> <span class='ocrx_word' id='word_1_298' title='bbox 857 3892 980 3969; x_wconf 79' lang='lat' dir='ltr'><em>[actem</em></span> <span class='ocrx_word' id='word_1_299' title='bbox 1002 3890 1050 3951; x_wconf 87' lang='lat' dir='ltr'><em>vel</em></span> <span class='ocrx_word' id='word_1_300' title='bbox 1061 3907 1201 3967; x_wconf 79' lang='lat' dir='ltr'><em>possum</em></span> <span class='ocrx_word' id='word_1_301' title='bbox 1214 3908 1276 3952; x_wconf 88' lang='lat' dir='ltr'><em>esse</em></span> 
     </span>
     <span class='ocr_line' id='line_1_37' title="bbox 161 3985 1277 4069; baseline 0.002 -20"><span class='ocrx_word' id='word_1_302' title='bbox 161 3990 197 4050; x_wconf 83' lang='lat' dir='ltr'><em>in</em></span> <span class='ocrx_word' id='word_1_303' title='bbox 211 4008 318 4050; x_wconf 86' lang='lat' dir='ltr'><em>cerne.</em></span> <span class='ocrx_word' id='word_1_304' title='bbox 345 3985 492 4050; x_wconf 90' lang='lat' dir='ltr'><em>Ecclesia</em></span> <span class='ocrx_word' id='word_1_305' title='bbox 509 4008 584 4050; x_wconf 84' lang='lat' dir='ltr'><em>vero</em></span> <span class='ocrx_word' id='word_1_306' title='bbox 607 3989 814 4052; x_wconf 88' lang='lat' dir='ltr'><em>occidentalis</em></span> <span class='ocrx_word' id='word_1_307' title='bbox 832 3990 930 4069; x_wconf 88' lang='lat' dir='ltr'><em>hujus</em></span> <span class='ocrx_word' id='word_1_308' title='bbox 952 3987 1082 4052; x_wconf 85' lang='lat' dir='ltr'><em>&#39;erroris</em></span> <span class='ocrx_word' id='word_1_309' title='bbox 1097 3993 1219 4066; x_wconf 90' lang='lat' dir='ltr'><em>nescia,</em></span> <span class='ocrx_word' id='word_1_310' title='bbox 1243 4007 1277 4052; x_wconf 89' lang='lat' dir='ltr'><em>ea</em></span> 
     </span>
     <span class='ocr_line' id='line_1_38' title="bbox 160 4088 1277 4171; baseline 0.001 -21"><span class='ocrx_word' id='word_1_311' title='bbox 160 4091 257 4152; x_wconf 89' lang='lat' dir='ltr'><em>verba</em></span> <span class='ocrx_word' id='word_1_312' title='bbox 281 4092 397 4152; x_wconf 89' lang='lat' dir='ltr'><em>omisit.</em></span> <span class='ocrx_word' id='word_1_313' title='bbox 425 4088 603 4152; x_wconf 83' lang='lat' dir='ltr'><em>Fatebatur</em></span> <span class='ocrx_word' id='word_1_314' title='bbox 624 4094 729 4152; x_wconf 89' lang='lat' dir='ltr'><em>enim:</em></span> <span class='ocrx_word' id='word_1_315' title='bbox 755 4113 771 4149; x_wconf 84' lang='lat' dir='ltr'><em>a</em></span> <span class='ocrx_word' id='word_1_316' title='bbox 796 4088 960 4165; x_wconf 80' lang='lat' dir='ltr'><em>(laentum</em></span> <span class='ocrx_word' id='word_1_317' title='bbox 981 4100 1101 4171; x_wconf 83' lang='lat' dir='ltr'><em>spectet</em></span> <span class='ocrx_word' id='word_1_318' title='bbox 1122 4093 1167 4154; x_wconf 86' lang='lat' dir='ltr'><em>cd</em></span> <span class='ocrx_word' id='word_1_319' title='bbox 1187 4091 1277 4154; x_wconf 86' lang='lat' dir='ltr'><em>illam</em></span> 
     </span>
     <span class='ocr_line' id='line_1_39' title="bbox 156 4187 1277 4273; baseline 0.002 -23"><span class='ocrx_word' id='word_1_320' title='bbox 156 4191 347 4253; x_wconf 83' lang='lat' dir='ltr'><em>immortalis</em></span> <span class='ocrx_word' id='word_1_321' title='bbox 372 4187 504 4251; x_wconf 82' lang='lat' dir='ltr'><em>Dnitntls</em></span> <span class='ocrx_word' id='word_1_322' title='bbox 527 4188 758 4264; x_wconf 83' lang='lat' dir='ltr'><em>substantiam,</em></span> <span class='ocrx_word' id='word_1_323' title='bbox 779 4208 859 4268; x_wconf 85' lang='lat' dir='ltr'><em>qnae</em></span> <span class='ocrx_word' id='word_1_324' title='bbox 879 4209 946 4253; x_wconf 83' lang='lat' dir='ltr'><em>one</em></span> <span class='ocrx_word' id='word_1_325' title='bbox 968 4191 998 4252; x_wconf 85' lang='lat' dir='ltr'><em>ei</em></span> <span class='ocrx_word' id='word_1_326' title='bbox 1017 4193 1188 4273; x_wconf 82' lang='lat' dir='ltr'><em>eademqne</em></span> <span class='ocrx_word' id='word_1_327' title='bbox 1208 4209 1277 4256; x_wconf 84' lang='lat' dir='ltr'><em>cnm</em></span> 
     </span>
    </p>
   </div>
   <div class='ocr_carea' id='block_1_4' title="bbox 0 0 1448 4784">
    <p class='ocr_par' dir='ltr' id='par_1_5' title="bbox 0 0 1448 4784">
     <span class='ocr_line' id='line_1_40' title="bbox 0 0 1448 4784; baseline 0 0"><span class='ocrx_word' id='word_1_328' title='bbox 0 0 1448 4784; x_wconf 95' lang='lat' dir='ltr'><em> </em></span> 
     </span>
    </p>
   </div>
  </div>
 </body>
</html>
