2886 4784
1075 320 1168 420 'tte
1222 383 1225 390 -

487 455 626 524 carot
650 455 735 522 ΠΙ,

46 663 213 746 Auonpmr'
234 665 307 747 fidei
326 663 477 746 professio
498 663 663 728 subtituto
687 657 776 741 ὁτῆς
791 655 946 739 ἀληθέιας
969 656 1065 750 λόγος
1088 660 1170 723 veri·

135 770 207 830 tatis
229 769 354 841 Sermo,
377 763 475 828 totius
499 761 610 844 Operis
631 765 810 846 facticium.
861 849 866 858 ,
965 780 975 795 ·

54 1003 274 1142 Priusquam
297 1063 481 1126 diluendam
503 1063 715 1141 suscipiamus
739 1061 896 1142 Anonymi
920 1061 1027 1132 tidem,
1049 1078 1107 1122 seu
1134 1067 1171 1122 nt

51 1167 120 1241 ipse
140 1167 184 1225 ait
202 1160 381 1228 Sermonem
402 1163 566 1237 veritatis,
593 1163 772 1227 rennuenda
795 1173 892 1236 sunt,
916 1182 1000 1242 quac
1023 1170 1114 1222 antea
1139 1161 1170 1222 iu

53 1263 152 1327 Libro
176 1262 230 1328 tx.
247 1285 275 1327 c.
297 1263 348 1325 tv.
372 1266 410 1328 de
429 1267 555 1347 iudanis
578 1267 740 1344 exposuit,
764 1273 795 1326 ei
817 1282 914 1342 quam
937 1265 1050 1329 deiude
1071 1263 1101 1324 io
1120 1263 1170 1326 Li·

57 1368 117 1427 bro
146 1365 184 1428 Χ.
208 1385 236 1428 o.
259 1363 346 1428 xxi.
376 1369 541 1428 innovavit
572 1367 704 1427 illorum
738 1368 868 1428 brevem
900 1367 1065 1428 historiam
1076 1387 1088 1443 3
1116 1365 1170 1428 ubi

55 1471 156 1547 gentis
175 1469 326 1549 judaicae
347 1471 587 1548 antiquitatem,
609 1468 788 1530 doctrinam
805 1486 842 1530 ac
858 1471 887 1529 in
906 1465 1008 1543 Deum
1025 1468 1170 1530 dilectio·

56 1588 128 1631 nem
151 1572 193 1630 ita
217 1569 348 1640 extulit,
374 1579 408 1632 ut
431 1571 547 1633 ceteris
572 1570 717 1648 gentibus
741 1577 905 1647 praestare
928 1588 982 1631 eos
1004 1569 1090 1632 dicat
1100 1588 1112 1647 3
1135 1577 1169 1631 et

58 1672 112 1733 ubi
135 1688 198 1731 non
221 1677 344 1732 tautum
368 1659 623 1743 admiratorem,
643 1670 697 1731 sed
720 1680 753 1730 et
773 1668 1013 1748 quodammodo
1037 1670 1171 1747 partiei-

58 1790 129 1850 pem
159 1791 193 1834 se
221 1770 298 1833 lacit
326 1772 458 1833 iliorum
489 1772 674 1850 religionis,
700 1771 798 1833 vetuti
824 1772 855 1830 in
882 1769 1034 1849 praelatis
1062 1778 1168 1832 osten·

56 1871 173 1935 dimus.
197 1869 417 1946 Quamobrem
436 1872 510 1934 huic
527 1874 644 1932 instans
662 1856 826 1949 proposito
846 1871 1044 1951 Anonymns,
1061 1890 1102 1932 ex
1118 1860 1173 1932 eoss

57 1989 130 2034 rom
153 1972 343 2043 celebritate
359 1982 489 2048 sumpto
508 1973 659 2042 themate,
678 1989 823 2050 graecos,
838 1972 1015 2053 aegyptios,
1033 1981 1174 2032 ceteros·
1229 2041 1235 2051 .

57 2090 122 2152 qne
145 2073 282 2150 populos
305 2058 507 2152 alloquitur,
531 2091 584 2133 eos
607 2073 757 2134 hortatus
779 2080 815 2135 ut
836 2070 875 2132 ad
901 2072 1043 2133 veritatis
1066 2074 1173 2152 cogni·

58 2176 178 2236 tionem
202 2174 367 2271 accedant,
392 2192 450 2252 per
471 2191 568 2252 quam
593 2175 739 2248 discitur,
763 2175 835 2253 quis
856 2174 896 2234 eii
912 2170 1010 2245 Deus,
1027 2181 1058 2235 et
1074 2191 1172 2252 quam

59 2273 141 2369 benc
166 2271 264 2335 luerit
285 2273 325 2332 ab
346 2291 385 2336 eo
407 2275 554 2343 ordinata
579 2275 712 2336 creatio

139 2394 156 2431 ιι
179 2371 276 2448 Quod
298 2376 323 2435 si
345 2378 510 2446 nationes,
535 2374 668 2445 scribit,
692 2389 775 2451 quae
798 2371 1021 2450 philosophiae
1042 2350 1175 2439 studue-

60 2485 150 2549 runi,
175 2476 278 2536 multo
301 2477 495 2554 posteriores
520 2479 579 2535 hoc
603 2479 730 2552 piorum
755 2475 919 2534 hominum
943 2490 1060 2551 genere
1080 2474 1175 2535 etdi·

57 2579 152 2640 lusio
174 2557 262 2638 clarc
285 2587 483 2656 appareant3
508 2595 609 2636 ooniie
632 2584 662 2636 et
686 2574 843 2635 barbarae
866 2585 994 2654 gentes,
1018 2586 1049 2638 et
1077 2592 1176 2654 quao-

58 2697 202 2761 cumque
225 2681 255 2767 iu
278 2680 397 2763 mundo
421 2686 495 2740 sunt
517 2687 610 2738 notae
633 2685 664 2737 ei
688 2678 814 2755 ignotae
837 2679 947 2740 iisdem
965 2680 1023 2754 piis
1039 2681 1174 2757 homini·

59 2782 118 2842 bus
132 2784 327 2856 posteriores
342 2774 574 2840 habebuntur?
595 2765 720 2845 Τσύτου
745 2774 850 2844 τέινυν
874 2799 929 2845 του
944 2775 1039 2869 λόγου
1055 2775 1179 2881 κρατή-

59 2900 172 2958 σαντες
195 2874 309 2970 μοι’θετε
330 2871 512 2959 ἕλληνες,’
494 2902 545 2964 etp
544 2874 672 2959 ιἰιτιοι,
685 2878 846 2973 χαλδοιὶοι
871 2881 931 2953 και
948 2888 1009 2952 orie
1026 2881 1180 2976 γένοςάιι·

56 2980 194 3078 θρωπσιιι
220 2977 252 3052 τὶ
274 2983 314 3051 το
336 2985 379 3052 Θ
367 3005 442 3066 ιον,
467 2980 582 3051 καὶ
550 3009 600 3066 τις
625 2982 644 3066 ἡ
670 2984 784 3054 τόυτου
807 2984 956 3068 ἔυτοικτος
979 2986 1181 3112 δημιουργία

58 3094 121 3218 nep
146 3083 240 3178 ἡμῶν
263 3095 322 3156 τῶν
345 3086 502 3181 φίλων
466 3112 521 3155 του
544 3091 632 3174 Θεου
658 3091 718 3162 κοιί
749 3091 799 3183 μή
829 3098 946 3184 κομψῳ
978 3091 1121 3187 λόγῳ
1084 3118 1178 3162 τουτο

59 3191 263 3284 ἠσκηκότων,
285 3190 369 3266 ditet
391 3209 428 3288 τῇ
454 3191 609 3277 ἀληθείας
623 3204 735 3289 γνώσει
752 3221 807 3268 κοιι
821 3194 959 3278 ἀσκήσει
971 3198 1179 3297 σωφροσύνης

59 3297 106 3381 ἒις
128 3298 415 3384 rediererediere
437 3299 554 3394 λόγους
576 3325 772 3396 notovptomr
794 3325 813 3367 ι
836 3327 863 3369 e.
888 3303 982 3368 Ηιιιιι
1013 3324 1091 3384 ergo
1112 3326 1179 3369 ser·

62 3425 190 3470 monem
214 3411 489 3488 apprehendentes
517 3413 636 3487 graeci,
659 3413 818 3494 aegyptii,
841 3410 1008 3483 chaldaei,
1031 3419 1064 3471 et
1084 3427 1181 3470 omna

62 3509 229 3570 hominnm
253 3528 364 3588 genus,
388 3513 459 3591 quis
481 3513 520 3572 sit
545 3509 650 3585 Deus,
667 3522 697 3572 et
713 3531 799 3593 quae
813 3512 912 3580 luerit
925 3514 1049 3574 creatio
1064 3512 1104 3572 ab
1120 3511 1178 3572 illo

62 3610 143 3672 bene
166 3611 329 3684 ordinata,
351 3613 461 3675 discite
483 3631 499 3672 a
523 3615 612 3674 uobis
636 3615 712 3675 siris
735 3613 805 3690 Dei,
826 3617 882 3694 qui
897 3633 960 3677 uon
974 3616 1175 3693 elegantibus

65 3712 173 3772 verbis
195 3712 301 3773 divina
326 3713 500 3786 coluimus,
524 3714 577 3774 sed
601 3715 743 3776 veritatis
766 3717 946 3792 cognitione
961 3726 993 3777 et
1005 3716 1181 3794 sapientiae

61 3813 173 3873 studio
196 3815 343 3874 instructi
368 3817 404 3872 ud
429 3815 733 3877 demonstrationem
758 3813 814 3876 Dei
837 3797 1015 3894 loquimur.
1032 3833 1048 3871 ιι
1074 3814 1111 3876 lli
1136 3816 1178 3876 ita

56 3913 233 3975 exorditur
256 3910 439 3995 Sermonem
456 3914 619 3988 ueritati&
642 3935 739 3995 quem
763 3934 818 3977 nos
842 3916 948 3979 hinad
964 3918 1106 3978 litterum
1125 3916 1180 3976 de·

55 4020 234 4093 scriptum,
258 4027 412 4078 accurato
431 4019 544 4109 deinde
559 4018 667 4079 studio
683 4037 933 4098 prosequemur,
951 4019 1093 4096 singulas
1108 4018 1179 4097 ejus

58 4116 285 4198 expendentes
307 4128 454 4194 partes.

136 4219 193 4287 ³2
219 4208 295 4297 Θεσς
317 4208 400 4294 εἶς“
384 4242 401 4284 ο
424 4225 555 4317 σρὼισς
574 4186 631 4289 rol
654 4219 763 4315 pubes
786 4213 844 4291 rori
868 4215 1014 4295 ἀιιοίιτωι
1036 4239 1182 4298 σοιητης

987 4331 1051 4399 10
