2886 4784
79 109 131 157 ιιι
162 111 281 157 canens
307 91 473 169 restitisse,
505 109 711 174 nequaquam
741 93 858 158 indicat
886 98 1009 160 animas
1038 99 1199 179 antiquio·

12 224 15 229 ·
80 215 135 260 res
156 197 368 276 praecessisse
390 195 546 275 corpori;
569 203 613 270 et,
636 195 697 258 hac
717 201 821 258 stante
843 200 1079 277 praecedentia,
1103 209 1197 267 actus

80 297 205 361 liberos
226 297 433 369 exercuisse,
456 305 493 360 ut
515 295 628 358 tierent
652 314 725 359 vasa
750 299 779 360 in
802 299 959 361 honorem
984 301 1034 361 rel
1057 301 1088 363 in
1110 302 1198 381 iguo·

81 399 237 460 miniamr
260 406 310 459 ast
330 397 389 459 sibi
414 397 498 472 vult,
522 395 624 460 Deurn
647 398 743 477 J'uxta
763 401 1002 478 praenotionem
1023 419 1132 463 rerum
1146 402 1197 465 lu·

82 508 233 563 turarnm
256 498 447 577 praevidere
469 499 499 559 in
521 503 682 561 creaturis
705 502 927 572 rationalibus,
952 521 1035 580 quac
1057 522 1097 563 es
1121 522 1196 581 pro·

80 601 142 681 prii
164 601 291 662 arbitrii
313 618 387 673 usu,
414 602 493 661 isene
516 601 565 661 vel
590 601 672 661 nsale
702 602 894 678 expleturae
931 602 1059 675 locent,
1094 607 1198 681 prius·

81 720 179 782 qnam
201 712 424 764 nascerentur.
448 701 552 776 Quam
577 702 807 764 discussionem
830 704 950 778 optime
982 704 1146 765 concludit
1166 706 1198 767 in

79 807 227 883 sequenti
248 822 279 866 ιι.
301 801 354 869 22.
378 803 433 864 ubi
456 803 602 883 Apostoli
626 803 709 864 dicta
733 803 907 864 concilians
935 805 1069 866 scribit:
1093 827 1110 864 «
1132 802 1197 868 Ne·

80 925 145 985 que
167 905 302 968 libertas
324 913 432 976 nostra
455 907 522 966 sine
543 906 674 967 scientia
697 901 770 973 Dei,
792 921 897 982 neque
918 906 1048 965 scientia
1067 902 1123 966 Dei
1140 923 1197 968 uos

79 1007 242 1089 prolicere
263 1007 360 1086 cogit,
383 1007 441 1067 nisi
463 1006 501 1067 ad
526 1006 645 1067 bonnm
662 1006 720 1082 ipsi
736 1005 859 1082 aliquid
876 1005 1102 1084 conferamns3
1123 1025 1197 1069 cum

79 1126 185 1187 neque
206 1108 341 1169 libertas
363 1115 471 1168 nostra
493 1106 561 1168 sine
581 1107 712 1166 scientia
730 1103 795 1166 'Dei
818 1115 849 1166 et
870 1106 937 1168 sine
958 1125 1019 1168 usn
1035 1108 1196 1186 dignitatis

78 1209 206 1271 arbitrii
228 1208 328 1269 nostri
352 1206 461 1280 iaciat,
485 1207 573 1268 utin
596 1206 753 1267 honorem
774 1206 891 1285 aliquis
915 1206 965 1267 vel
988 1208 1192 1284 ignominiam

78 1309 156 1372 liat:
179 1327 287 1388 neque
308 1309 376 1371 sola
401 1307 458 1371 Dei
482 1307 630 1370 voluntas
656 1309 686 1368 in
709 1312 865 1370 honorem
896 1318 954 1371 aut
987 1310 1192 1388 ignominiam

77 1402 277 1490 quemqnam
301 1409 418 1484 iaciat,
442 1411 499 1470 nisi
523 1413 689 1472 materiem
713 1409 885 1488 quamdam
907 1408 1106 1471 differentiae
1140 1411 1195 1474 lsa-

79 1510 166 1583 beat,
189 1518 332 1571 nostram
357 1509 578 1582 voluntatem,
601 1525 686 1587 qnae
718 1508 749 1568 iu
781 1508 943 1570 deteriora
979 1508 1028 1569 vel
1062 1509 1196 1572 meliora

78 1610 291 1692 propendeat.
314 1630 330 1668 n
353 1608 446 1686 Quae
470 1610 566 1671 verba
589 1627 663 1671 cum
694 1610 771 1670 satis
802 1609 1090 1671 accommodentur
1120 1611 1197 1689 dog·

77 1715 158 1775 mati
180 1706 353 1785 catholico,
377 1720 520 1791 arguunt
543 1707 763 1789 Freppelium,
787 1711 843 1787 qui
867 1709 985 1771 trustra
1010 1710 1193 1771 laboravit:

77 1832 184 1895 quurn
207 1815 280 1876 ltine
301 1815 382 1876 idest
402 1832 444 1875 ex
468 1813 674 1874 rationalium
698 1820 926 1872 creaturarum
949 1812 1098 1884 arbitrio,
1123 1808 1197 1872 llei-

77 1935 144 1997 que
170 1915 379 1994 praescientia
412 1914 625 1989 lutnrorurn,
656 1913 795 1992 probare
825 1914 912 1974 nisus
937 1922 985 1973 est
1013 1914 1194 1975 animarum

76 2018 361 2098 praeexistentiam
393 2035 596 2096 suorumque
631 2025 765 2077 actuum
800 2015 939 2076 liberum
975 2015 1195 2088 exercitium,

80 2121 275 2200 priusquam
298 2120 328 2180 in
351 2120 413 2181 hoc
434 2137 553 2196 corpus
578 2118 743 2195 venirent3
766 2125 798 2180 et
822 2119 865 2178 ita
894 2118 1091 2190 adstruere,
1121 2115 1205 2187 Ori·¹

77 2222 167 2301 genis
190 2220 230 2283 tle
252 2223 312 2284 hac
335 2239 370 2282 re
391 2220 569 2282 doctrinam
593 2220 719 2298 placitis
741 2221 888 2297 componi
913 2219 1064 2281 Platonis.

161 2319 333 2383 Praeterea
356 2340 384 2383 c.
408 2319 581 2384 Censorio
604 2321 664 2381 lsac
687 2321 766 2381 thesi
796 2339 858 2381 uon
886 2321 992 2383 solutu
1021 2330 1114 2382 extra
1146 2337 1198 2382 ar-

77 2433 270 2504 gumentum
294 2422 439 2485 traduxit
460 2421 608 2501 Origeuis
631 2431 781 2492 mentem,
805 2440 906 2500 quum
929 2423 1027 2483 allata
1052 2422 1195 2483 testimo·

77 2526 131 2586 uia
166 2542 229 2587 non
255 2523 534 2601 praeexistentiam
566 2524 745 2583 animarum
774 2532 977 2601 spectarent,
1008 2524 1105 2584 immo
1135 2521 1195 2584 ttet

77 2627 325 2704 praescientiam
347 2626 432 2687 circa
467 2624 612 2684 suturam
647 2623 853 2684 rationalium
885 2624 1120 2685 conditionem:
1144 2631 1198 2686 ast

75 2744 139 2788 nec
160 2727 378 2789 considerasse
403 2726 531 2786 videtur
553 2742 707 2803 quoque,
731 2722 903 2800 Origeuem
936 2723 1086 2784 absolute
1120 2723 1196 2785 huic

76 2825 222 2888 Platonis
245 2842 439 2907 repugnasse
460 2824 638 2898 doctrinae,
656 2824 843 2903 praesertim
867 2825 897 2884 iu
921 2819 1017 2884 Libro
1041 2820 1095 2882 tv.
1119 2839 1194 2883 con-

74 2935 128 2990 tra
151 2926 293 2990 Celsum.
317 2924 440 2989 Docens
462 2927 546 2987 enim
569 2927 599 2986 in
622 2945 651 2986 u.
673 2919 723 2994 dll-
746 2927 777 2987 lu
801 2926 925 2987 Adamo
947 2935 978 2987 et
1002 2924 1069 2987 Era
1093 2926 1196 2987 cousi·

71 3027 185 3089 derari
209 3028 396 3090 universnm
419 3028 598 3088 humanum
621 3044 734 3105 genus,
751 3035 780 3087 et
798 3028 828 3086 iu
845 3029 962 3089 horum
980 3035 1110 3105 peccato
1126 3045 1193 3090 om·

70 3132 167 3192 nium
190 3127 471 3202 maledictionem,
494 3128 603 3189 addit:
628 3149 644 3184 a
670 3127 747 3189 item
770 3129 856 3206 quod
882 3131 977 3189 homo
1001 3141 1031 3190 et
1055 3130 1193 3191 muliero
1299 3115 1309 3136 '

70 3229 228 3308 paradiso
250 3229 344 3310 ejecti
366 3239 453 3300 sunt,
477 3229 579 3290 induti
604 3229 727 3289 tunicas
744 3230 908 3306 pelliceas,
930 3249 1010 3309 quas
1034 3229 1097 3291 illis
1118 3247 1194 3308 pro·

71 3341 153 3410 pter
164 3332 307 3409 ipsorum
321 3339 488 3408 peccatum
503 3327 590 3391 Deus
607 3328 740 3401 lecerat,
755 3331 784 3389 id
800 3334 989 3414 mysterium
1006 3333 1193 3410 quodquam

66 3431 217 3498 continet
242 3432 344 3492 multo
368 3431 596 3508 praestantius,
619 3448 716 3510 quatu
739 3433 825 3510 quod
852 3431 944 3494 Plato
961 3432 1113 3494 traditdn
1129 3434 1195 3494 aui·

67 3552 143 3607 rua,
166 3533 289 3594 evulsis
311 3533 382 3607 alis,
406 3533 471 3595 truc
492 3532 638 3606 cadente,
662 3532 764 3594 donec
785 3533 907 3611 aliquid
932 3533 1073 3595 solidum
1090 3534 1197 3597 nanci-

60 3644 200 3707 scatur,
226 3635 279 3696 nbi
302 3630 464 3696 consistat.
486 3630 670 3696 »Platonis
706 3635 803 3696 rerba
835 3634 876 3694 ita
912 3641 1047 3695 sonant:
1072 3655 1089 3694 a
1112 3633 1192 3698 Cum

64 3755 157 3801 vero
180 3736 208 3797 ei
231 3735 363 3812 (animo,
386 3736 441 3814 qui
466 3744 568 3797 toturn
592 3744 687 3797 curat
709 3736 930 3810 inanimatum)
955 3737 1026 3797 alae
1048 3735 1193 3799 deduxe-

59 3845 152 3911 rint,
179 3836 285 3900 lertur
306 3838 407 3901 donec
431 3836 570 3899 solidum
603 3837 767 3917 quidpiam
798 3838 1103 3918 comprehenderit:
1137 3840 1194 3901 ulsi-
