2886 4784
159 449 279 512 ceteris
303 446 481 526 scripturis
503 451 734 524 nuncupantur
760 445 862 525 iusti,
887 453 919 508 et
942 447 990 509 uti
1013 463 1030 507 a
1056 443 1205 510 Patribus
1236 468 1284 511 se·

157 544 306 614 cundum
327 549 477 628 Origenis
498 566 626 610 sensum
649 547 804 611 dicuntur
817 569 827 625 ;
850 547 1053 627 proindeque
1069 549 1166 610 aliter
1180 569 1280 628 quarn
1391 533 1398 597 ἶ

156 651 334 730 supposuit
357 647 598 732 Hieronymus3
622 650 713 727 quasi
734 647 813 728 justi
842 656 873 710 et
900 644 988 727 impii
1018 649 1060 709 ob
1093 638 1282 728 proiectum

157 753 191 814 iu
214 751 335 830 pietate
359 751 407 811 rel
427 750 461 811 io
485 751 647 827 impietate
667 749 699 809 in
716 748 846 826 angelos
865 757 1048 822 vertantur,
1070 755 1127 810 aut
1156 751 1186 809 in
1210 751 1285 812 dac·

158 869 286 924 mones,
306 850 395 930 quod
418 858 467 912 est
487 851 676 912 absurdum.
702 848 742 911 llt
765 851 826 911 boe
849 852 926 910 saris
948 858 1008 924 est,
1032 859 1068 911 ut
1090 851 1221 910 dicatur
1245 852 1282 911 il·

157 954 256 1016 lusus
277 951 496 1034 Hieronymus
517 969 557 1014 ex
579 954 722 1028 prorutis
748 949 944 1012 Perierebon
966 951 1076 1027 libris;
1100 970 1208 1030 nequo
1227 970 1283 1012 un·

156 1074 260 1136 quam
284 1043 434 1118 ruffinus
455 1072 581 1116 sensum
606 1056 712 1132 graeci
736 1054 855 1115 codicis
877 1056 1085 1134 pervertisse,
1104 1062 1138 1114 ut
1156 1055 1223 1131 ipse
1239 1063 1283 1114 te·

155 1165 288 1231 statur,
312 1174 369 1217 nec
393 1154 490 1216 rerba
512 1156 737 1233 suppressisse.
768 1153 828 1216 Sed
863 1161 979 1217 cuneta
1015 1154 1046 1215 in
1077 1173 1138 1216 suu
1169 1153 1282 1216 ordine

155 1259 316 1331 servarit,
339 1257 478 1319 fideliter
498 1259 537 1318 ad
560 1258 702 1319 litteram
728 1257 905 1328 traductis,
929 1274 1013 1334 quae
1035 1259 1065 1317 in
1089 1275 1206 1334 graeco
1237 1257 1282 1318 le·

157 1365 272 1440 gerat:
294 1367 328 1421 et
348 1362 537 1436 praesertim
562 1359 616 1420 ubi
640 1358 792 1420 baeretici
816 1375 984 1436 personam
1007 1360 1153 1436 apprimo
1173 1359 1282 1420 distin·

157 1461 230 1539 quit
250 1459 292 1520 ab
312 1457 453 1538 Origene
473 1459 636 1521 catholico
658 1459 751 1521 illum
775 1459 959 1533 refutante,
984 1478 1021 1522 ac
1048 1461 1202 1522 haeretici
1225 1460 1280 1522 ob·

154 1561 330 1644 jectionem
351 1561 490 1623 secernit
510 1560 550 1622 ab
572 1561 707 1621 alterius
730 1561 947 1636 responsione.
965 1559 1006 1623 m
1029 1563 1101 1624 hinc
1123 1579 1185 1623 nun
1207 1561 1281 1624 Ori·

158 1679 255 1741 genes
277 1671 393 1726 cuncta
418 1663 617 1741 permiscuit,
634 1680 738 1742 neque
761 1661 909 1724 Ruffiuus
931 1663 1125 1738 emendarit,
1151 1674 1186 1725 ιιι
1210 1664 1283 1726 uult

158 1759 397 1844 Hieronymum
417 1762 473 1824 sed
496 1763 598 1825 libelli
623 1762 734 1825 lamosi
752 1761 890 1836 Auctor,
910 1780 977 1841 quo
1000 1781 1077 1825 usus
1099 1772 1148 1826 est
1168 1782 1193 1825 s.
1219 1763 1282 1825 llo·

157 1872 244 1936 etur,
268 1867 485 1941 patentissimo
512 1865 753 1927 haereticorum
774 1863 860 1924 dicta
885 1863 1060 1925 transfudit
1082 1867 1113 1926 in
1134 1864 1283 1943 (trigenis

159 1974 323 2040 mentem,
345 1967 437 2047 quasi
459 1966 570 2028 eadem
593 1968 652 2029 iste
675 1983 774 2043 prava
798 1976 829 2027 et
850 1963 951 2026 stulta
973 1967 1117 2028 sentiret.

239 2065 474 2130 Verumtamen
497 2086 560 2130 non
581 2076 629 2131 est
650 2067 702 2141 idi,
732 2066 818 2144 quod
844 2073 967 2128 tantum
990 2067 1043 2129 bic
1064 2069 1253 2145 quaerimus
1265 2086 1277 2143 ;

157 2172 209 2231 ast
230 2168 263 2229 in
284 2168 366 2232 illud
400 2169 540 2231 maxime
571 2168 816 2240 contendimus,
847 2176 884 2229 ut
914 2169 1038 2231 cunctis
1073 2171 1275 2241 innotescat,

157 2287 245 2350 quac
267 2267 486 2352 Hieronymus
511 2271 640 2349 scripsit
661 2270 691 2330 in
714 2271 773 2330 bac
799 2270 934 2349 epistola
958 2269 997 2330 ad
1021 2268 1179 2342 Auitum,
1203 2285 1278 2346 por·

152 2371 279 2451 tionem
302 2390 370 2434 esse
391 2372 580 2433 libellorum
603 2371 814 2445 famosorum,
832 2374 871 2434 de
886 2372 1004 2450 quibus
1018 2371 1169 2450 loquitur
1186 2370 1278 2432 Pam·

157 2473 270 2552 philus
299 2473 330 2534 in
355 2490 439 2534 nona
468 2474 700 2535 criminatione.
725 2471 941 2553 Posteaquam
970 2475 1054 2534 euim
1081 2475 1140 2535 ists
1160 2477 1191 2536 iu
1214 2472 1277 2534 line

156 2593 185 2638 c.
205 2572 244 2635 V.
267 2592 398 2637 errores
419 2577 542 2636 notarit
563 2575 695 2652 Origeni
717 2578 888 2652 inscriptos
910 2584 942 2638 et
964 2594 1005 2637 ex
1027 2573 1225 2637 Pericrclron
1246 2595 1278 2636 e·

157 2684 255 2740 rutos
283 2677 322 2738 de
354 2678 521 2740 animabus
544 2677 691 2738 humanis
714 2679 963 2766 transmutandis
990 2688 1060 2757 post
1087 2678 1212 2740 obitum
1246 2682 1277 2740 iu

157 2784 251 2842 muta
273 2778 421 2840 animalia
447 2778 497 2838 rel
518 2786 695 2856 serpentes,
711 2796 769 2841 seu
792 2779 932 2857 pecudes
954 2787 1015 2841 etc.
1032 2782 1064 2841 io
1086 2778 1149 2840 line
1169 2797 1197 2841 c.
1219 2777 1273 2842 lX.

156 2879 203 2942 itu
226 2879 428 2941 criminatori
453 2881 646 2957 respondete

239 2978 458 3043 «Novissima
480 2982 661 3042 criminatio
692 2988 740 3043 est
773 2983 1047 3045 transmutationis
1080 2985 1273 3046 animarum.

157 3081 209 3145 Ad
232 3100 330 3161 quam
353 3083 448 3144 sicuti
471 3083 501 3142 iu
522 3082 638 3144 ceteris
666 3081 826 3155 issimus,
849 3084 970 3161 ipsius,
994 3085 1050 3162 qui
1073 3092 1275 3154 accusatur,

157 3182 425 3260 respondebimus
449 3184 552 3244 verbis
564 3203 575 3259 ;
599 3182 680 3244 illud
704 3186 809 3262 primo
825 3195 1063 3246 commonentes
1078 3184 1273 3255 necessario,

157 3286 235 3363 quia
258 3291 464 3347 accusatores
487 3281 558 3362 ejus
580 3301 642 3344 non
670 3284 909 3362 intelligentes,
931 3285 1072 3362 qualiter
1093 3284 1132 3344 ab
1165 3302 1204 3344 co
1235 3282 1276 3344 dc

156 3387 215 3472 ista
239 3386 428 3464 quaestione
451 3370 625 3447 tractatum
647 3387 709 3458 sit,
733 3385 785 3447 vel
817 3386 903 3464 quod
936 3388 1020 3448 ratio
1048 3384 1273 3465 disputationis

156 3487 202 3548 ita
224 3503 259 3547 se
282 3486 409 3556 babeat,
434 3497 470 3547 ut
491 3503 552 3546 non
573 3502 702 3563 sempor
723 3485 790 3546 sola
817 3484 907 3547 velut
921 3504 962 3547 ex
978 3502 1114 3561 persona
1132 3503 1275 3562 pronun·

155 3587 231 3650 tisri
256 3584 439 3659 videantur,
463 3604 547 3664 quae
569 3587 735 3657 dicuutur,
752 3586 806 3648 sed
825 3586 988 3648 interdum
1010 3587 1106 3647 etiam
1123 3604 1173 3656 ea,
1191 3603 1275 3664 quae

155 3706 175 3751 e
196 3690 364 3751 contrario
385 3687 447 3750 dici
471 3695 644 3767 poterant,
666 3688 894 3765 disputentur,
909 3699 949 3771 het
966 3674 1053 3750 'hauc
1074 3704 1143 3750 esse
1170 3696 1275 3748 artem
1396 3757 1399 3762 ¹

155 3789 342 3869 disputandi
364 3808 427 3851 non
455 3791 684 3864 advertentes,
708 3789 866 3870 objiciunt
887 3792 915 3853 ei
938 3788 977 3850 de
1007 3790 1068 3852 hoc
1099 3788 1275 3867 dogmate,

154 3888 245 3969 quod
268 3892 360 3968 quasi
381 3893 448 3970 ipse
469 3892 604 3954 senserit
625 3908 686 3964 ea,
716 3907 800 3969 quac
832 3891 871 3951 de
902 3892 1102 3954 adversantis
1135 3907 1271 3967 persona

157 3990 324 4054 disseruit.
1305 4064 1308 4069 ³

238 4113 256 4153 a
280 4091 425 4175 lienique
446 4095 533 4177 quod
556 4093 745 4159 discutiendi
769 4095 848 4157 hacc
870 4101 902 4155 et
926 4110 987 4155 non
1003 4092 1214 4158 confirmandi
1229 4092 1275 4152 di·

153 4192 244 4258 xerit
264 4211 376 4271 causa,
399 4199 466 4275 ipse
488 4213 547 4281 per
567 4213 605 4258 ea
627 4213 712 4273 quae
735 4202 806 4274 post
829 4201 1004 4256 tractatum
1028 4194 1074 4255 rei
1098 4193 1196 4274 ipsius
1218 4190 1273 4268 ad·
