2886 4784
161 464 245 524 inter
266 460 378 526 Patres
400 462 598 541 disputatum
621 462 673 535 sit,
691 462 761 525 aliis
783 479 856 541 pro,
871 462 943 526 aliis
962 471 1078 527 contra
1098 461 1248 545 Origenen

161 561 437 626 contendentibus.
464 562 512 625 bc
544 581 656 641 reapse
686 561 871 627 Anastasius
905 563 989 642 Papa
1024 567 1056 625 in
1088 562 1200 629 litteris
1222 565 1251 628 ad

159 660 316 725 Joaunem
341 665 685 745 hierosolymitanum,
708 666 749 724 nb
774 664 968 726 Pericrchon
997 665 1130 727 latinam
1155 670 1252 729 versio·

159 782 232 826 uem
254 767 300 826 ait
319 767 491 828 schismata
513 767 650 827 excitata
677 766 775 828 luisse
797 769 880 853 inter
903 765 1024 826 hdeles.
1043 765 1105 830 Sed
1120 769 1190 845 quis
1208 766 1256 831 luit

160 866 259 946 huius
278 868 464 930 schismatis·
477 865 620 930 auctor?
640 865 854 946 Nequaquam
883 866 1065 944 Origenes,
1087 869 1143 930 scd
1167 865 1254 931 Theo

159 969 277 1046 philus.
301 968 513 1048 Nequaquam
535 968 703 1045 Origenes,
720 969 814 1046 cujus
830 986 943 1029 nomen
958 985 1106 1046 eousque
1124 986 1258 1031 venerau·

159 1070 237 1133 dum
257 1072 289 1132 in
311 1069 453 1133 Ecclesia
477 1071 655 1149 pergebat;
677 1080 709 1132 et
730 1072 824 1151 cujus
846 1073 965 1148 scripta
990 1072 1131 1147 genuina
1155 1070 1259 1132 luerint

159 1189 177 1234 a
201 1171 349 1234 Patribus
373 1174 547 1247 universim
569 1181 700 1250 accepta
725 1181 760 1233 ut
781 1172 978 1234 orthodoxa.
996 1172 1056 1234 hst
1070 1169 1257 1250 Theophilus

163 1271 211 1351 {ei
234 1273 432 1352 obsequente
455 1271 677 1356 Hieronymo)
699 1284 816 1335 auctor
843 1274 1023 1335 schismatis
1051 1272 1132 1351 jure
1165 1290 1260 1335 vocau-

163 1373 224 1436 dus
245 1385 305 1447 est,
328 1375 384 1453 qni
406 1375 564 1436 adversus
587 1374 678 1436 illum
703 1375 830 1436 libellos
853 1374 991 1436 famosos
1010 1374 1078 1453 jam
1101 1392 1121 1436 a
1141 1394 1166 1437 s.
1185 1374 1260 1436 Pant-

163 1473 252 1550 pbilo
276 1474 461 1549 refutatos,
483 1474 603 1536 extulit
624 1493 641 1534 e
664 1475 822 1553 pulvere,
846 1484 882 1534 ut
909 1476 1030 1536 zizania
1053 1484 1178 1536 sereret
1196 1477 1261 1537 inter

160 1572 281 1635 fideles.
306 1573 347 1636 Et
370 1575 456 1636 hunc
484 1592 559 1635 sane
587 1570 802 1652 Theophilum
825 1574 1002 1636 schismatis
1028 1584 1197 1636 auctorem
1217 1591 1257 1636 vo

160 1681 213 1734 cat
235 1672 438 1736 Innocentius
463 1673 546 1752 Papa
569 1676 600 1736 in
623 1674 689 1736 suis
717 1675 859 1753 epistolis
887 1674 927 1734 ad
960 1673 1140 1738 Arcadium
1172 1682 1204 1737 ct
1226 1671 1255 1735 ad

160 1770 293 1837 Clerum
315 1766 708 1854 constantinopolitanum.

243 1875 380 1956 insuper
400 1876 487 1956 quod
510 1878 651 1938 diximus
673 1880 711 1940 de
735 1876 863 1958 synodis
895 1879 1069 1955 ephesina,
1102 1878 1253 1941 chalcedo

160 1978 303 2042 nausiet
324 1997 455 2041 romana
477 1979 539 2040 sub
560 1977 701 2051 Gelasio,
725 1996 742 2039 a
764 1979 882 2058 quibus
905 1981 945 2039 ab
967 1980 1253 2044 haeresiarcharum

159 2081 243 2142 serie
266 2080 439 2142 exclusum
460 2086 509 2141 est
528 2077 676 2156 Origenis
699 2096 825 2151 nomeu,
843 2080 925 2139 idem
950 2079 1089 2142 vidimus
1112 2080 1253 2144 luctuosa

161 2177 270 2243 Felice
294 2179 392 2259 Papa,
410 2180 463 2241 ubi
486 2182 621 2260 corripit
642 2179 774 2242 Petrum
791 2178 962 2242 Faltonem
987 2190 1136 2243 veterum
1159 2182 1253 2243 haere

161 2284 300 2344 ticorum
333 2282 437 2360 (quos
459 2282 621 2356 nominat)
654 2281 856 2358 impietatum
889 2283 1166 2360 instauratorem
1191 2290 1250 2343 cta

161 2377 357 2444 Theodoreti
380 2379 478 2442 Libro
502 2381 545 2443 lle
566 2379 684 2461 sabulis
711 2377 949 2453 haereticorum,
979 2390 1012 2442 et
1038 2383 1080 2441 ab
1108 2397 1251 2464 anonymo

160 2482 306 2545 Auctore
328 2481 415 2544 Libri
444 2482 702 2545 Prccriestinctns
730 2483 883 2560 inscripti.
900 2480 1051 2557 Quorum
1079 2483 1175 2545 ambo
1195 2481 1255 2544 Ort'·

161 2599 273 2659 genem
294 2601 356 2643 non
381 2590 503 2644 tautum
525 2582 737 2644 excluserunt
759 2582 798 2640 ab
822 2581 1060 2643 haereticorum
1082 2585 1186 2656 serie,
1209 2579 1250 2642 sel

160 2690 191 2744 et
212 2685 364 2745 encomiis
386 2684 473 2745 illius
496 2694 532 2745 ut
552 2683 750 2756 orthodoxi,
774 2700 888 2742 nomen
911 2692 1080 2742 ornarunt.
1108 2680 1155 2744 bc
1176 2697 1251 2760 prac-

165 2796 250 2848 terea
275 2784 461 2869 hoonymus
484 2787 514 2845 in
537 2782 634 2847 Libro
659 2783 680 2844 Ι.
706 2803 736 2842 n.
758 2779 810 2847 82.
832 2776 880 2846 84.
895 2779 944 2845 85.
963 2784 1146 2845 haereticos
1167 2791 1252 2863 pater·

161 2890 309 2948 oianosa
335 2885 472 2948 Damaso
494 2884 593 2964 Papa,
617 2885 816 2946 helvidianos
839 2902 857 2943 a
879 2884 1009 2956 Siricio,
1026 2883 1207 2962 jovinianus
1224 2879 1252 2943 ab

162 2985 344 3060 Anastasio,
367 3005 405 3048 ac
427 2986 540 3046 deinde
565 2983 729 3062 Pelagium
752 2994 784 3045 et
806 2982 1002 3045 Coalestium
1024 2985 1066 3043 ab
1092 2981 1255 3046 innocentio

160 3089 327 3149 damnatos
348 3086 436 3147 dicit.
456 3085 501 3147 lle
522 3085 662 3163 Origene
687 3102 763 3146 vero
783 3088 851 3146 sive
872 3086 912 3144 de
933 3085 1117 3162 origenistis
1133 3085 1174 3145 ab
1188 3085 1254 3145 bnt·

159 3192 257 3251 stasio
279 3205 342 3250 uua
364 3206 438 3249 cum
459 3187 630 3266 jovinianis
658 3185 934 3247 anathematizatis
964 3202 1002 3246 ue
1035 3185 1171 3247 verbum
1201 3180 1255 3262 qui·

157 3291 254 3366 dem3
276 3293 335 3349 etsi
358 3288 408 3348 vel
430 3288 540 3349 eadem
572 3296 698 3361 aetate,
721 3297 779 3346 aut
801 3285 899 3364 paulo
922 3294 1017 3363 post,
1038 3285 1128 3349 hunc
1148 3285 1251 3346 librnu

158 3390 294 3451 edidisse
315 3396 439 3451 constet
462 3387 678 3468 Anonymum.

240 3485 375 3548 Demum
399 3486 478 3546 nihil
502 3488 619 3547 mirum
642 3487 667 3546 si
689 3485 729 3545 ab
752 3485 841 3546 initio
869 3483 971 3546 seculi
995 3482 1032 3545 V.
1056 3492 1131 3562 post
1159 3481 1254 3547 Hiero·

159 3587 244 3670 cymi
267 3593 404 3648 aetatem
428 3585 517 3645 nulla
541 3587 659 3646 rusentio
682 3584 765 3646 iacta
788 3584 829 3645 sit
850 3584 889 3645 de
910 3584 1094 3662 origenistis
1115 3604 1187 3648 cum
1207 3597 1252 3646 suo

162 3687 316 3764 magistro
343 3687 526 3758 haereticis,
542 3688 636 3748 sicuti
662 3686 732 3747 vult
755 3705 779 3746 s.
798 3684 930 3747 Ductor.
952 3685 1160 3768 synodorum
1180 3702 1250 3748 nan·

159 3805 223 3865 que
245 3790 275 3849 in
298 3787 445 3872 Aegypto
466 3796 536 3850 acta
559 3795 670 3865 utpote
693 3788 814 3863 iniqua,
833 3786 932 3863 paulo
955 3796 1027 3863 post
1049 3788 1144 3849 irrita
1166 3784 1251 3873 decla·

158 3900 227 3951 rata
250 3889 341 3951 lucre
362 3888 403 3948 ab
419 3886 602 3948 innocentio
618 3885 700 3965 Papa
724 3889 753 3947 in
775 3886 890 3947 litteris
905 3887 944 3946 ad
963 3888 1139 3952 arcadium
1156 3896 1188 3950 ct
1201 3884 1251 3948 Eu·

156 3990 297 4053 doxiam.
311 3986 371 4052 Ubi
392 3997 507 4050 cuneta
529 3988 710 4048 describens
732 3995 855 4064 patrata
872 4005 889 4046 a
905 3983 1089 4065 Theophilo
1109 3989 1248 4050 advenas

156 4089 326 4163 Joauoem,
345 4091 503 4152 isidorum
525 4097 557 4149 ot
577 4088 657 4150 alios
680 4089 746 4167 pios
770 4087 956 4162 monachos,
973 4089 1120 4153 decernit
1140 4107 1176 4152 ea
1197 4102 1249 4150 ora·

158 4191 208 4254 nia
230 4209 270 4254 ex
293 4188 463 4270 Theophili
484 4189 629 4269 ejusdem
650 4191 756 4251 animo
778 4189 985 4266 sanguinario
1006 4191 1207 4270 processisse,
1224 4189 1249 4249 ti

159 4295 453 4374 praetorianorum
474 4305 634 4356 canonum
657 4289 754 4357 luisse
775 4286 933 4354 conlecta.
