2886 4784
165 388 226 458 tis

168 491 311 555 rodanus
332 488 521 570 origenistas
542 486 705 568 inscripsit
726 484 923 572 bammum,
946 486 1107 552 loannem
1137 489 1260 553 hierom·

152 595 374 680 lymitaunm,
400 592 598 672 Evagrintn,
624 591 829 665 Palladium,
851 591 1041 666 Bullinum,
1067 591 1221 656 isidorum
1238 600 1263 655 et

167 697 354 776 complures
377 693 501 758 Nitriae
523 694 706 757 monachos.
725 692 831 770 Quam
853 701 886 757 et
906 710 966 774 ego
988 696 1020 757 iu
1034 692 1138 757 Temo
1156 694 1208 757 ΙΙΙ.
1224 695 1264 756 sd·

169 798 239 863 misi
262 797 510 860 distinctionem.

250 896 482 961 Verumtamen
504 898 603 976 gratis
632 897 710 960 mibi
744 914 828 960 nunc
862 896 992 961 videtur
1019 907 1193 962 assertum.
1211 897 1264 964 Una

169 1002 253 1065 enim
276 1002 394 1064 borum
416 1000 494 1063 fides
515 999 675 1062 catholica
695 1009 760 1062 tam
774 999 1009 1081 chrysostomi,
1027 1011 1093 1063 tam
1108 1000 1265 1078 Theotinl,

169 1114 234 1166 tam
259 1102 406 1178 Palladii,
425 1111 488 1164 tam
512 1100 644 1176 Rustici,
661 1110 725 1165 tam
742 1099 886 1180 Evagrii,
904 1110 968 1164 tam
984 1100 1120 1165 Joanuis
1143 1104 1266 1165 hierosu-

168 1205 327 1288 lymitani,
346 1212 410 1265 tam
433 1203 667 1266 monachorum
688 1205 902 1282 nitriensinm3
918 1214 950 1267 ct
965 1213 1132 1285 quotquot
1145 1206 1190 1268 eis
1208 1221 1267 1266 con·

167 1325 309 1382 sensere,
327 1325 388 1369 uua
413 1305 490 1368 tides
512 1314 595 1367 erat:
615 1308 662 1368 uti
683 1307 773 1368 nulla
797 1309 952 1368 intererat
971 1307 1187 1387 discrepantia
1201 1308 1267 1369 iuter

167 1427 222 1471 eos
244 1409 349 1488 quoad
372 1407 522 1486 Origeuis
552 1407 669 1482 tidem,
692 1425 791 1488 quam
823 1408 1041 1471 orthodoxam
1068 1408 1264 1472 vindicarunt.

167 1508 262 1586 Quod
281 1510 531 1595 Chrysostomns
547 1516 579 1571 et
593 1506 783 1575 Theotimus
802 1510 878 1591 jure
894 1518 1053 1588 putarunt
1075 1511 1114 1573 de
1136 1509 1266 1591 Origenis

171 1614 289 1690 pietate
311 1613 341 1672 in
365 1610 507 1673 Ecclesia
530 1609 697 1674 Catholiaa
720 1612 885 1676 defuncti:
913 1611 996 1674 idem
1018 1620 1051 1674 et
1073 1613 1177 1676 ceteri
1197 1609 1264 1673 arbi

169 1717 243 1778 irati
266 1725 361 1792 sunt;
385 1716 464 1793 quin
488 1723 591 1778 tamen
615 1716 734 1778 horum
765 1717 853 1777 ullus
885 1724 1112 1794 praesumptos
1134 1712 1266 1794 Origenis

167 1833 298 1878 errores
321 1816 542 1894 profiteretur.
565 1815 626 1881 Sed
649 1818 809 1880 catholice
840 1817 899 1895 ipsi
932 1819 1128 1892 sentientes,
1162 1816 1265 1897 pariter

165 1917 297 1995 Origeui
320 1918 481 1983 catholico
503 1918 695 1999 patrocinati
726 1927 813 1982 snut.
838 1916 879 1982 Et
900 1919 1002 1982 veluti
1024 1917 1263 2003 chrysostomus

165 2017 355 2082 Theotimus
378 2029 409 2083 et
432 2021 637 2095 Ammonius,
659 2022 704 2084 ita
726 2019 888 2096 llnffinus,
910 2019 1065 2094 loannes,
1091 2019 1263 2090 Palladias,

169 2120 313 2184 isidorus
334 2123 502 2202 ceterique
531 2123 679 2185 monachi
709 2124 877 2185 nitrienses
908 2124 1088 2186 secundum
1119 2120 1266 2185 Ecclesiae

168 2222 368 2310 disciplinam
391 2233 550 2304 perpetuo
571 2230 748 2299 servatam,
772 2221 933 2302 publicam
956 2222 1180 2286 exbibuerunt
1199 2234 1263 2283 suaa

167 2324 241 2386 fidei
264 2325 508 2405 professionem,
532 2344 569 2388 ac
591 2344 653 2388 nna
677 2325 932 2388 condemnarunt
953 2322 1086 2403 Origeui
1111 2325 1263 2402 inscriptos

166 2446 310 2490 errores.
336 2425 416 2490 Item
439 2445 497 2490 nee
519 2427 566 2488 illi
589 2446 647 2490 nec
669 2428 719 2489 isti
746 2428 847 2490 ullam
870 2427 953 2506 passi
975 2432 1049 2488 sunt
1072 2425 1261 2500 illusioncm3
1298 2459 1301 2467 ,

167 2548 225 2592 uec
247 2551 288 2593 ex
310 2533 417 2593 animo
439 2531 588 2609 dogmata
613 2537 859 2610 propugnarunt
881 2547 1023 2609 unquam
1050 2528 1125 2591 tidei
1154 2534 1262 2606 aposta·

168 2632 250 2694 linae
272 2634 447 2695 contraria.
466 2631 500 2693 ln
517 2634 585 2711 pari
604 2633 817 2695 versabantur
833 2631 1014 2694 conditione
1036 2648 1149 2715 coram
1171 2627 1262 2693 Eccle·

164 2735 210 2796 sia
232 2733 375 2796 Christi:
399 2751 436 2796 ac
458 2735 568 2814 itaque
590 2742 737 2797 mutuam
760 2734 819 2794 sibi
842 2732 1048 2812 praestabant
1068 2747 1198 2812 operam
1213 2739 1262 2792 tan

166 2837 195 2896 in
219 2838 383 2915 propriam
406 2853 504 2915 quam
528 2838 559 2896 in
579 2834 729 2916 Origeuis
750 2835 979 2897 defensionem.

109 3017 112 3019 Α
247 2936 333 3000 idem
354 2937 512 3013 studium,
528 2937 640 3000 endem
665 2937 741 3000 hdes
764 2938 881 2999 horum
904 2935 1117 3016 permovebat
1138 2937 1261 2999 animum

166 3039 196 3099 iu
219 3039 279 3102 boe
302 3040 428 3118 negotio
449 3039 606 3100 adversus
628 3039 716 3100 illius
737 3041 971 3102 criminatores.
987 3037 1030 3100 Et
1050 3040 1148 3101 sicuti
1170 3039 1263 3099 hacre-

162 3143 221 3202 sim
243 3140 392 3203 detestati
415 3148 447 3202 et
467 3141 562 3202 sicuti
584 3141 728 3202 veritatis
750 3142 929 3203 catholicae
951 3140 1126 3215 zelatores,
1142 3142 1183 3200 ita
1200 3151 1262 3198 vocs

163 3241 213 3303 val
234 3242 361 3320 scriptis
384 3240 550 3303 mauileste
572 3241 694 3320 absque
715 3242 903 3320 ambagibus
928 3241 1074 3321 quotidie
1104 3248 1136 3303 el
1160 3240 1263 3318 ubique

164 3361 233 3403 sese
256 3343 477 3405 exhibuerunt
498 3341 838 3420 Origcuisnrthcdnxi
854 3350 1017 3421 patronos.
1036 3342 1133 3418 Quod
1150 3341 1261 3423 quidem

160 3442 256 3504 iidem
286 3451 493 3506 accusatores
528 3444 664 3508 coulessi
694 3452 768 3507 snut
800 3443 998 3524 aliquaud03
1031 3462 1090 3506 uec
1124 3439 1261 3508 nllimode

162 3545 288 3606 mentiri
312 3547 342 3605 in
366 3548 530 3623 propriam
564 3547 786 3608 contusionem
820 3554 967 3624 potuere.
992 3543 1204 3626 Quapropter
1221 3541 1260 3603 isti

159 3646 372 3724 cogebantur,
393 3648 493 3710 veluti
517 3665 621 3725 nuper
643 3648 721 3721 dixi,
739 3666 802 3709 nou
822 3657 991 3710 externam
1014 3648 1196 3710 secundum
1216 3641 1264 3706 Ec·

159 3747 276 3810 clasiae
298 3767 434 3811 canones
457 3750 610 3812 damnare
633 3749 891 3821 contessionem,
914 3749 1034 3827 quippe
1057 3748 1258 3820 catholicam

159 3848 211 3910 sed
235 3868 385 3912 arcanam
408 3851 542 3914 illorum
565 3853 806 3922 cumscientiam,
828 3852 888 3912 sali
912 3848 1129 3925 bisacutam,
1155 3859 1261 3912 temera

160 3951 351 4030 investigare
372 3962 405 4015 et
425 3955 723 4029 anathematizare,
747 3935 807 4016 nou
829 3955 935 4017 solnm
960 3955 1194 4017 monachorum
1216 3948 1260 4013 lsi·

161 4051 243 4124 dori,
265 4055 436 4132 ammonii,
454 4054 585 4118 Joauuis
603 4057 890 4142 hierosolymitani,
909 4054 1040 4129 Ruffini,
1057 4056 1113 4118 sed
1128 4062 1159 4118 et
1174 4053 1263 4134 Chry·

157 4157 289 4215 sostomi
311 4164 571 4234 eructaturum,
594 4163 649 4241 qui
674 4158 793 4222 lluetio
817 4163 874 4224 visi
896 4168 972 4222 suut
993 4160 1105 4239 aliqua
1139 4172 1257 4222 excusa·

161 4256 244 4320 tione
265 4257 359 4338 digni.
384 4257 526 4341 ideoque
547 4281 609 4327 uon
631 4270 715 4338 stat,
737 4279 836 4342 quam
860 4259 1057 4326 existimavit
1079 4261 1164 4326 idem
1186 4255 1260 4322 llus·
