2886 4784
1244 322 1284 391 at

163 420 222 489 tuti
242 439 367 499 omnes,
392 429 537 504 exceptis
559 426 674 501 nobis,
697 427 937 504 adhaerebant,
961 447 1018 492 uos
1039 428 1157 492 ditheor
1179 430 1278 491 nomi·

161 523 271 599 nabat,
293 540 447 587 evomens
468 527 628 590 violenter
649 527 814 591 eonditum
830 529 901 608 ejus
916 547 1085 593 venenum.
1103 549 1120 590 a
1139 529 1179 593 Et
1200 546 1279 610 pau·
1379 600 1384 609 Ἰ

159 625 194 688 lo
210 637 282 703 post
298 627 337 688 de
353 629 465 691 eodem
481 629 589 690 subdit
603 651 611 691 r
631 649 647 686 r
664 628 908 692 Fraudulentus
927 633 1024 694 bomo
1040 633 1098 693 iate
1113 640 1196 704 erat,
1212 649 1280 694 sce·

160 725 340 807 lerumque
359 730 504 792 omnium
528 730 660 807 artifex,
684 741 716 793 ei
739 730 824 793 lacto
850 737 994 811 tempore
1016 733 1174 811 plurimos
1189 732 1282 795 decc·

162 831 209 907 pit
231 839 337 902 etc.»

242 929 274 992 S.
301 927 500 1008 Epiphanius
522 937 631 993 autem
652 930 693 993 de
715 929 821 995 Noeta
842 940 873 993 et
896 932 1050 993 noetianis
1068 932 1226 994 disserens
1248 932 1280 994 in

163 1047 195 1092 n.
224 1027 255 1094 1.
281 1032 360 1093 haec
392 1043 526 1095 narrat:
551 1053 567 1091 a
593 1033 696 1111 igitur
727 1033 815 1096 velut
848 1035 988 1113 quadam
1022 1035 1139 1095 insania
1175 1035 1280 1098 elatus

165 1129 322 1209 (Noctua)
346 1150 471 1210 passum
496 1153 566 1195 csse
588 1133 715 1195 Patrem
739 1153 800 1195 uon
823 1134 983 1200 dubitarit
1008 1153 1214 1199 asserere..
1239 1180 1246 1195 .
1270 1179 1279 1196 .

163 1228 291 1293 interea
316 1233 427 1294 beatae
450 1234 624 1296 memoriae
648 1236 828 1317 presbyteri
850 1235 920 1315 ejus
944 1237 989 1296 rei
1012 1237 1149 1313 permoti
1172 1236 1276 1310 lama,

165 1332 328 1395 bominem
349 1335 528 1414 advocant3
550 1335 655 1413 deque
678 1338 726 1395 his
747 1337 1140 1414 omnibus·=intcrrogant‚
1164 1349 1275 1400 utrum

163 1443 230 1495 tarn
251 1436 524 1507 contumeliosum
548 1437 578 1496 iu
602 1436 730 1497 Patrem
752 1438 867 1513 dogma
896 1440 1125 1517 proposuisset.
1152 1440 1192 1499 ar
1223 1439 1279 1499 illa

164 1553 278 1597 eoram
301 1536 567 1618 presbyterorum
590 1555 741 1599 consessu
764 1538 967 1613 productus,
985 1541 1094 1615 primo
1118 1538 1277 1600 inficiatus

161 1645 224 1709 esi,
248 1622 395 1714 eoquod
419 1637 530 1699 nullus
552 1647 625 1698 ante
647 1656 721 1698 eum
754 1646 849 1698 atrox
873 1638 955 1699 iilud
978 1647 1009 1699 et
1031 1638 1162 1700 exitiale
1188 1641 1277 1703 virus

161 1739 370 1800 evomuisset.
397 1737 510 1799 Postea
535 1757 612 1799 vero
635 1757 708 1800 cum
732 1739 852 1799 rabiem
874 1756 968 1800 suam
989 1740 1165 1814 nonnullis,
1182 1749 1218 1803 ut
1233 1743 1276 1804 ita

161 1837 288 1912 dicam,
311 1840 520 1914 aspersisset,
544 1839 653 1900 decem
678 1839 745 1900 iere
770 1840 846 1899 viris
867 1840 927 1900 sibi
948 1842 1095 1914 sociatis,
1119 1841 1277 1921 majorem

161 1938 194 2000 iu
215 1940 401 2016 superbiam
423 1939 528 2000 elatus
543 1948 575 2000 et
591 1939 792 1999 insolentiam
813 1947 845 1999 et
860 1939 1016 2001 audacior
1033 1938 1151 2014 iactus,
1168 1943 1274 2021 palam

159 2039 321 2101 haeresim
343 2058 434 2100 suam
453 2041 681 2102 disseminavit.
701 2040 838 2102 Proinde
853 2059 968 2102 rursus
984 2041 1079 2100 iidem
1096 2043 1275 2124 presbyteri

161 2150 227 2203 tam
251 2144 370 2218 ipsum,
394 2160 491 2219 quam
513 2143 541 2203 ei
563 2142 737 2203 infeliciter
758 2150 947 2220 aggregatos
970 2150 1152 2216 accersunt,
1176 2155 1275 2223 atque

161 2244 283 2324 eisdem
306 2245 345 2304 de
369 2246 464 2305 rebus
486 2245 702 2305 sciscitantur.
728 2243 883 2317 iliacum
915 2261 1012 2321 grege
1042 2262 1103 2305 suo
1135 2245 1273 2308 frontem

161 2345 339 2425 perfricans
355 2347 511 2406 audacter
526 2348 749 2407 contradicere
764 2347 887 2423 coepit:
903 2363 941 2406 oc
956 2345 1044 2425 quid,
1060 2347 1177 2425 inquit,
1194 2346 1275 2408 reali

159 2445 251 2527 saci?
276 2444 378 2510 Unum
403 2445 499 2506 Deum
521 2463 677 2521 veneror,
700 2465 798 2507 ursum
821 2447 916 2518 aooi,·
938 2466 993 2509 aec
1014 2461 1141 2526 praeter
1170 2448 1275 2528 ipsum

159 2549 298 2610 alterurn
319 2556 441 2620 notum,
461 2566 615 2625 possum,
638 2555 666 2608 et
687 2557 857 2608 mortuum.
881 2546 940 2611 Cui
964 2552 1104 2627 opinioni
1127 2561 1272 2613 constan·

162 2655 214 2711 ier
235 2650 414 2710 adhaerens
437 2666 498 2708 una
522 2668 595 2710 curn
611 2649 783 2731 ‚discipulis
803 2652 869 2711 suis
884 2651 923 2709 ab
943 2649 1085 2712 Ecclesia
1102 2652 1276 2728 pellitur.»

245 2750 403 2828 iusuper,
436 2768 518 2828 quos
546 2751 624 2811 citat
654 2753 843 2833 Euonymus
872 2770 933 2812 una
965 2771 1040 2814 cnm
1070 2751 1277 2815 Theodorcto

158 2847 344 2929 Epigonum
366 2858 397 2910 et
420 2849 626 2930 Cleomenem
657 2849 751 2912 Nocti
783 2851 980 2929 discipulos,
1002 2854 1129 2914 eosdem
1160 2855 1274 2930 proba·

159 2952 258 3014 bilius
281 2951 379 3013 inisse
401 2961 492 3029 puto,
516 2951 554 3010 de
576 2944 694 3029 quihus
717 2952 800 3012 idem
825 2950 1024 3030 Epiphanius
1046 2972 1076 3013 n.
1093 2952 1122 3018 1.
1139 2956 1271 3016 scribit:

160 3050 345 3114 «Moritur
366 3051 480 3110 deiude
504 3051 602 3127 paulo
625 3058 696 3128 post
717 3049 866 3124 (Nactus)
889 3073 963 3115 curn
987 3054 1089 3115 tratre
1110 3074 1192 3127 suu,
1218 3072 1273 3116 ne·

157 3171 223 3233 que
246 3161 351 3214 tamen
372 3160 430 3212 aut
453 3151 508 3212 ille
531 3153 599 3227 pari
623 3170 659 3212 ac
683 3149 810 3232 Moyses
833 3152 924 3222 olim,
942 3163 999 3215 aut
1017 3156 1087 3233 ejus
1104 3155 1206 3216 irater
1221 3174 1273 3216 ea·

159 3255 328 3332 dem,qua
347 3250 456 3322 Aaron
479 3251 737 3337 honorificentia,
760 3253 878 3330 sepulti
901 3263 986 3314 sunt.
1002 3251 1168 3333 Tanquam
1191 3257 1275 3317 enirn

157 3353 343 3415 desertores
364 3351 478 3430 abjecti
501 3361 588 3419 sunt,
612 3354 724 3411 neceb
742 3352 812 3412 ullo
828 3354 1067 3416 catholicorum
1082 3355 1274 3430 sepulturae

158 3453 311 3515 mandati.
334 3442 427 3520 Marci
448 3449 539 3517 τῧυτο
557 3443 588 3517 οἱ
605 3449 652 3518 o‘a’
669 3448 764 3520 ἀυτὸυ
780 3460 838 3520 τόν
854 3449 927 3521 edua
944 3453 1125 3556 φθαρέντες,
1142 3450 1276 3557 ἐκράτυ-

156 3577 216 3627 ναν
239 3552 326 3626 τουτὶ
351 3548 387 3623 τὲ
411 3554 533 3646 δόγμα,
558 3550 685 3635 τόυτοις
709 3556 776 3636 abra
798 3557 914 3657 ρήτοις
932 3554 1140 3652 ὁπαχθέντες,
1158 3548 1208 3641 dre
1222 3554 1281 3630 eei

158 3653 177 3730 ἶ
199 3659 302 3731 ἀυτῶν
320 3657 516 3742 διδάσκαλος
535 3661 568 3745 ἐξ
583 3661 705 3759 ἀρχῆς,
730 3666 750 3723 i.
774 3682 802 3725 e.
831 3664 904 3728 Post
926 3667 989 3728 hoc
1011 3670 1149 3744 tempus,
1165 3670 1221 3746 qni
1236 3667 1277 3728 ab

160 3788 200 3832 eo
222 3767 354 3847 (Noetu)
376 3778 479 3829 mente
502 3777 648 3847 corrupti
664 3780 767 3841 eraut,
784 3773 1044 3833 corroborarunt
1059 3772 1141 3832 hanc
1157 3770 1275 3833 doctri·

159 3888 247 3942 uam,
270 3870 389 3930 eisdem
410 3871 540 3931 abducti
565 3872 686 3946 verbis,
710 3872 830 3950 quibus
852 3872 891 3931 ab
913 3873 1004 3933 initio
1027 3870 1135 3932 lucrat
1156 3871 1274 3932 hurum

157 3976 323 4050 magister.
346 3989 363 4027 a
387 3969 476 4033 Hauc
498 3978 740 4034 autem‘notam
763 3974 803 4034 ab
824 3972 999 4054 Hippolyto
1015 3974 1273 4051 praetermissam

160 4073 278 4154 adjecit
299 4070 543 4152 Theodoretus,
567 4074 731 4151 iudicans,
756 4077 816 4155 qui·
833 4075 947 4137 deinde
968 4074 1036 4136 sire
1058 4083 1130 4155 post
1151 4093 1176 4134 s.
1200 4072 1279 4154 Hip-

135 4192 138 4198 ·
163 4175 264 4257 polyti
285 4175 410 4239 obitum
431 4162 671 4252 successerunt,
693 4179 859 4242 noetianos
882 4174 1061 4256 Epigonum
1081 4184 1113 4239 et
1128 4174 1276 4241 Cleoma-
