2886 4784
104 467 211 551 πόλεως
223 460 275 562 μή
290 464 462 562 ἀποδέχου.
481 467 632 560 Κιοὲμοις
647 463 711 562 pap*
734 464 925 563 ἔκληρὸυντο
948 464 1007 549 τὰς
1027 460 1134 568 ἀρχὰς
1149 472 1221 540 κατ’

104 569 221 643 {alnov
248 565 304 642 τὸν
338 571 745 675 repercussionum
772 574 965 636 manducent
992 579 1218 653 magistratum

101 681 190 743 urbis
211 697 252 741 ue
271 697 427 742 assumas.
450 677 544 742 Pabis
566 681 649 742 euim
672 697 711 742 eo
734 688 879 756 tempore
906 681 1128 742 sortiebantur
1149 698 1218 742 ma·

101 779 265 857 gistratns.
289 797 306 835 n
327 777 419 841 Hauc
440 779 586 841 eamdam
606 781 796 842 sententiam
818 796 859 840 ex
883 777 1066 861 Pythagora
1090 777 1219 840 Plutar-

98 879 178 941 chus
197 877 240 940 Dc
257 876 365 940 liberis
380 879 553 942 educandis
568 882 610 941 ita
626 881 833 959 expressiva«
852 876 990 967 Κιάμων
1003 873 1216 972 ἀπέσχεσθαι,

99 965 149 1050 ὅτι
170 977 210 1050 bo
231 979 280 1051 tc:
303 980 538 1051 πολιτέυεσθαι.
563 978 746 1073 dispensat
770 990 833 1086 pap
860 973 945 1065 ἥσσω
975 982 1158 1085 ἔμπράσθεν
1181 979 1219 1053 ἀι

100 1086 313 1178 ψηφοφορίαι,
337 1083 371 1155 δί
393 1088 446 1154 ’ῶν
469 1084 567 1183 πέρας
590 1083 773 1157 ἐπετίθεσαν
796 1089 870 1167 ταῖς
885 1087 1010 1190 cippati,
1038 1093 1058 1152 i.
1082 1109 1112 1151 e.
1141 1089 1223 1151 tabis

102 1193 247 1255 abstine:
270 1195 439 1254 nonenim
462 1203 592 1270 oportet
615 1195 849 1273 rempublicam
873 1197 1112 1257 administrare.
1136 1192 1219 1255 Nam

105 1294 184 1357 olim
210 1293 418 1371 magistratus
440 1310 498 1371 per
516 1291 671 1372 euursgu
696 1292 775 1356 iahia
796 1295 860 1357 lata
883 1295 1089 1357 creabantur.
1112 1315 1129 1352 n
1241 1344 1245 1353 „

182 1393 259 1458 Sive
280 1413 321 1456 ex
345 1392 546 1469 Plutarcho,
569 1403 606 1456 nt
630 1397 779 1472 videtur,
809 1400 878 1459 sive
899 1398 1029 1459 aliunde
1052 1396 1138 1458 huuc
1161 1394 1222 1476 Py·

104 1496 260 1574 thagorae
281 1493 495 1574 aphorismum
528 1495 698 1572 collegerit
720 1495 936 1578 Anonymus,
958 1504 1085 1559 constat
1118 1504 1223 1557 tamen

104 1597 209 1674 ipsum
231 1595 314 1657 dnos
336 1595 523 1674 Philosophi
544 1595 742 1673 aphorismos
756 1597 939 1660 confudisse
947 1616 958 1676 3
978 1615 1078 1659 nuum
1097 1597 1222 1659 scilicet

103 1694 224 1777 osobe's
245 1695 410 1769 obstinato,
426 1698 567 1760 alterum
589 1697 678 1777 sabos
698 1715 736 1758 os
756 1698 958 1773 manducato,
976 1701 1032 1778 qui
1056 1716 1151 1760 seusu
1169 1716 1223 1760 va·

106 1799 200 1861 mant.
224 1796 253 1861 A
273 1797 357 1879 sabis
376 1797 540 1872 abstineto,
561 1799 642 1859 idest
662 1801 693 1858 in
714 1800 871 1861 electione
887 1800 1093 1878 magistratus
1106 1799 1224 1861 suffra·

107 1901 157 1978 gio
178 1910 239 1963 tno
259 1917 299 1961 ue
319 1902 511 1962 convenias:
534 1899 625 1980 sabos
638 1918 677 1961 ns
689 1901 891 1976 manducato,
909 1904 947 1964 ad
976 1903 1143 1965 evitandos
1162 1905 1224 1965 sci·

108 2102 188 2167 ralia
209 2122 239 2166 c.
260 2100 337 2166 Xll.
355 2101 474 2178 «Quin
495 2110 527 2166 et
548 2105 655 2182 prisco
677 2121 752 2176 usn,
775 2106 831 2179 ait,
855 2104 978 2168 labacla
1000 2122 1079 2167 suae
1094 2105 1223 2182 religio·

110 2208 157 2268 ais
177 2206 240 2268 diis
260 2206 291 2266 in
312 2222 406 2268 sacro
427 2213 497 2268 ests
521 2204 712 2284 praevalens
733 2199 930 2283 pulmentari
952 2206 1051 2278 cibo,
1074 2196 1107 2268 e't
1127 2205 1224 2266 bebe-

112 2315 182 2370 tare
200 2323 313 2368 seusus
334 2305 528 2378 existimata,
552 2307 706 2368 insomnia
729 2323 862 2386 qnoque
879 2305 1000 2382 lacere,
1016 2299 1058 2367 o'b
1073 2306 1152 2368 haec
1167 2322 1227 2386 pg-

112 2408 277 2487 tbagorica
299 2407 454 2470 sententia
477 2408 636 2470 damnata.
658 2405 702 2471 Ut
722 2408 776 2469 alii
800 2408 973 2480 tradidere,
993 2409 1146 2486 qnoniam
1168 2406 1222 2469 dc·

112 2507 298 2570 iunctorum
320 2507 445 2568 animae
466 2507 497 2566 in
520 2524 557 2567 aa
581 2507 654 2568 sint.
668 2524 685 2563 n
700 2504 782 2570 Hinc
803 2509 939 2579 cernito,
958 2505 1164 2591 Anonymnm
1188 2525 1225 2569 n·

116 2625 191 2671 num
207 2625 281 2670 cum
302 2606 408 2668 altero
428 2597 667 2670 commiscuisse
688 2605 878 2688 aphorismo,
892 2619 924 2671 ct
941 2607 1126 2688 Philosophi
1151 2626 1225 2689 pra·

116 2725 204 2770 vasae
225 2707 323 2778 dicta,
346 2706 452 2784 inepta
473 2705 632 2768 locutum.

188 2804 257 2870 Nec
279 2823 378 2883 porro
400 2805 579 2882 praeterire
600 2805 677 2867 licet
703 2806 868 2884 quomodo
889 2806 1003 2869 deinde
1034 2805 1223 2889 Anonymns

109 2926 140 2969 n.
153 2905 204 2973 29.
223 2904 381 2967 Valentini
404 2906 568 2968 baeresim
582 2903 784 2988 Pythagoraa
801 2908 1023 2986 philosophiae
1039 2908 1221 2979 conferens,

112 3006 274 3069 dissidium
296 3011 386 3068 notet
403 3006 488 3067 inter
504 3005 735 3068 valentinianos
750 3005 835 3067 circa
862 3022 973 3067 rernm
988 3007 1131 3070 omnium
1147 3023 1223 3068 can·

111 3124 197 3171 sam:
220 3123 318 3186 qnam
340 3105 395 3168 alii
418 3122 527 3180 noavo,
550 3106 645 3167 alteri
667 3105 828 3182 duplicem
859 3114 1027 3168 statuunts
1045 3127 1062 3164 s
1079 3106 1144 3170 Nos
1166 3123 1224 3168 an·

114 3215 187 3282 nm,
210 3209 326 3287 inquit,
349 3207 597 3290 pythagoricum
620 3207 812 3283 principium
829 3207 1058 3279 custodientes,
1074 3206 1160 3285 quod
1176 3216 1225 3268 est

112 3325 211 3372 unum
232 3308 299 3368 sina
322 3307 485 3388 coningio,
508 3308 575 3368 siue
596 3325 691 3379 sexu,
713 3307 839 3385 sibique
854 3303 1027 3378 sufficiens,
1040 3323 1224 3394 'memorau-

113 3417 156 3470 tes
176 3425 262 3487 gnae
283 3409 342 3487 ipsi
364 3409 492 3481 docent,
516 3408 679 3470 dicemus:
697 3405 786 3470 Nihil
809 3408 938 3469 omnino
960 3405 1224 3469 erabaitValen·
1280 3396 1293 3418 ⁹

114 3509 195 3571 tinus
217 3516 278 3570 etc.
301 3526 317 3564 n
342 3506 376 3568 ln
397 3525 460 3583 qna
482 3507 648 3569 locutione
670 3525 744 3569 cnm
766 3526 799 3569 se
821 3527 855 3568 se
874 3507 1017 3587 judicem
1050 3509 1225 3572 constituat

112 3606 312 3691 llnongmns‚
335 3626 373 3670 ac
396 3607 566 3670 Monadem
590 3606 794 3691 Pythagorae
816 3617 985 3686 acceptet,
1008 3609 1109 3670 altera
1133 3627 1226 3688 prae·

114 3709 257 3771 termissa
280 3707 573 3770 valentinianorum
594 3708 768 3786 opinione,
793 3698 979 3786 Philosophi
1004 3708 1165 3771 fautorem
1186 3726 1223 3771 se

112 3807 255 3879 exhibet,
276 3807 459 3871 orthodoxa
483 3808 628 3887 neglecta
651 3808 814 3883 doctriua,
836 3814 868 3870 et
889 3826 1033 3887 congrua
1056 3807 1154 3888 hujus
1175 3824 1228 3872 er·

114 3910 195 3972 roris
218 3907 427 3972 refutatione.
451 3908 511 3972 Sed
534 3911 593 3973 iste
615 3910 739 3972 dicendi
762 3928 831 3972 mos
852 3928 914 3972 non
930 3918 978 3972 est
991 3910 1177 3988 infrequens
1193 3909 1224 3971 iu

116 4008 296 4099 tlnonpmo,
313 4011 371 4090 qni
392 4010 557 4090 opiniones
580 4011 848 4091 pbilosophorum
870 4010 1065 4089 expendens,
1082 4010 1228 4089 quando·

116 4127 176 4187 que
197 4111 287 4174 illins
316 4130 440 4176 morem
467 4115 562 4192 gerit,
588 4114 682 4193 cnjus
712 4112 833 4192 scripta
858 4111 999 4175 discutit.
1032 4111 1167 4190 insuper
1194 4113 1226 4173 in
1330 4101 1334 4108 ’

117 4207 174 4272 hac
187 4229 322 4292 qnoque
341 4213 382 4278 dc
404 4212 625 4279 valentinianis
649 4213 855 4278 discussione.
873 4211 998 4278 hoctor
1019 4212 1057 4275 ad
1080 4213 1225 4276 litteram
