2886 4784
167 481 368 546 Demetrium
390 479 501 541 beatos
523 476 702 558 episcopos,
720 477 834 558 quales
857 480 1049 541 tentationes
1071 480 1271 544 sustinuerint

166 585 206 645 ab
222 588 331 646 insano
346 581 503 659 Origene,
517 597 592 641 cum
608 581 675 658 ipse
690 580 817 642 dissidia
834 579 866 639 in
883 578 1027 642 Ecclesia
1045 589 1170 643 sereret
1184 591 1268 645 ete.»

221 684 341 747 ,Ratio
363 692 472 746 autem
502 682 669 744 dubitandi
696 682 735 743 de
760 683 897 744 istorum
924 683 1068 745 Aetuum
1098 684 1269 748 sinceritate

74 798 91 827 ⁶
166 790 275 851 oritur
295 807 336 849 ex
358 785 552 866 quibusdam
575 785 656 847 notis
680 789 868 862 praesertim
891 785 975 847 eirea
1001 785 1145 860 Arium,
1167 787 1271 873 qluibnt

165 889 392 950 contradicunt
415 885 575 949 Eusebius
597 895 629 947 et
653 884 857 948 Athanasius.
883 886 928 947 lbi
957 887 1041 949 enim
1076 885 1198 950 dieitur
1227 905 1269 950 ao.

164 986 234 1055 285.
258 989 375 1050 obiisse
407 984 555 1050 Theouas
588 987 808 1049 Alexandriae
841 987 1023 1068 episcopus.
1052 987 1150 1067 Apud
1183 987 1272 1052 Euse-

167 1091 255 1153 bium
279 1095 384 1152 tamen
407 1090 437 1149 in
459 1087 621 1153 Chronico
642 1096 787 1162 notatur,
812 1089 873 1150 boe
896 1089 965 1168 ipso
986 1108 1069 1152 anno
1090 1088 1162 1156 285.
1179 1089 1270 1153 Then-

166 1190 559 1262 remunerandorum,
582 1189 636 1250 sed
659 1192 882 1270 episcopatum
903 1194 1109 1271 suscepisse,
1132 1210 1171 1255 ac
1197 1209 1270 1255 mor·

167 1307 261 1359 tcum
283 1311 334 1355 au.
357 1288 428 1362 304.
451 1293 503 1354 cui
525 1293 679 1353 successit
702 1291 839 1366 Petrus,
862 1301 934 1373 post
956 1291 1005 1359 ta.
1029 1312 1131 1355 annos
1164 1301 1271 1376 martp

167 1398 217 1459 rio
238 1402 424 1458 coronatus.
448 1391 621 1454 Praeterea
655 1389 817 1455 Eusebius
846 1393 930 1456 idem
963 1394 1091 1455 dissidia
1126 1401 1271 1457 memoret

166 1500 251 1559 inter
271 1495 444 1574 Origenem
467 1502 499 1556 et
521 1493 737 1569 Demetrium,
753 1512 770 1554 a
787 1496 907 1574 quibus
929 1501 1037 1557 tamen
1058 1496 1208 1558 excludit
1221 1492 1270 1556 Ee·

166 1599 287 1661 raclam
310 1596 505 1675 discipulum
527 1594 676 1674 Origenis
688 1616 700 1675 3
723 1598 775 1659 cui
798 1599 856 1660 iste
878 1597 918 1657 ab
937 1598 1086 1682 Aegypto
1101 1599 1267 1672 discedens,

165 1700 326 1762 commisit
347 1697 435 1760 illius
455 1695 593 1759 Scholae
615 1699 767 1775 regimen.
786 1698 944 1761 Eusebius
960 1707 992 1761 et
1010 1698 1198 1778 Pamphilus
1219 1699 1268 1761 dis·

165 1801 244 1862 sidia
267 1800 397 1879 quidem
423 1807 603 1861 memorant
624 1800 709 1861 inter
731 1799 932 1863 Demetrium
954 1808 986 1862 et
1007 1799 1206 1880 origenem,
1224 1798 1266 1862 sed

41 1985 46 1992 .
167 1904 210 1967 ob
230 1903 310 1965 alias
338 1920 452 1965 causas
480 1919 579 1981 supra
608 1904 743 1975 citatas,
766 1922 829 1967 nou
853 1922 930 1976 vero
955 1904 996 1965 ob
1020 1903 1206 1966 sceleratum
1227 1903 1268 1965 do·

165 2004 317 2080 ormnem,
340 2004 517 2083 allegitur
540 2003 685 2066 indietis
707 2003 806 2066 Actis.

248 2106 384 2185 insuper
405 2106 436 2166 in
459 2104 507 2166 his
529 2103 618 2167 Actis
641 2105 807 2166 inducitur
828 2104 944 2168 Petrus
965 2105 1099 2169 locutus
1122 2106 1162 2169 de
1182 2104 1267 2169 liele

131 2269 142 2295 θ
170 2210 214 2269 tlo
235 2214 267 2269 et
289 2205 488 2276 meletianis,
515 2222 597 2283 quos
618 2222 677 2283 per
698 2205 823 2267 litteras
844 2206 885 2266 ab
908 2205 1052 2268 Ecclesia
1075 2209 1265 2286 segregarit:

168 2329 183 2367 u
207 2306 318 2382 Quare
340 2307 440 2370 Arius
460 2325 535 2369 cum
563 2315 706 2386 gemeret
736 2307 778 2369 ob
811 2309 891 2369 hauc
923 2309 1186 2382 damnationem,
1219 2308 1268 2368 hoe

167 2412 269 2473 solens
291 2409 429 2482 Petrus,
453 2410 557 2488 ipsum
582 2409 696 2471 Arium
719 2413 1024 2474 excommunicavit.
1048 2430 1064 2469 a
1090 2411 1268 2474 Athanasius

172 2531 249 2574 vero
272 2519 347 2575 tnnc
371 2499 480 2573 vivens
503 2510 734 2587 Alexandriae,
751 2512 905 2575 diaconus
923 2513 1102 2577 Alexandri
1119 2514 1217 2595 bajus
1229 2527 1268 2573 ee·

167 2616 283 2676 clasiae
304 2614 459 2693 episcopi,
479 2613 582 2692 inquit
602 2613 643 2674 ab
666 2613 724 2676 hac
747 2614 925 2679 Alexandri
940 2624 1058 2689 aetate,
1076 2617 1264 2684 meletianos,

167 2717 223 2795 quai
244 2725 337 2777 antea
359 2732 433 2779 cum
456 2715 574 2776 arianis
599 2715 751 2776 continno
774 2727 1019 2795 pugnaverant,
1042 2717 1128 2778 iuter
1148 2738 1183 2780 se
1206 2730 1266 2782 tuuc

167 2808 365 2881 convenisse.
383 2814 556 2892 Quomodo
579 2833 657 2894 ergo
680 2819 802 2894 gemuit
818 2819 916 2880 Arius
938 2819 978 2879 ab
999 2828 1106 2882 aetate
1129 2818 1216 2883 Petri
1234 2820 1265 2883 ob

167 2917 292 2982 Melelii
314 2919 565 2996 damnationem,
581 2937 655 2981 cum
671 2938 709 2981 eo
732 2919 800 2997 ipso
825 2929 968 2999 tempore
989 2923 1074 2983 inter
1095 2941 1129 2985 se
1152 2923 1267 2986 disside-

166 3029 239 3084 rent
260 3023 290 3082 in
314 3021 436 3101 proprii
463 3023 586 3082 erroris
611 3020 839 3084 institutione?
863 3022 942 3085 ltem
966 3023 1165 3089 Athanasius
1186 3029 1217 3089 in
1236 3025 1268 3088 A·

167 3122 295 3202 pologia
321 3131 432 3185 contra
457 3123 617 3198 Arianos,
647 3125 689 3185 ait
725 3121 856 3185 Petrum
890 3124 1077 3204 deposuisse
1109 3125 1266 3191 Meletinu

167 3224 385 3302 plurimorum
407 3223 569 3286 scelerum
592 3225 788 3286 convictum.
813 3222 859 3287 De
882 3225 962 3288 ‚Ario
996 3242 1074 3288 vero
1107 3228 1171 3290 hoc
1199 3227 1267 3290 silet.

167 3323 214 3386 Ac
237 3333 405 3404 praeterea
427 3344 453 3388 s.
469 3324 663 3386 Athanasius
686 3343 759 3388 cum
783 3325 925 3388 Eusebio
948 3328 1050 3406 inquit
1066 3327 1185 3393 Arium
1207 3342 1267 3391 con

163 3427 229 3489 suis
251 3427 568 3490 excommunicatum
593 3426 691 3489 luisse
713 3430 853 3506 primum
876 3436 948 3507 post
968 3448 1088 3493 anuum
1110 3428 1182 3495 323.
1205 3444 1267 3494 cum

170 3547 231 3590 uon
265 3529 517 3608 obtemperasset
550 3529 778 3607 episcoporum
811 3530 1061 3602 definitionibus.
1099 3531 1192 3597 Alias
1220 3533 1269 3594 hoe

168 3632 250 3690 idem
274 3631 369 3692 docet
390 3650 414 3689 s.
438 3628 639 3709 Episcopus,
672 3635 750 3710 quin
773 3651 916 3711 unquam
949 3645 1107 3696 memoret
1140 3638 1267 3697 alterum

168 3742 412 3811 praesumptum
444 3733 656 3796 anathematis
686 3732 774 3797 Petri
806 3734 973 3796 decretum
1005 3735 1085 3796 Ario
1116 3737 1223 3800 inllieti
1244 3737 1268 3795 in

171 3835 268 3913 hujus
290 3834 421 3896 secundi
451 3834 738 3896 confirmationem.
761 3834 1028 3900 Circumstantiae
1059 3854 1160 3914 porro
1194 3838 1266 3899 cirea

56 4006 61 4011 ,
168 3935 237 3995 Arii
260 3933 403 3996 fallacias
425 3936 464 3997 ad
489 3932 667 3998 Alexandri
691 3955 752 3997 nnn
778 3954 855 3997 vero
877 3936 915 3996 ad
940 3934 1027 3997 Petri
1049 3957 1170 3999 aevum
1199 3937 1267 4001 rele·

167 4043 289 4094 runtur
308 4035 349 4094 ab
370 4038 481 4098 eodem
506 4038 694 4098 Athanasio.

247 4134 477 4211 Supranmnia
496 4155 593 4215 porro
611 4142 726 4201 horum
747 4138 888 4201 Aetuum
913 4139 1116 4202 falsationem
1140 4144 1268 4221 arguant

167 4236 251 4298 dicta
273 4234 415 4301 Socratis
437 4241 467 4299 in
490 4237 571 4300 Hier,
595 4239 683 4302 Eccl.
710 4239 805 4304 libro
830 4239 853 4303 Ι.
873 4259 901 4303 r.
921 4241 978 4303 ΙΙΙ.
995 4243 1171 4307 exordium
1192 4257 1271 4307 coer·
