2886 4784
1235 304 1279 374 tii·

616 405 754 474 CAPUT
777 406 815 471 X.

161 609 236 676 ltem
258 607 389 674 Sabeltii
409 610 565 672 baereseos
585 611 688 689 aratis
708 613 745 675 ab
767 615 933 692 Anonymo
954 612 1103 678 iueusari
1122 615 1280 695 probatur

194 710 356 794 praefatos
381 709 549 792 Pontifices
571 709 788 792 Zephyrinum
809 723 837 778 et
862 712 1041 778 Callistum.

162 957 213 1081 Si
236 1017 408 1098 bucusque
430 1015 482 1079 rel
505 1016 661 1080 inscitiam
685 1018 735 1079 rel
758 1016 925 1098 pertidiam
949 1018 1107 1104 Anonymi
1125 1019 1278 1100 pateleei·

161 1136 246 1192 rous,
268 1117 397 1198 quoties
419 1118 545 1196 putavit
566 1136 606 1180 ss.
631 1117 837 1183 Pontificibus
859 1120 1061 1197 exprobrare
1084 1121 1279 1184 haereticam

157 1220 339 1281 doctrinam
351 1239 363 1298 ;
387 1236 476 1280 nuno
498 1219 628 1280 veroin
650 1219 799 1280 eumdem
821 1221 921 1298 magis
943 1228 1090 1282 nostrum
1111 1219 1280 1294 invalescit

160 1321 378 1399 propositum,
395 1318 526 1398 quando
542 1320 608 1396 ipse
624 1319 746 1382 delirus
763 1323 793 1379 in
809 1318 1090 1382 exsoandeseentia
1107 1318 1278 1384 Callistum

158 1421 298 1498 corripit
319 1419 517 1482 sabellianae
540 1421 710 1482 haereseos
734 1421 903 1495 rindioem,
926 1421 969 1482 ita
998 1429 1102 1483 tameo
1125 1430 1160 1483 ut
1182 1422 1280 1484 modo

156 1519 331 1594 Theodoti,
355 1520 452 1583 modo
474 1519 583 1593 Nosti,
607 1540 694 1584 unna
715 1521 847 1585 Sabeltii
871 1523 996 1601 placitis
1021 1523 1114 1586 illum
1140 1522 1277 1602 obsequi

158 1621 281 1696 dicens,
305 1640 473 1702 nunquam
494 1622 553 1684 sibi
575 1631 724 1686 constare
742 1623 901 1686 rideatur.
920 1624 975 1685 dit
994 1626 1079 1686 enim
1102 1641 1119 1685 a
1142 1622 1280 1687 Callisto

156 1731 251 1786 antea
273 1720 493 1804 Zephyribum
515 1721 663 1794 illusum,
679 1722 811 1786 Sabellii
827 1725 995 1786 erroribus
1015 1727 1198 1787 accessisse.
1215 1721 1278 1787 De·

159 1822 234 1887 indo
247 1823 358 1887 subdit
371 1821 540 1886 Callistum
558 1835 629 1901 post
644 1821 818 1908 zephyrini
840 1824 965 1888 obitum
983 1821 1157 1887 Sabettium
1174 1833 1281 1904 utpote

158 1940 277 1985 rs-aera
291 1923 352 2001 fide
368 1921 581 1985 abhorrentem
592 1922 774 1986 extrusione.
793 1921 834 1986 Et
849 1925 949 2003 paulo
965 1933 1054 2003 post:
1078 1942 1175 2003 quum
1195 1923 1284 1987 iude·

157 2020 301 2085 siuauter
313 2019 470 2086 Sabellius
483 2041 554 2085 eum
572 2021 775 2102 (Callistum)
798 2023 960 2088 inauraret
973 2034 1126 2105 tanquam
1136 2024 1281 2102 priscam

158 2123 252 2202 fidam
271 2121 442 2194 violasset,
464 2123 546 2186 bana
575 2142 689 2186 aonam
713 2123 864 2187 baeresim
890 2125 948 2187 iste
976 2110 1115 2188 exaudit.
1144 2122 1282 2186 Domum

158 2223 347 2287 concludite
370 2206 440 2286 tu'm
462 2223 687 2304 (Callistum)
710 2225 837 2289 minime
859 2227 957 2306 pudet
980 2227 1071 2288 modo
1095 2225 1132 2290 ia
1152 2221 1283 2290 Sabellii

160 2324 353 2399 doctrinam,
376 2343 464 2388 naua
488 2324 636 2388 Theodoti
655 2325 807 2389 incidere.
844 2343 845 2347 ’

244 2424 294 2488 lla
317 2428 365 2488 bis
387 2429 514 2489 interim
539 2429 708 2507 perspicue
729 2432 860 2491 eruitur
879 2430 977 2509 jama
998 2427 1172 2511 zephyrini
1193 2435 1282 2489 aeta·

162 2535 192 2589 te
213 2528 432 2590 insurrexisse
453 2528 654 2604 sabellium,
677 2531 758 2592 idest
780 2531 820 2591 ab
841 2532 930 2592 initio
951 2531 1053 2593 seculi
1078 2528 1135 2591 lll.
1162 2530 1224 2591 rita
1247 2537 1282 2592 et

161 2626 290 2706 iugenio
310 2645 372 2688 suo
394 2630 437 2689 ita
460 2626 584 2690 Romae
603 2633 798 2709 praestitisse
822 2641 857 2694 ut
878 2630 989 2710 plures
1005 2631 1139 2692 doceret
1153 2648 1190 2692 ao
1204 2629 1281 2692 illu·

162 2728 276 2802 doret,
299 2728 401 2791 donea
430 2746 447 2789 a
474 2729 609 2794 Callisto
631 2734 931 2794 excommunicatus
952 2739 1011 2794 est.
1035 2730 1078 2793 Et
1099 2732 1179 2793 baeo
1205 2730 1283 2795 dioit

163 2829 363 2912 anonymos.
390 2829 539 2892 Attamen
562 2832 634 2894 bine
650 2833 723 2894 inde
739 2833 910 2911 diligenter
926 2832 1111 2910 perquisitis
1127 2832 1215 2893 illius
1228 2848 1282 2893 ae·

163 2932 235 2993 totis
258 2931 471 3005 documentis,
497 2931 577 2994 falso
601 2932 629 2991 id
654 2934 751 2994 asseri
774 2935 985 3010 comperitur.
1011 2931 1078 2994 Nec
1100 2934 1183 2994 enim
1204 2929 1280 2993 Ori·

166 3048 275 3109 genes,
299 3050 357 3094 uec
379 3029 588 3115 Hippolytus,
612 3051 670 3095 uec
691 3031 914 3095 Tertullianus
937 3018 967 3094 in
992 3031 1091 3096 Libro
1118 3032 1162 3094 De
1183 3031 1281 3097 Prae-

161 3130 382 3211 seriptionibas
403 3134 556 3195 adversus
570 3133 750 3207 baereticae,
768 3134 899 3196 Sabellii
915 3152 1029 3195 nomen
1047 3151 1106 3195 neo
1120 3135 1280 3195 baeresim

162 3242 386 3295 memorarunt
395 3255 407 3312 3
430 3252 489 3296 uee
511 3235 565 3295 alii
587 3236 626 3296 ad
649 3236 776 3297 initium
798 3235 899 3296 seculi
923 3232 981 3294 ΙΙΙ.
1009 3234 1154 3294 retulero
1180 3233 1280 3312 bajus

162 3331 332 3395 haereseos
346 3341 468 3394 ortum.
493 3332 553 3394 Sed
575 3342 687 3397 eontra
710 3342 848 3397 testatur
869 3353 894 3396 s.
920 3330 1120 3411 Epiphanius
1143 3330 1280 3397 Haeresi

162 3429 608 3512 du.n.t.inqurens:«1t0n
631 3437 740 3497 multis
762 3436 802 3497 ab
824 3436 898 3496 biae
921 3434 1010 3495 aunis
1031 3430 1192 3496 Sabellius
1208 3433 1280 3512 qui·
1358 3470 1361 3474 ›

162 3529 235 3594 dam
258 3534 441 3597 haereticus
457 3536 601 3608 emersit,
624 3539 745 3615 quippe
767 3553 879 3598 recens
894 3534 951 3597 ille
965 3543 1026 3609 est,
1050 3552 1067 3596 a
1090 3553 1156 3614 quo
1177 3534 1282 3596 sabel·
1312 3578 1316 3583 -

162 3631 238 3695 linui
255 3634 392 3712 proiecti
414 3646 501 3697 sunt.
525 3633 589 3710 Qui
607 3638 750 3715 quidem,
774 3639 885 3716 paucis
907 3637 1100 3716 quibusdam
1122 3637 1279 3712 exeeptis,

163 3731 372 3795 eademnam
402 3734 557 3794 noetianis
583 3737 732 3796 asseruit.
761 3736 869 3812 Atque
893 3735 992 3815 buius
1015 3742 1121 3796 sectae
1148 3734 1281 3812 plurimi

161 3850 235 3897 anm
254 3835 285 3894 in
301 3832 548 3914 Mesopotamia,
568 3841 636 3897 turn
652 3833 775 3898 Romae
792 3845 975 3910 versantur,
994 3837 1118 3912 vesania
1136 3833 1279 3912 quadam

163 3934 289 4012 perciti.
312 3933 441 3996 Horum
464 3937 543 3998 boen
564 3936 673 4014 opinio
696 3944 755 4010 est,
779 3937 928 4000 eumdem
951 3955 1019 4000 esse
1036 3935 1164 3998 Patrem
1181 3941 1213 3996 et
1229 3932 1282 3994 Fi·

164 4033 245 4097 lium
268 4044 302 4098 et
322 4035 479 4117 Spiritum
501 4035 681 4112 Sanctum,
706 4044 741 4099 ut
761 4040 800 4100 ad
823 4039 969 4101 eamdem
992 4038 1189 4120 hypostasim
1216 4047 1281 4098 tres

158 4137 395 4216 appellationes
418 4139 619 4202 conveniant.
643 4158 659 4196 u
685 4137 750 4201 lam
781 4141 1004 4219 praemisimus
1026 4158 1067 4202 ex
1090 4141 1188 4220 ipsius
1213 4137 1279 4217 epi-

1064 4240 1085 4306 l
