2886 4784
157 438 243 490 nem,
266 418 411 498 magistri
434 423 674 497 propugnantes
696 432 837 479 errores.
856 415 1008 492 Quorum
1029 411 1160 477 nomina
1182 414 1274 478 nenti

158 528 191 583 et
211 517 335 583 Callisti
358 519 417 582 etsi
438 518 568 580 siluerit
587 535 614 579 s.
640 515 838 595 Epiphanius
852 534 864 593 3
896 524 1002 577 tamen
1027 531 1103 578 enm
1132 515 1180 578 ait
1206 521 1276 594 post

159 618 255 682 Noeti
270 628 408 682 aetatem
424 618 535 692 luisse,
553 620 610 699 qni
624 619 706 678 hano
721 618 880 678 haeresim
897 616 1170 689 corroborarunt,
1187 614 1273 678 hautl

160 720 323 784 immerito
345 721 440 783 iidem
465 721 562 783 inisse
584 728 771 799 putantur,
794 735 875 797 quos
897 718 1025 780 nomine
1047 726 1143 780 vocat
1172 714 1275 782 laea·

160 825 308 895 (torcios,
330 832 363 884 et
384 840 466 901 quos
487 822 532 883 ait
553 819 650 883 Noeti
672 821 829 896 impietati
851 820 913 880 alia
937 819 1091 900 adjecisse
1114 819 1225 896 impia.

238 924 440 1003 Comparatis
463 927 562 1001 igitur
585 922 633 983 his
654 939 679 983 s.
704 919 873 998 Epiphanii
895 922 986 984 ‹lietis
1007 920 1048 982 de
1069 917 1168 983 Nosti
1202 922 1276 984 hae·

162 1028 224 1089 rasi
246 1045 284 1090 ac
298 1029 336 1088 de
354 1027 496 1089 versutia
518 1025 549 1086 in
572 1026 839 1105 presbyterorum
862 1029 1025 1086 conventu
1046 1027 1187 1096 ostensa,
1202 1038 1276 1084 eunt

161 1131 198 1190 iis
219 1147 303 1206 noae
326 1128 516 1206 Anonymus
537 1126 651 1187 scribit
672 1124 711 1184 de
733 1122 880 1198 Callisto,
905 1123 1021 1185 merito
1043 1120 1220 1200 conjicitur
1234 1119 1276 1184 A·

162 1247 352 1312 nonyrnum,
375 1247 417 1290 ax
440 1226 620 1307 Epiphanio
643 1227 812 1299 traductis,
836 1243 920 1306 quae
939 1225 1016 1306 iure
1037 1222 1145 1287 Noeto
1167 1223 1277 1285 inscri-

161 1331 309 1405 buntur,
333 1330 363 1391 in
385 1330 509 1392 Callisti
534 1345 705 1408 personam
734 1329 959 1391 transtulisses
982 1344 1000 1388 a
1022 1325 1142 1407 quibus
1171 1332 1275 1388 tamen

161 1433 336 1493 immonem
361 1430 520 1510 probatur
541 1430 640 1493 luisse
656 1428 865 1492 Pontificem:
890 1429 985 1509 cujus
1001 1427 1096 1490 fidem
1117 1428 1275 1490 sinceram

162 1535 258 1595 etiam
283 1530 479 1613 Hippolytus
500 1533 672 1611 episeopus
692 1531 820 1594 silentio
842 1530 984 1592 firmarit
997 1533 1029 1593 in
1044 1527 1143 1592 Libro
1160 1527 1284 1603 Horra,

162 1651 243 1694 sam.
266 1631 479 1715 Hippolytum
497 1635 581 1708 dico,
598 1650 696 1711 quem
713 1631 810 1711 hujus
825 1631 941 1694 Libelli
956 1639 1125 1694 auctorent
1140 1629 1276 1694 nonnul·

163 1734 187 1792 li
209 1735 372 1795 immerito
393 1742 427 1795 et
451 1733 607 1813 injuriose
640 1734 833 1795 existimant.
857 1731 993 1796 Sanetus
1019 1735 1103 1794 enim
1136 1731 1276 1794 Antiates

162 1834 307 1913 ejusdem
329 1853 367 1897 ac
387 1832 483 1900 Noeti
505 1837 630 1910 aetatis,
655 1836 736 1896 hanc
754 1836 912 1897 haeresim
929 1835 1133 1909 memoravit,
1149 1833 1273 1896 sedulo·

162 1954 227 2014 que
251 1936 418 2012 refutavit,
440 1937 716 2015 quemadmodum
739 1937 893 1998 deludes.
911 1935 1112 2016 Epiphanius
1130 1937 1274 2014 perfecit.

164 2035 315 2099 Attamen
337 2056 395 2100 trec
417 2039 487 2111 iste,
512 2056 570 2099 nec
592 2038 647 2098 ille
669 2038 774 2100 multo
796 2039 913 2112 miuus,
938 2038 990 2112 (el
1012 2056 1086 2100 sane
1109 2050 1185 2100 enm
1205 2036 1278 2100 Ori·

162 2156 242 2217 geue
264 2148 359 2202 testes
380 2139 491 2201 fideles
514 2140 680 2201 doctrinae
702 2158 742 2203 ss.
764 2139 953 2202 Pontificum
970 2138 1144 2222 zephyrini
1160 2146 1194 2202 et
1209 2138 1278 2205 Cal·

87 2240 89 2245 “
165 2239 440 2314 listiinoetianae
462 2240 633 2301 haereseos
655 2241 712 2301 hos
734 2241 908 2318 culparent
925 2248 1077 2320 patronos
1085 2259 1097 2317 3
1120 2257 1181 2302 nec
1201 2240 1277 2303 alte·

164 2341 231 2402 rius
253 2358 356 2402 norae
379 2341 563 2414 haereseos,
580 2342 627 2402 uti
652 2342 721 2402 vult
745 2341 945 2424 hnanymus,
969 2342 1189 2404 institutorem
1212 2359 1276 2405 nte·

166 2448 337 2500 morarunt
359 2438 540 2503 Callistum.

241 2538 428 2602 Natttmole
451 2557 550 2618 porro
568 2539 697 2602 videtur
720 2542 824 2617 (sicuti
848 2543 970 2620 placuit
992 2543 1166 2618 nonnullis)
1182 2560 1270 2621 sper·

162 2639 263 2701 nenda
295 2641 471 2716 praecitato
500 2641 730 2718 chronologiae
759 2650 835 2702 nota
859 2643 1066 2703 insertans.
1092 2641 1272 2722 Epiphanio

163 2740 202 2800 tie
224 2741 391 2801 noetiana'e
414 2741 583 2803 haereseos
605 2744 756 2814 exordio,
778 2760 837 2803 nee
857 2743 897 2803 de
918 2742 988 2822 ejus
1010 2743 1174 2821 ambigere
1195 2743 1271 2805 inte·

163 2841 290 2917 gritate.
315 2840 345 2903 S.
372 2842 456 2902 enirn
480 2837 602 2902 Ductor
624 2842 699 2903 alibi
721 2842 849 2902 easdem
873 2844 988 2903 aetatis
1013 2850 1103 2903 notas
1133 2842 1274 2918 descrip-

163 2941 205 3002 sit
226 2952 330 3001 certas
353 2944 563 3015 calocerus,
587 2943 861 3021 quemadmodum
884 2944 912 3004 ei
937 2952 1045 3005 vetera
1070 2953 1273 3006 monumenta

165 3027 422 3119 suppeditabant.
445 3041 560 3121 Neque
582 3043 713 3119 insuper
739 3053 849 3105 contra
882 3045 943 3105 hoc
972 3049 1087 3122 urget,
1115 3043 1204 3123 quod
1234 3043 1278 3104 tli-

163 3148 251 3203 ctum
273 3150 321 3202 est
343 3143 382 3203 de
402 3162 428 3204 s.
453 3142 656 3222 Hippolyt03
679 3146 735 3223 qni
758 3145 844 3206 circa
868 3144 950 3205 istud
976 3152 1101 3223 tempus
1124 3145 1206 3206 idest
1220 3158 1275 3205 an·

49 3251 53 3256 ’
163 3258 240 3304 num
261 3240 475 3320 biberimus,
498 3245 530 3304 iu
552 3244 612 3304 bac
634 3245 831 3306 discussione
853 3246 892 3306 de
913 3242 1019 3307 Noeto
1042 3246 1280 3309 consummarit

160 3341 251 3423 Opus
272 3362 368 3406 snum
391 3346 548 3406 adversus
572 3349 731 3406 haereses.
756 3344 788 3406 S.
813 3344 1010 3428 Hippolytus
1038 3365 1114 3409 eom
1138 3344 1279 3426 Origene

162 3445 308 3507 eamdem
330 3445 466 3523 degebat
487 3454 649 3519 aetatem,
673 3456 816 3525 utroque
838 3448 868 3507 in
891 3466 998 3510 sacras
1020 3447 1208 3525 Scripturas
1229 3464 1278 3510 aa·

163 3545 274 3607 tiniam
297 3553 433 3606 cavante
454 3564 587 3624 operam
609 3548 694 3610 eirca
718 3549 885 3611 dimidium
908 3550 1009 3611 seculi
1035 3548 1091 3610 ΙΙΙ.
1116 3548 1163 3611 lle
1178 3568 1218 3612 eo
1234 3550 1279 3610 iu·

163 3663 262 3724 qnam
287 3643 463 3728 Hippolyto
485 3646 579 3726 cujus
605 3649 724 3724 scripta
760 3650 927 3726 praeclara
950 3651 1081 3726 reperit
1119 3651 1281 3712 Eusebius

163 3746 213 3820 lut
236 3753 373 3807 testatur
394 3746 424 3806 in
446 3745 545 3809 Libro
562 3745 617 3811 Vl.
634 3747 718 3812 Hist.
737 3748 854 3811 Erotes.
872 3769 900 3810 e.
916 3748 1015 3825 xlv.)
1032 3752 1062 3811 in
1077 3749 1282 3814 Bibliotheca

163 3843 469 3928 Hierosolymorum
483 3868 493 3925 3
516 3857 545 3910 et
569 3869 665 3928 quem
689 3851 761 3911 ideo
775 3849 959 3913 Historicos
974 3852 1092 3913 indicat
1106 3852 1281 3932 cujusdam

164 3946 194 4007 in
221 3946 339 4007 Arabia
362 3948 517 4012 ecclesiae
543 3950 640 4013 luisse
668 3953 877 4032 episcopum3
909 3970 966 4014 nec
989 3953 1060 4014 ideo
1084 3955 1284 4027 diaconum,

161 4063 219 4107 nec
244 4046 344 4109 ullius
376 4050 545 4115 haereseos
578 4051 794 4130 magistrum,
828 4070 933 4132 neque
966 4053 1066 4117 ullius
1097 4053 1285 4117 schismatis

164 4156 348 4212 auctorem.
