2886 4784
1249 321 1268 388 1

624 421 762 489 CAPUT
785 423 809 486 l.

152 625 301 700 Herium,
318 627 464 692 ,lustinus
486 640 619 708 martyr,
634 631 863 712 Athenoporos,
881 631 1075 694 Ptolomaeus
1091 648 1131 691 eu
1146 649 1171 690 s.
1194 628 1268 707 Epi-

230 730 365 811 phouio,
392 730 590 811 Theophilus,
616 729 753 794 Clemens
773 733 1018 796 oieuoudriuue.

161 981 325 1105 Hermas
347 1044 397 1105 vir
417 1042 613 1120 apostolicus
635 1041 666 1102 in
689 1036 785 1100 Libro
803 1035 842 1101 ΙΙ.
867 1039 1017 1100 meudoto
1034 1038 1087 1101 tv.
1109 1037 1151 1101 De
1165 1038 1272 1101 dimit·

159 1144 254 1206 teudo
274 1144 434 1218 adultero,
455 1143 585 1205 scribite
609 1161 625 1199 n
647 1139 781 1201 Domine
803 1141 952 1216 permitto
975 1158 1025 1201 me
1047 1157 1149 1218 pauca
1173 1141 1271 1202 verita

160 1256 268 1308 tecum
290 1245 394 1324 loqui.
429 1242 507 1316 Dic,
530 1242 656 1321 iuquit:
680 1251 712 1302 et
732 1241 798 1302 dixi
821 1239 889 1302 illi:
916 1238 1071 1315 Domine,
1095 1243 1195 1319 siquis
1217 1242 1273 1303 ha·

161 1346 272 1408 buerit
292 1363 430 1407 uxorem
455 1343 582 1405 fidelem
605 1342 636 1402 in
652 1337 800 1414 Domino,
816 1349 849 1401 ct
864 1339 945 1401 hunc
961 1342 1118 1403 invenerit
1132 1343 1164 1403 in
1179 1341 1273 1404 adul·

162 1448 269 1522 terto,
292 1442 436 1522 nunquid
458 1447 569 1522 peccat
592 1442 664 1514 vir,
685 1442 711 1503 si
734 1440 875 1502 convivit
905 1459 980 1504 cum
1013 1440 1100 1504 tttaf?
1126 1448 1159 1504 et
1189 1441 1273 1504 dixit

162 1544 263 1605 mihi:
287 1542 442 1622 quamdiu
465 1542 563 1606 nescit
585 1550 753 1619 peccatum
775 1539 868 1620 ojus,
898 1543 965 1603 sine
997 1541 1130 1604 crimine
1151 1550 1200 1604 est
1222 1541 1273 1604 vir

164 1645 275 1706 vivens
297 1663 371 1706 cum
394 1660 442 1705 ee.
465 1641 498 1705 Si
519 1652 627 1704 autern
660 1642 792 1705 sciverit
813 1642 885 1716 vir,
909 1659 1046 1704 uxorem
1075 1660 1167 1705 snam
1197 1642 1277 1705 deli·

160 1743 291 1823 quisse,
314 1752 346 1806 et
367 1761 429 1805 non
450 1743 552 1821 egerit
580 1742 806 1822 poenitentiam
830 1741 968 1820 mulier;
991 1748 1024 1803 et
1049 1751 1215 1822 permanet
1243 1745 1275 1806 in

161 1842 374 1906 fornicatione
395 1861 467 1918 sua,
491 1850 523 1904 et
546 1843 688 1903 convivit
710 1859 785 1903 cum
807 1841 862 1902 illa
887 1843 949 1916 vir,
968 1859 1043 1904 reus
1065 1843 1129 1905 erit
1149 1845 1275 1921 peccati

161 1943 264 2018 illius,
287 1952 320 2006 et
341 1946 501 2024 particeps
523 1942 752 2005 moechationis
773 1942 855 2023 ejus.
879 1940 922 2004 Et
942 1942 1009 2004 dixi
1031 1942 1102 2004 illi:
1125 1942 1202 2022 quid
1225 1961 1278 2006 er·

162 2046 250 2124 gnei
275 2045 486 2125 permanserit
508 2045 539 2106 in
563 2045 640 2108 vitio
663 2062 722 2106 suo
753 2041 899 2106 vnulier'?
930 2041 971 2104 Et
1001 2043 1102 2105 dixit:
1136 2044 1276 2106 dimittat

163 2146 254 2209 illam
278 2147 327 2208 vir
338 2166 350 2225 3
373 2152 405 2208 ei
423 2147 474 2208 vin
495 2164 553 2225 per
574 2164 608 2208 se
631 2153 767 2207 maneat.
783 2142 877 2217 Quod
893 2146 918 2204 si
934 2144 1091 2206 dimiserit
1105 2143 1276 2207 mulierem

161 2265 267 2321 suam,
284 2257 317 2311 et
338 2250 434 2309 aliam
457 2248 603 2321 duxerit,
621 2255 654 2309 ut
674 2248 741 2323 ipse
764 2245 956 2306 moechatur
978 2254 1042 2307 etc.
1059 2264 1076 2302 n
1093 2243 1164 2323 lpse
1178 2264 1279 2323 quae-

161 2352 275 2415 stionis
299 2351 413 2413 titulus
434 2356 468 2413 et
490 2349 644 2412 discussio
667 2349 707 2410 ah
731 2346 850 2408 Herma
876 2357 988 2409 macta
1015 2346 1176 2426 conjicere
1206 2348 1281 2409 sinit

165 2450 254 2512 huuc
281 2468 343 2512 non
376 2451 491 2528 legisse
519 2451 551 2510 in
574 2468 603 2509 v.
625 2446 654 2514 9.
678 2468 706 2511 c.
732 2446 817 2510 xlx.
848 2447 944 2526 juxta
971 2446 1136 2524 vulgatam
1162 2447 1276 2522 lectio·

161 2565 255 2610 nom:
278 2547 336 2628 poi
356 2546 511 2610 diruiserit
532 2566 662 2610 uxorem
693 2565 784 2610 suom
815 2544 882 2607 uisi
902 2545 938 2605 oh
959 2544 1229 2624 fornicationem,
1251 2552 1280 2606 et

164 2645 266 2708 olium
287 2645 433 2721 ducerit,
451 2647 632 2710 moechatur
654 2657 715 2710 etc.
1283 2702 1285 2706 ,

245 2745 393 2809 lustinus
415 2755 540 2829 martyr
573 2748 603 2806 in
627 2746 785 2826 Apologia
811 2745 833 2808 Ι.
858 2764 887 2808 u.
910 2744 961 2811 15.
984 2756 1095 2808 contra
1131 2764 1282 2810 romano·

160 2865 237 2910 rum
258 2848 424 2920 instituta,
448 2849 550 2925 inquit
572 2857 758 2922 peccatores
781 2848 915 2923 haberi,
939 2847 995 2925 qui
1018 2847 1138 2924 duplex
1164 2848 1277 2909 ineunt

164 2950 421 3021 matrimonium,
445 2949 537 3020 idest,
560 2949 686 3012 vivente
708 2966 825 3024 uxore,
841 2948 938 3010 aliam
959 2947 1083 3012 ducunt
1098 2969 1106 3008 ε
1124 2946 1181 3027 qui
1195 2947 1284 3011 ducit

160 3049 365 3126 repudiatam
385 3049 424 3108 oh
444 3047 543 3109 eltero
565 3046 646 3121 uiro,
668 3047 860 3109 moechetur.

160 3196 166 3215 ..
246 3146 469 3225 Athenagoras
485 3145 526 3208 lve
547 3146 715 3227 Lepotioue
732 3166 793 3225 pro
818 3145 1024 3222 Christianis,
1042 3168 1083 3212 ex
1100 3149 1281 3230 Evangelio

162 3249 205 3311 de
230 3250 350 3326 nuptiis
372 3249 452 3310 haec
475 3250 582 3325 posuit
604 3249 724 3310 verba:
748 3247 935 3330 quicumque
965 3249 1122 3313 dimiserit
1151 3271 1283 3316 umorem

160 3367 269 3419 suom,
283 3355 311 3408 et
332 3345 433 3408 olium
453 3345 593 3419 duxerit,
610 3347 804 3421 moechatur,
821 3350 924 3428 iuquit
945 3350 1115 3431 christum
1132 3370 1190 3415 nec
1212 3371 1284 3416 eam

163 3449 283 3516 dimitti
304 3449 433 3522 sinens,
455 3450 550 3527 cujus
574 3438 875 3528 virginitati'finem
907 3454 979 3531 quis
1011 3454 1186 3531 imposuit,
1220 3472 1281 3518 uec

162 3549 262 3613 aliam
285 3551 416 3628 iusuper
437 3550 524 3613 duci.
547 3570 563 3609 n

245 3650 451 3713 Ptolomaeus
474 3652 658 3716 haereticus
680 3655 764 3734 opud
786 3654 1049 3735 aepiphaniam
1073 3657 1208 3724 Haeresi
1229 3658 1280 3725 33.

165 3769 198 3814 u.
221 3745 252 3814 lt.
274 3750 313 3812 de
336 3753 475 3813 mosaica
497 3753 699 3830 legislatione
721 3755 892 3833 disserens,
918 3756 1077 3820 trifariam
1101 3759 1182 3822 hauc
1204 3761 1284 3822 divi·

163 3851 235 3914 dit:
258 3850 354 3931 cujus
374 3852 455 3914 duas
481 3860 589 3930 partes
619 3853 726 3938 Moysi
747 3866 779 3918 et
799 3857 980 3920 senioribus
1012 3861 1123 3938 populi
1159 3868 1284 3924 tantum

166 3952 297 4025 tribuit,
315 3957 442 4016 tertiam
467 3974 544 4018 vero
568 3955 649 4019 tteo.
675 3954 709 4016 ln
731 3957 781 4028 iis,
798 3974 879 4034 quas
901 3955 1030 4040 Moyses
1054 3959 1176 4039 populo
1196 3959 1285 4023 dedit

159 4053 251 4133 leges
272 4052 339 4115 siue
361 4051 419 4117 liei
451 4056 662 4130 interventu,
697 4064 847 4119 numerat
868 4055 972 4134 legem
996 4059 1035 4119 de
1059 4059 1218 4138 repudio;
1242 4078 1281 4123 ac

163 4154 241 4220 ideo
263 4153 406 4235 appellat
427 4155 466 4219 ad
490 4174 518 4220 e.
543 4153 630 4220 xlx.
654 4153 833 4234 Matthaei,
859 4157 912 4221 ubi
935 4155 1083 4224 Christus
1104 4161 1171 4223 uit:
1196 4160 1284 4240 Mop-

1083 4260 1123 4327 25
