2886 4784
1216 358 1277 432 tos

162 464 230 529 siae
244 465 275 527 in
290 463 455 528 nonnullis
477 462 679 543 deliquisset,
697 464 814 526 undoa
832 461 997 526 Demetrio
1016 463 1093 543 iuro
1107 464 1277 533 Ecclesiae

161 566 389 630 communione
410 568 599 644 privaretur
619 583 657 627 ac
677 567 873 642 sacerdotio,
897 584 960 630 uon
982 566 1137 642 dixisset,
1161 565 1276 633 Deme·

162 668 262 730 imum
285 669 451 730 inimicum
472 683 569 729 sunm
592 684 650 743 per
670 684 865 729 uocas-suas
886 667 1012 731 litteras
1027 666 1204 748 Evangelio
1219 670 1279 733 ho·

159 771 264 845 utiles,
278 770 456 832 concitasse
470 769 630 832 adversus
647 789 683 833 se
703 777 838 833 cunctos
855 769 992 853 Aegypti
1010 781 1131 834 uentos.
1147 769 1216 835 Nec
1229 772 1276 833 in·

158 888 260 948 snper
290 887 457 949 unquam,
487 870 545 931 etsi
576 870 707 932 obiisset
733 868 939 945 Demetrius,
966 873 1187 950 quievissent,
1216 873 1274 950 qui

159 972 227 1036 suis
248 971 444 1032 obsisterent
464 970 645 1034 erroribus.
663 969 865 1050 Huiusmodi
880 971 1030 1051 Origenis
1052 973 1195 1035 elocutio
1210 981 1275 1036 tam

158 1072 315 1136 alacriter
336 1081 368 1135 et
389 1048 527 1133 fidenier
548 1085 660 1134 coram
689 1069 757 1134 [ico
778 1079 915 1148 exacta,
937 1073 1032 1136 sicuti
1053 1073 1136 1134 aliae
1169 1082 1275 1153 prote·

159 1174 337 1248 stationes,
368 1174 486 1254 quibus
516 1172 620 1237 Deum
643 1182 738 1236 vocat
765 1174 940 1238 uerborum
968 1192 1105 1238 snorum
1137 1184 1273 1252 testem,

160 1275 285 1340 nullius
313 1275 430 1354 culpae
459 1293 553 1337 reum
583 1293 658 1337 enm
687 1274 786 1338 luisse
813 1274 986 1338 ostendunt
1010 1278 1042 1339 in
1064 1276 1162 1340 divini
1185 1276 1274 1340 rerhi

158 1376 399 1461 praedicatione
419 1374 597 1439 seeundum
619 1377 835 1455 apostolicum
857 1376 1055 1439 mandatnm.

240 1477 377 1557 iusuper
397 1496 439 1539 ox
462 1477 509 1539 his
531 1475 770 1540 recensionibus
793 1485 858 1540 tam
880 1478 910 1539 in
933 1475 1093 1557 Pamphili
1108 1479 1272 1559 Apoloqc·

159 1583 261 1646 lionm
285 1587 348 1644 tam
369 1580 401 1640 in
421 1579 523 1641 libros
544 1578 689 1659 ejusdem
710 1578 859 1658 Origenis
880 1586 913 1641 et
934 1579 1074 1642 aliorum
1092 1582 1273 1645 testimonia
1312 1577 1315 1582 ’

156 1682 304 1758 exactis,
326 1682 469 1744 alterum
489 1680 654 1743 refellitur
675 1687 856 1759 apostasiae
879 1682 1017 1754 crimen,
1042 1683 1073 1743 in
1095 1682 1182 1762 quod
1204 1684 1274 1762 lap·

157 1803 212 1850 sno
234 1791 269 1848 ct
290 1784 435 1864 perditus
456 1783 576 1846 dicitur
598 1789 732 1861 propter
755 1783 817 1844 vim
851 1790 1088 1846 tormentorum
1111 1786 1142 1846 in
1165 1803 1274 1864 persc-

157 1887 289 1952 nutiono
310 1882 410 1947 Decii.
436 1882 501 1959 Qui
522 1885 620 1959 enim,
644 1891 723 1946 teste
747 1883 928 1963 Pamphilo,
948 1885 980 1946 in
1001 1885 1113 1948 multis
1133 1886 1273 1950 haereti·

157 2004 233 2053 cnm
256 1986 433 2066 onlpnrnnl
452 1984 650 2066 Origenem,
674 2002 737 2047 non
759 1984 936 2048 defuissent
958 1985 1019 2048 hoo
1042 1989 1220 2050 maximnm
1242 1989 1273 2051 ci

156 2089 327 2166 increpare
348 2086 514 2173 delictum.
539 2085 694 2164 Alioquin
716 2086 798 2149 hanc
820 2086 971 2149 labellum
990 2089 1207 2166 praecunctis
1222 2107 1274 2152 re·

159 2187 281 2254 inurit
297 2185 479 2271 Dionysius
507 2187 738 2250 alexandrinus
770 2205 830 2265 per
858 2188 1027 2268 epistolam
1055 2189 1093 2251 ad
1123 2190 1273 2253 eumdem

156 2292 311 2372 scriplum
331 2289 376 2352 De
396 2287 562 2369 martyrio,
579 2308 654 2353 eum
677 2291 801 2352 solatus
822 2289 864 2352 ob
886 2307 937 2366 ea,
959 2309 1044 2371 quae
1057 2301 1176 2372 'passus
1198 2297 1271 2355 eret

157 2392 267 2457 inille
291 2394 529 2472 persecutione,
553 2400 585 2454 et
607 2410 666 2472 per
686 2391 842 2471 elogium,
859 2410 925 2470 quo
948 2411 1022 2456 eum
1045 2401 1271 2472 postmortem

156 2503 352 2579 prosecutus
374 2500 431 2558 esi.
455 2493 503 2557 ho
524 2495 665 2575 amplius
686 2494 769 2557 hanc
791 2494 928 2558 destruit
948 2493 1119 2576 Theophili
1142 2503 1175 2558 et
1196 2493 1272 2558 Ilie-

156 2596 286 2681 ronymi
306 2595 496 2674 silentium3
517 2595 604 2674 qnod
626 2597 658 2658 in
680 2595 740 2658 hac
762 2598 950 2675 quaestione
972 2599 1165 2660 satissimum
1189 2603 1247 2659 est.

236 2694 281 2760 Et
300 2715 377 2760 sane
400 2693 571 2775 Theophili
593 2705 625 2760 et
646 2683 843 2782 Hieronymi¹
866 2699 1030 2763 silentium
1057 2699 1098 2762 de
1124 2698 1279 2780 Origenis,

155 2805 319 2879 apostasia
341 2799 426 2862 inter
446 2801 636 2875 eruciatus,
659 2806 797 2878 atquae
827 2800 905 2863 huic
933 2807 1160 2862 successerunt
1185 2817 1273 2864 com·
1381 2872 1383 2876 Α

156 2901 409 2976 monteserico
430 2916 448 2962 a
472 2901 636 2963 maledicis
657 2899 839 2973 elaborata,
861 2917 899 2963 ac
919 2900 1018 2962 simul
1040 2909 1188 2984 veterum
1214 2898 1275 2962 Pn-

156 3011 246 3065 trnm
270 3002 400 3065 traditio
426 3019 487 3079 pro
507 3001 596 3064 illius
617 3002 829 3074 orthodoxia,
852 2999 990 3079 ejusque
1013 3001 1183 3074 vindiciae,
1202 3001 1275 3081 qui·

154 3104 215 3168 lrns
240 3120 345 3182 pers.
371 3101 576 3181 Pamphilum
610 3103 823 3181 triumpharit
856 3119 935 3165 snae
965 3100 1039 3164 lidei
1067 3102 1279 3166 incolumitas·

154 3202 315 3268 adversus
337 3205 590 3281 obtrectantium
611 3205 777 3281 linguam:
802 3203 881 3265 haec
904 3203 965 3265 tria
987 3209 1177 3281 argumenta
1207 3220 1270 3265 non

153 3313 288 3391 eranta
311 3307 432 3369 criticis
455 3308 707 3386 praetereunda,
733 3306 922 3384 priusquam
947 3301 1118 3383 Theophili
1141 3308 1174 3366 et
1194 3301 1269 3366 Hie·

153 3407 282 3494 ronymi
305 3407 397 3471 dictis
420 3408 614 3486 praeberent
636 3426 744 3470 aures.
1261 3475 1263 3479 ,

235 3502 404 3586 Expeditis
426 3506 608 3588 hucusque,
633 3524 717 3590 qnae
737 3505 909 3588 specialem
926 3506 1134 3586 postulabant
1150 3504 1271 3586 disqui-

150 3606 302 3673 sidonem
334 3607 420 3671 eirca
448 3607 596 3688 Origenis
628 3608 780 3671 ultimum
814 3607 935 3687 latum3
968 3607 1126 3688 prolicere
1156 3605 1270 3687 deinde

154 3707 253 3772 valde
269 3712 351 3789 pulo
371 3708 534 3774 succincte
555 3727 752 3789 expromere
773 3726 888 3772 eorum
911 3710 1052 3783 nomina,
1069 3709 1124 3787 qui
1140 3709 1180 3772 ah
1196 3708 1270 3788 ipsi·

155 3828 195 3874 us
215 3817 324 3874 aetate
345 3809 384 3872 ad
407 3811 534 3874 initium
563 3812 665 3874 seculi
689 3807 726 3874 V.
751 3809 903 3891 explicite
927 3811 977 3874 vel
1004 3811 1138 3892 oblique
1169 3796 1270 3875 hono·

154 3917 272 3975 urunt
293 3910 384 3974 illius
405 3912 615 3974 memoriam:
638 3909 720 3974 adeo
744 3918 800 3987 ut,
823 3919 892 3973 tum
915 3929 956 3974 ex
981 3930 1118 3975 numero
1149 3916 1182 3974 et
1211 3929 1270 3974 au·

155 4011 320 4084 ctoritate,
344 4018 413 4074 tum
435 4031 476 4076 ex
497 4011 628 4075 scientie
651 4018 683 4075 et
703 4029 819 4076 corum
843 4012 928 4074 lama
952 4013 983 4074 ln
1005 4013 1162 4088 ecclesiis,
1178 4013 1270 4075 inno·

156 4116 258 4177 losoni
279 4111 399 4192 magis,
420 4114 498 4194 quid
521 4113 700 4194 putandum
720 4115 762 4176 sit
787 4113 826 4175 de
857 4111 1006 4193 Origenis
1040 4113 1102 4178 lide
1133 4113 1271 4195 ejusque

158 4214 250 4290 testis
271 4212 304 4277 in
325 4212 484 4279 Ecclesia.
508 4212 572 4290 Qui
594 4233 725 4280 sacrum
745 4214 891 4296 ejusdem
913 4232 1029 4280 nomen
1051 4216 1135 4279 inter
1157 4213 1269 4280 ilcole·
