2886 4784
162 482 260 564 qnod
280 477 354 559 νὸυς
375 483 488 545 mentis
509 482 684 544 substantia
708 487 854 543 mutetur
875 481 906 542 iu
927 483 1018 571 ψυχή
1052 484 1189 544 animaru
1212 480 1296 544 idest

165 583 202 645 in
219 582 336 664 lrigns,
352 602 457 664 eaque
478 590 614 663 propter
634 600 652 644 a
674 584 773 646 coelis
796 583 968 664 dejiciatur
985 587 1016 645 in
1033 592 1176 646 terram:
1199 583 1292 661 quasi

167 703 209 746 ea
227 686 326 747 verba
349 702 410 747 non
433 684 652 763 metaphorice
674 685 713 745 ab
736 685 897 760 Auctore,
912 694 960 747 ast
977 685 1110 763 proprie
1132 692 1300 762 usurpatae

167 785 292 852 toreut-
314 783 411 862 Quod
435 793 467 849 et
489 784 545 848 alii
566 786 674 848 adhuc
698 793 824 864 patent,
846 788 995 866 quamvis
1018 786 1157 866 plurima
1179 803 1292 848 esem·

168 887 227 966 pla
250 906 266 949 a
291 905 340 949 me
362 888 459 949 allata
483 888 545 950 sint
568 887 723 949 adversus
747 887 933 968 hujusmodi
966 887 1289 964 interpretationem:

168 1005 247 1051 cum
279 996 384 1050 tamen
405 986 570 1050 sufficeret
591 997 787 1062 contextus,
811 1007 850 1050 ne
875 989 1004 1051 dicatur
1030 1007 1139 1060 mens,
1163 989 1194 1049 iu
1218 1005 1289 1050 sen·

169 1107 212 1152 su
235 1089 368 1168 proprio
389 1090 431 1149 ab
449 1088 590 1167 Origene
611 1099 727 1167 capta,
750 1089 782 1150 in
803 1089 902 1152 coelis
925 1089 1097 1168 frigescens
1118 1089 1293 1152 descende·

170 1209 209 1253 re
230 1191 261 1252 iu
284 1196 417 1264 terram,
441 1209 479 1253 ae
501 1192 608 1252 denuo
630 1210 647 1252 e
670 1199 756 1252 terra
780 1190 974 1252 incalescens
997 1192 1027 1253 in
1049 1192 1158 1254 coelos
1182 1208 1292 1253 aseen-
1357 1252 1360 1256 ,

169 1291 273 1371 dere;
298 1300 331 1354 et
359 1293 477 1354 iterum
506 1292 679 1370 frigescens
700 1310 717 1352 a
741 1292 899 1354 charitate
930 1293 1147 1368 descendere,
1170 1293 1202 1353 in
1225 1300 1290 1352 ter·

170 1411 264 1470 ram,
285 1394 382 1456 etsie
405 1396 435 1454 in
458 1404 617 1473 perpetuo
646 1412 757 1473 gressu
789 1402 819 1455 et
849 1412 996 1474 regressu
1021 1396 1164 1457 versari:
1197 1395 1284 1474 quod

168 1499 317 1575 cogitare
337 1495 475 1558 stultum
497 1502 556 1558 est.
579 1493 710 1558 Couier.
733 1515 760 1558 e.
784 1493 872 1558 Vlll.
897 1495 984 1560 Libri
1015 1496 1054 1558 ll.
1083 1496 1286 1560 Perierehaa.
1393 1572 1401 1581 ἱ

253 1595 397 1677 ldeoquc
422 1614 524 1675 quum
547 1594 668 1659 Censor
697 1598 774 1659 mihi
799 1599 999 1676 exprobret,
1024 1600 1182 1677 inquiens.
1209 1597 1295 1674 Tou·⁴

166 1695 353 1779 territique
373 1696 506 1759 adriense
527 1697 651 1760 devient
673 1696 872 1778 impossible,
905 1697 1006 1780 tesqu'
1027 1718 1068 1761 aa
1100 1699 1214 1762 adorate
1245 1701 1291 1763 tes

165 1815 326 1878 ouvrages
347 1798 438 1860 d’uu
457 1806 574 1861 auteur
594 1816 668 1860 aare
690 1799 717 1859 ie
735 1805 824 1877 parti
842 1797 925 1878 pris,
946 1799 1004 1862 soit
1024 1801 1060 1862 de
1081 1800 1109 1860 le
1129 1799 1290 1879 de'aiprer,

166 1897 234 1962 soit
253 1899 290 1960 de
309 1897 391 1979 faire
411 1917 470 1961 sora
490 1897 644 1978 apologie,
668 1908 845 1977 retorqueo
867 1909 1115 1978 argumentum3
1131 1909 1164 1962 et
1184 1900 1239 1981 ajo
1261 1901 1290 1963 ei

167 2002 280 2083 potius
292 2002 368 2083 jure
383 2020 481 2082 quam
500 2003 577 2063 mihi
593 2002 668 2063 talia
691 2002 1045 2065 accommodari-dicta.
1064 2001 1186 2066 Cuncta
1204 2002 1287 2062 enim

163 2104 318 2184 Origeuis
342 2105 521 2166 testimonia
544 2106 584 2165 ab
606 2106 675 2183 ipso
696 2105 794 2166 allata
817 2105 902 2166 circa
927 2106 1051 2165 animae
1066 2106 1288 2183 praeexisten-

165 2207 247 2270 tiam
265 2206 360 2286 juxta
385 2205 525 2269 Platonis
548 2205 678 2284 placita,
703 2211 739 2267 nt
759 2205 826 2283 ipse
849 2211 953 2283 putat,
972 2223 1010 2266 ne
1029 2222 1129 2267 unum
1153 2204 1284 2283 quidem

166 2306 329 2371 satisfacit
351 2308 529 2385 proposito.

250 2405 466 2471 Nihilominus
490 2407 574 2469 haud
598 2414 646 2470 est
669 2407 932 2486 transigendum,
956 2407 1041 2487 quod
1065 2427 1090 2469 s.
1115 2407 1287 2486 Pamphilo

168 2511 277 2573 visum
299 2519 346 2571 est
368 2510 407 2571 de
429 2511 489 2573 hae
510 2512 708 2591 quaestione.
734 2507 831 2583 idest,
854 2527 930 2571 num
954 2509 1021 2587 ipso
1044 2513 1189 2588 putarit,
1211 2509 1284 2573 Ori·

167 2629 283 2693 genem
299 2629 415 2674 revera
431 2613 612 2673 animarum
630 2611 912 2691 praeexistentiam
929 2610 1094 2674 admisisse
1110 2612 1287 2674 secuudum

167 2712 317 2776 Platonis
346 2714 529 2792 opinionem
560 2731 602 2775 ex
633 2714 693 2788 iis,
716 2729 800 2790 quae
831 2711 944 2774 scribit
966 2713 998 2773 in
1020 2711 1083 2774 line
1104 2730 1175 2791 cap.
1200 2711 1289 2774 vttt.

165 2813 393 2894 hpologetioir
417 2811 510 2877 Nune
530 2814 574 2875 ad
593 2831 629 2875 ea
649 2810 743 2874 etiam
761 2830 820 2890 per
840 2831 897 2874 aas
917 2808 1002 2891 ipsos
1022 2812 1288 2893 respondebimus,

164 2933 250 2998 quae
270 2913 298 2976 si
318 2915 356 2976 de
375 2913 487 2976 anima
508 2912 661 2995 abjiciunt
678 2959 688 2988 ,
706 2913 784 2977 idest
805 2912 890 2995 quod
910 2921 983 2974 aute
1004 2931 1119 2994 carpus
1139 2933 1207 2977 eam
1239 2916 1289 2995 fa·

166 3025 251 3078 etam
271 3013 357 3076 dieat
377 3013 520 3076 existere.
547 3032 564 3071 r

250 3116 282 3181 Si
304 3114 492 3195 Pamphilus
513 3117 544 3176 iu
566 3114 714 3193 Origenis
736 3116 827 3179 libris
849 3124 881 3179 et
903 3116 1094 3195 praesertim
1110 3116 1140 3176 in
1155 3113 1287 3178 Periur-

163 3217 247 3281 eltert
269 3217 472 3297 perspicuam
495 3235 536 3278 ex
559 3215 699 3278 Platonis
721 3234 816 3279 seusu
838 3206 1016 3279 doctrinam
1039 3217 1078 3278 de
1100 3218 1282 3279 animarum

167 3319 420 3401 praeexistentia
444 3319 595 3397 legisset3
617 3336 678 3379 cur
699 3318 738 3379 de
760 3319 820 3380 hae
842 3336 879 3380 re
901 3318 1097 3396 respondens
1118 3317 1209 3381 istius
1225 3319 1289 3380 ari·

167 3420 407 3496 minutaribus,
432 3418 686 3498 haudquaquam
710 3421 754 3481 eis
777 3420 940 3492 convenit,
964 3421 1017 3481 sed
1040 3419 1169 3498 longam
1191 3419 1289 3497 adpo·

165 3523 238 3586 suit
267 3521 496 3583 discussionem
528 3522 614 3582 cirea
644 3522 747 3583 varias
780 3521 868 3582 illins
901 3524 1015 3591 aetatis
1049 3523 1231 3582 sententias.
1256 3518 1287 3580 Si
1372 3503 1381 3517 ’

166 3619 256 3684 enim
279 3637 393 3699 reapse
413 3620 582 3699 Origenes,
606 3632 643 3682 ut
663 3629 849 3700 supponunt
873 3621 1064 3694 adversarii,
1089 3621 1120 3681 ia
1143 3620 1288 3699 genuinis

164 3723 271 3801 ipsius
292 3721 457 3784 codicibus
480 3723 561 3784 hano
584 3731 818 3801 propugnasset
841 3723 1037 3799 opinionem;
1061 3730 1186 3782 nonest
1206 3722 1289 3782 veri·

162 3822 287 3896 simile,
310 3842 334 3883 s.
359 3822 536 3907 Martyrem
559 3829 616 3884 aut
637 3824 813 3901 ignorasse,
833 3822 882 3884 vei
900 3823 1079 3901 neglexisse
1096 3823 1147 3883 rel
1167 3821 1288 3884 inficia-

163 3937 240 3990 tum
263 3944 344 4000 esse,
367 3944 452 4004 qnae
473 3925 512 3986 de
534 3926 594 3986 hoo
616 3932 809 4003 argumento
825 3925 879 3986 h'r'e
898 3925 964 3985 illic
980 3924 1129 3984 discussit
1146 3924 1283 3985 hoctor:

162 4043 246 4091 eum
267 4044 360 4087 secus
381 4026 422 4085 ab
442 4025 635 4087 adversariis
659 4025 853 4104 redargutus
875 4033 969 4088 esset.

251 4126 421 4200 Secundo,
449 4129 547 4206 paulo
577 4136 647 4206 post
676 4127 864 4207 Pamphilus
893 4127 981 4189 illius
1009 4125 1284 4189 commentarium

157 4229 333 4310 Epistulae
350 4229 387 4291 ad
405 4227 511 4292 Titum
535 4230 634 4293 citans
656 4229 712 4305 ait,
730 4248 793 4291 nou
814 4247 882 4293 esse
898 4230 1071 4292 haereseos
1093 4228 1282 4309 culpandos,
