2886 4784
161 348 203 419 30

157 467 318 515 excusare
338 448 525 522 studuisse,
550 463 651 525 rogo,
676 446 706 506 in
730 445 791 509 hoc
813 444 995 508 Adamantii
1017 440 1172 506 condictu
1201 461 1280 516 cum·

159 553 335 627 Demetrio,
359 568 397 613 ac
418 548 459 612 de
479 566 531 623 eo,
553 547 641 627 quod
664 546 736 609 inde
757 547 969 611 subsecutum
992 555 1041 607 est
1062 545 1215 619 exitium,
1239 564 1278 608 ao

158 661 269 732 postea
291 652 437 734 ejusdem
458 650 580 714 amotio
602 668 619 712 a
642 651 732 713 clero
754 650 843 712 iliius
865 648 1016 727 regionis,
1036 664 1117 725 rogo
1139 664 1215 725 ego,
1228 647 1280 727 ju·

163 775 199 818 ro
221 773 259 819 ue
280 756 343 817 hoe
358 753 527 833 decretum
548 752 708 816 sancitum
731 758 780 814 est
800 749 959 813 adversus
975 745 1180 828 Origenem?
1202 747 1294 812 Rem

159 875 214 936 pse
236 874 312 920 reus
333 855 396 918 iuit
419 857 468 917 vir
492 855 536 917 ita
558 863 596 919 ut
623 855 684 916 hac
706 852 907 915 multaretur
930 847 1060 931 poena?
1091 850 1125 914 Si
1155 867 1175 911 a
1204 867 1282 929 qua·

159 958 204 1018 vis
225 957 376 1018 immunis
399 954 460 1017 tuit
481 955 576 1033 culpa
589 973 600 1033 ;
623 960 656 1016 et
675 954 700 1016 si
721 953 947 1016 tantummodo
969 952 1189 1027 obiuvidiam
1212 952 1281 1014 talis

1 1061 3 1067 '
112 1080 115 1085 ’
156 1064 317 1120 commota
341 1066 389 1118 est
409 1057 567 1118 adversus
597 1073 694 1128 euro,
719 1063 754 1117 ut
778 1056 844 1132 ipse
868 1056 914 1116 ait
928 1048 940 1129 ’,
966 1062 1165 1132 tempestas,
1189 1052 1279 1121 sicuti

159 1159 271 1220 ooaeri
295 1162 455 1219 testantur
475 1155 587 1219 fideles
611 1157 672 1218 viri
695 1165 726 1218 et
749 1155 890 1217 aliarum
913 1157 1082 1234 regionum
1100 1153 1279 1229 antistites,

159 1276 223 1320 uon
247 1259 340 1320 video
361 1257 526 1336 quomodo
548 1257 730 1338 culpandus
751 1257 813 1331 sit,
836 1255 913 1319 dum
947 1258 1067 1318 amicos
1105 1255 1277 1330 hortatur,

160 1378 198 1422 ue
220 1360 354 1422 credaut
375 1357 562 1436 Demetrio,
585 1365 617 1422 et
638 1359 709 1421 aliis
731 1359 771 1417 ab
793 1375 832 1419 eo
854 1357 960 1420 illusis
990 1355 1129 1439 Aegypti
1156 1357 1278 1436 episco-

160 1461 219 1539 pis,
242 1463 299 1539 qui
320 1461 478 1523 adversus
498 1477 574 1522 eum
596 1466 825 1521 convenerant.
847 1455 917 1522 Nec
939 1457 1012 1519 ideo
1044 1457 1210 1521 immerito
1240 1455 1277 1518 ad

157 1560 346 1639 Scripturae
363 1561 459 1623 verba
484 1559 650 1641 appellans
672 1559 800 1623 eosdem
822 1559 944 1620 amicos
966 1565 1088 1634 mouet,
1105 1567 1138 1621 et
1153 1558 1276 1639 iuquit:

159 1682 176 1721 a
199 1658 284 1736 Quid
308 1679 436 1724 necesse
456 1649 505 1724 est
525 1660 564 1722 de
587 1661 821 1741 prophetarum
843 1658 1048 1723 sermonibus
1069 1657 1194 1735 dicere,
1210 1659 1278 1741 qui·

161 1762 221 1823 bus
241 1763 424 1840 saepissime
439 1761 622 1842 pastoribus
644 1769 676 1823 et
698 1761 875 1838 majoribus
897 1767 975 1821 natu
997 1765 1028 1821 et
1049 1758 1276 1837 sacerdotibus

158 1863 415 1944 ac’principibus
438 1863 551 1942 populi
573 1862 834 1940 comminantur3
857 1869 889 1924 et
911 1867 1053 1940 arguunt
1074 1859 1162 1924 eos?
1184 1858 1277 1937 Quae

159 1962 281 2041 absque
304 1962 393 2024 nobis
415 1962 454 2024 de
476 1960 793 2040 sanctissoripturis
815 1961 935 2029 eiicere
958 1961 1112 2048 potestis,
1125 1967 1161 2022 et
1182 1959 1276 2041 liqui·

160 2062 202 2125 do
223 2052 406 2141 pervidere,
429 2062 516 2142 qnod
540 2062 673 2125 forsitan
698 2063 759 2125 hoc
782 2070 908 2141 tempus
928 2062 981 2134 sit,
998 2060 1037 2122 de
1051 2079 1118 2141 quo
1134 2061 1275 2125 dicitur:

158 2159 256 2223 aetite
276 2163 398 2224 credere
418 2160 529 2225 amicis
551 2181 606 2224 aec
627 2159 755 2242 speretis
776 2160 812 2223 iu
829 2160 1056 2241 principibus:
1072 2166 1279 2227 etnuneim·

159 2263 290 2343 pientur
323 2264 530 2327 vaticinium:
565 2264 657 2325 doces
683 2263 799 2344 populi
827 2264 888 2326 mei
915 2283 961 2325 mc
993 2263 1194 2341 nescierunt,
1216 2263 1278 2347 fitir'

158 2361 250 2426 stute'
269 2373 356 2442 sunt,
378 2374 408 2427 ct
427 2382 492 2427 noo
511 2373 588 2427 suat
607 2363 774 2443 sopientes.
798 2363 958 2446 Sapientes
979 2376 1078 2439 suut,
1098 2372 1136 2428 ut
1156 2365 1281 2447 socient

157 2467 264 2539 motn;
285 2465 357 2527 dans
378 2476 480 2528 autem
501 2467 603 2546 secere
623 2465 781 2528 nescient.
806 2464 956 2542 Quorum
980 2469 1078 2546 magis
1106 2469 1276 2543 misereri,

143 2546 258 2645 'quam
280 2585 335 2629 eos
357 2567 461 2629 odisse
483 2565 661 2647 debemus3
684 2575 717 2629 et
739 2586 836 2630 orare
858 2586 917 2647 pro
939 2567 1014 2645 iliis,
1037 2585 1136 2647 quam
1154 2571 1200 2632 eis
1216 2586 1282 2631 ma·⁴

160 2667 355 2730 ledicere.»

241 2766 334 2844 Quae
357 2769 453 2832 verba
476 2771 542 2833 duo
564 2770 737 2833 continent.
762 2769 797 2833 to
820 2773 932 2851 primis
954 2790 1028 2834 eum
1052 2772 1096 2832 ait
1121 2771 1278 2850 Origenes

162 2888 224 2932 uon
247 2890 316 2933 esse
338 2871 533 2935 eredendum
556 2874 779 2936 sacerdotibus
800 2881 833 2933 et
855 2873 1052 2952 primoribus
1077 2872 1213 2950 populi,
1235 2872 1279 2931 iu·

162 2981 275 3052 crepat
298 2971 461 3036 Demetrio
483 2982 515 3036 et
535 2976 607 3036 aliis
629 2977 811 3055 episcopis,
835 2977 890 3054 qui
913 2977 1056 3053 iniquom
1084 2973 1274 3036 sententiam

160 3075 371 3137 decreverant
392 3077 549 3138 adversus
571 3095 657 3138 enm.
681 3075 774 3152 Quae
801 3095 875 3138 cum
907 3077 978 3138 talis
1008 3093 1121 3153 reapse
1153 3074 1274 3148 tuerit,

159 3175 398 3254 ex.Scripturis
420 3176 536 3252 docet,
560 3180 617 3240 etsi
640 3178 705 3240 lata
732 3181 772 3240 sit
800 3180 840 3239 ab
869 3179 1025 3241 ecclesiae
1054 3179 1276 3255 primoribus,

160 3287 266 3339 tamen
288 3279 411 3340 nuliius
432 3296 500 3340 esse
521 3281 743 3342 auctoritatis:
763 3281 963 3359 proindeque
985 3281 1106 3342 amicos
1122 3279 1278 3342 hortatur

160 3381 214 3455 (et
235 3378 319 3440 isiud
342 3397 383 3440 ex
404 3392 483 3440 suae
505 3380 705 3442 innocentiae
725 3380 820 3460 jure)
844 3399 882 3443 ue
904 3381 935 3441 in
958 3381 1027 3459 ipso
1050 3381 1186 3443 decreto
1205 3398 1279 3444 cou-

160 3478 268 3541 fidaut.
293 3478 415 3543 Deinde
438 3497 516 3543 vero
537 3482 643 3543 subdit
666 3483 889 3561 evangelicum
913 3483 1099 3544 mandatum
1117 3483 1158 3545 de
1176 3483 1278 3544 inimi·

160 3581 206 3643 eis
228 3579 397 3660 diligendis
417 3599 455 3643 ao
477 3599 537 3659 pro
559 3583 595 3644 iis
617 3582 743 3658 orandi,
760 3585 800 3646 de
815 3603 848 3646 se
863 3584 1014 3663 loqueos,
1028 3602 1066 3646 ac
1081 3585 1121 3646 de
1137 3586 1276 3647 ceterisz

159 3700 198 3744 oe
222 3682 269 3742 ilii
291 3681 401 3744 odium
423 3702 464 3745 ex
486 3702 543 3745 sua
568 3693 659 3762 parto
681 3686 837 3748 adversus
869 3688 1036 3767 episcopos
1068 3689 1277 3765 cogitarent,

161 3803 219 3846 nec
242 3783 345 3846 multo
368 3785 473 3848 minus
495 3786 567 3848 ideo
589 3786 627 3847 ad
652 3787 761 3849 odium
785 3798 1047 3869 provocarentur
1071 3790 1137 3851 alii.
1163 3787 1214 3851 Ae
1233 3788 1279 3851 bc·

161 3883 368 3947 perdicendum
389 3883 485 3960 enim,
501 3889 558 3962 ait,
573 3897 600 3948 ct
619 3905 683 3948 non
704 3889 746 3949 od
766 3889 1016 3952 motedicendnm
1036 3889 1136 3952 creati
1156 3910 1276 3953 sumus.

159 3983 201 4047 Et
223 3985 301 4063 quid
324 3987 355 4048 in
377 3987 440 4048 hoc
462 4006 610 4051 sermone
635 3991 896 4069 redarguendum
918 3992 991 4055 est?
1006 3992 1204 4071 Ceteroquiu
1222 4011 1279 4071 pu·

163 4084 246 4146 blica
270 4093 341 4148 erat
361 4089 457 4168 eulpa
480 4091 509 4152 ei
533 4091 696 4169 iuscripta,
718 4094 760 4154 ita
784 4102 815 4156 et
838 4095 1182 4157 excommunicationis
1203 4111 1278 4180 poe-

162 4205 213 4249 na.
238 4187 269 4251 Si
295 4192 474 4270 tacuisset,
500 4192 620 4256 frustra
645 4193 891 4271 praedicationis
913 4195 1118 4276 evangelicae
1140 4196 1279 4258 ministe-
