2886 4784
158 393 219 462 168
239 496 280 560 lit
301 497 321 559 ii
343 506 440 572 sunt,
462 498 518 576 qni
541 516 557 558 a
580 496 704 582 Cyrillo
728 503 760 560 ot
782 495 937 560 Facundo
960 497 1117 560 dicuntur
1142 501 1254 564 occulta

159 599 351 680 Origenismi
382 600 438 662 lue
465 599 585 662 iniecti.
609 598 650 661 Et
682 601 702 660 ii
731 608 829 676 sunt,
859 601 1017 664 adversus
1048 620 1132 680 quos
1161 603 1257 667 deiude

114 766 116 772 ,
159 706 330 766 universus
353 702 421 764 iere
441 703 528 764 orbis
550 702 743 765 christianus
766 712 932 781 tantopere
955 703 1158 784 inclamavit,
1176 713 1207 766 et
1221 723 1258 768 ns·

159 823 222 884 que
238 805 333 867 modo
350 805 483 879 clamat,
499 806 688 883 magistrum
709 813 742 866 et
762 805 938 884 discipulos
960 806 1081 884 pietate
1103 813 1134 868 et
1158 806 1260 868 doctri·

159 927 197 970 ua
219 908 355 986 insignes
377 908 505 986 probris
527 905 666 969 afficiens
690 908 908 986 iniquissimis.

238 1010 341 1072 Porro
362 1028 424 1071 non
447 1017 494 1071 est
516 1010 802 1088 praetereundum,
824 1009 911 1088 qnod
933 1011 978 1072 ait
1002 1007 1187 1088 Stephanus
1207 1009 1260 1074 Gn·

160 1113 257 1174 barus
277 1113 362 1174 eirea
388 1119 464 1173 tunc
478 1113 652 1173 excitatam
670 1112 708 1173 de
723 1110 872 1192 Origenis
887 1111 1035 1172 doctriua
1051 1114 1261 1190 quaestionem

159 1215 190 1274 in
213 1213 414 1274 monasteriis
439 1210 661 1287 Palaestinae,
683 1213 754 1274 aliis
776 1231 859 1291 pro,
882 1213 952 1275 aliis
985 1197 1101 1275 contra
1124 1232 1198 1277 eum
1219 1232 1264 1294 pn·

160 1315 329 1394 guantibus
351 1314 534 1389 monacbis,
557 1331 595 1375 ac
617 1316 806 1394 praesertim
829 1315 869 1376 do
886 1312 1126 1394 polinpenesi'oa
1147 1333 1264 1396 regena-

159 1418 291 1478 rationis
312 1423 343 1477 et
366 1418 615 1478 resurrectionis
637 1416 797 1494 dogmate.
820 1414 930 1490 Quare
952 1415 1105 1495 Origenis
1131 1417 1263 1480 defenso

93 1571 95 1574 ,
159 1534 210 1579 ros
231 1517 447 1580 orthodoxam
469 1517 652 1596 etquidem
672 1516 748 1597 jure
769 1518 858 1580 illius
880 1518 1061 1580 doctrinam
1083 1519 1262 1598 comproba·

159 1626 246 1680 runt.
270 1616 377 1680 Ceteri
401 1635 479 1679 vero
503 1618 634 1680 hostiles
655 1630 855 1698 respuentes,
874 1621 976 1684 veluti
998 1623 1033 1683 in
1053 1619 1260 1698 praecedenti·

158 1719 217 1781 bus
239 1720 359 1782 dicium
383 1728 452 1793 est,
475 1720 506 1780 in
530 1720 684 1782 ductoris
703 1722 839 1798 odium,
862 1725 958 1801 eique
979 1723 1258 1800 patrocinantium,

158 1821 328 1883 cumulum
352 1821 628 1884 insimulationum
650 1832 894 1900 congesserunt,
910 1831 1010 1902 atque
1025 1839 1085 1901 per
1104 1822 1260 1901 epistolam

161 1923 212 1984 rol
233 1920 423 1987 Tractatum
445 1921 629 1986 iustiniano
652 1925 842 2005 inscriptum
866 1926 1068 2003 vulgarunt:
1094 1927 1151 1987 ubi
1172 1924 1263 2006 appri·

160 2042 211 2087 me
231 2027 409 2104 ignorantia
432 2034 463 2087 et
487 2024 619 2103 pertidia
650 2029 842 2089 revelantur
863 2031 894 2088 in
916 2028 1156 2090 damnationem
1187 2042 1262 2106 prae·

160 2127 300 2189 latorum
323 2128 556 2190 monachorum
578 2127 727 2209 Origenis
750 2129 929 2207 gerentium
953 2137 1072 2206 partes.
1097 2126 1158 2216 (Ἴ

240 2230 315 2292 Post
336 2230 427 2302 bueo,
451 2229 536 2291 nudo
557 2230 689 2311 digressi
712 2249 837 2303 snmus,
859 2230 898 2290 ad
921 2228 1112 2314 Hieronymi
1136 2217 1258 2292 aetatem

157 2340 373 2403 revertamur.
397 2327 481 2405 Qui,
505 2331 564 2393 etsi
587 2329 729 2410 nudique
757 2329 907 2410 Origenis
927 2339 960 2395 et
983 2332 1216 2393 monachorum
1234 2335 1260 2390 ct

109 2461 115 2472 ·
158 2433 298 2496 aliorum
322 2433 369 2494 bis
389 2433 667 2504 consentientium,
685 2432 759 2494 tidoi
780 2432 947 2510 patefieret
962 2433 1148 2509 integritas,
1169 2448 1205 2493 ae
1221 2447 1261 2492 ce

163 2546 308 2597 tororum
329 2534 442 2596 irritus
463 2543 598 2594 conatus
621 2543 732 2594 contra
757 2533 874 2610 probos
892 2536 990 2604 viros,
1015 2541 1160 2594 attamen
1175 2533 1259 2592 iusua

57 2655 59 2658 ¹
159 2635 310 2696 illusione
332 2643 498 2714 perstans,
521 2634 604 2695 aella
627 2634 845 2696 bethlemitica
868 2633 1044 2706 occlusus,
1075 2633 1204 2712 aliquot
1220 2647 1262 2690 an·

157 2739 206 2798 nis
227 2744 299 2814 post
318 2736 460 2798 scribens
482 2736 521 2797 ad
545 2735 739 2814 Principiam
761 2733 806 2796 De
831 2733 917 2796 obitu
948 2732 1147 2811 Marcellae,
1175 2731 1262 2795 brari·

161 2846 277 2916 terque
307 2856 482 2912 enarrans,
513 2856 598 2916 quae
628 2838 689 2898 sub
711 2837 879 2899 Anastasio
905 2835 991 2915 Papa
1021 2839 1262 2915 supervenerant

158 2942 198 3002 de
220 2943 407 3019 quaestione
429 2940 636 3018 origeniana,
661 2939 785 3018 inquit:
809 2959 826 2998 a<
849 2937 895 3001 De
916 2937 1102 3001 Occidentis
1134 2936 1261 3017 partibus

158 3042 197 3102 ad
219 3040 385 3103 Orientem
404 3042 500 3104 turbo
518 3052 747 3120 transgressus,
765 3041 974 3102 minitabatur
995 3039 1147 3118 plurimis
1169 3051 1263 3115 magna

157 3143 336 3221 naufragia.
353 3140 444 3205 'lunc
466 3143 635 3221 impletum
658 3152 724 3204 esi:
743 3151 841 3221 putas
857 3141 983 3204 ueniens
999 3136 1107 3203 Filius
1126 3134 1261 3209 bominis,

157 3246 248 3325 fidem
268 3243 413 3309 inveniat
434 3263 528 3325 super
549 3239 699 3306 terram?
726 3242 930 3323 Retrigerata
965 3243 1128 3305 charitate
1161 3241 1261 3304 multo

158 3366 245 3422 rum,
269 3349 375 3426 pauci,
398 3349 454 3426 qui
477 3347 627 3408 amabant
649 3347 720 3407 tidei
745 3349 927 3420 veritatem,
951 3354 1065 3406 nostro
1087 3344 1182 3406 lateri
1200 3342 1260 3422 jun

158 3451 330 3530 uehuntur,
354 3468 497 3527 quornm
521 3450 649 3529 publice
672 3448 843 3526 petebatur
864 3456 963 3526 caput
985 3456 1046 3508 etc.
1071 3464 1088 3502 u

240 3551 280 3613 Et
302 3555 440 3630 primum
463 3552 570 3630 quoad
596 3551 781 3622 turbinem,
812 3553 868 3629 qui
901 3550 940 3611 de
968 3547 1257 3625 Occidentemque

158 3653 197 3713 ad
220 3650 385 3714 Orientem
410 3661 639 3731 transgressus,
661 3633 870 3713 minitabatur
892 3652 1038 3730 plurimis
1063 3669 1177 3730 magna
1199 3664 1261 3710 uan-

161 3753 283 3832 lragia:
307 3755 337 3814 in
360 3754 407 3814 bis
429 3753 520 3814 dictis
542 3763 574 3815 ei
595 3755 666 3815 aliis
689 3753 874 3832 hujusmodi
910 3751 1097 3825 Ruibuum,
1119 3751 1260 3815 inanirent

235 4002 268 4072 (Ἴ
288 4003 331 4057 De
349 4000 835 4058 ceterisconferaturTomus1V.c.
850 4000 957 4056 XXIV.
971 3999 1020 4056 ubi
1034 4000 1176 4073 Euagrius
1188 3995 1260 4054 Scire

163 4095 279 4150 laslicus
295 4080 545 4167 narrat'quomodo
565 4096 726 4151 Theodorus
745 4095 848 4150 Aseida
866 4110 958 4149 coram
969 4093 1134 4150 ,iustiniano
1152 4088 1260 4148 defendit

163 4188 314 4244 monachos
332 4190 435 4262 ejectos
454 4207 470 4244 s
487 4189 664 4245 monasteriis
684 4189 855 4244 Palaestinas
873 4188 908 4244 ob
926 4196 1123 4261 praesumptos
1143 4183 1260 4261 Origeniss

163 4296 277 4351 errores,
296 4279 446 4354 injuratione
464 4289 487 4338 ct
503 4280 654 4354 inpietatem
670 4297 763 4339 coenas
780 4280 848 4355 qnod
865 4280 960 4354 facicm
971 4291 1027 4339 arca
1037 4277 1257 4341 consonuit*
