2872 4784
287 335 309 402 2
1141 382 1147 393 .

247 332 330 518 inisse
352 435 570 514 opinionibus,
587 452 625 497 ac
647 434 853 514 blasphemiis
870 433 1009 513 amplius
1030 435 1199 514 polluisse,
1216 435 1371 517 pluribus

248 538 370 600 trustra
391 537 547 616 repetitis,
570 536 640 599 aliis
661 536 849 611 subtractis,
872 536 1060 599 contusione
1084 547 1115 600 et
1137 557 1252 600 errore
1275 539 1371 601 uudi·

247 658 311 720 que
335 639 608 718 praevalentibus.
634 636 726 712 Quae
749 638 879 716 quidem
901 639 1046 713 collatio,
1062 641 1157 701 sicuti
1180 643 1210 701 iu
1233 658 1369 718 praece·

247 742 409 815 dentibus,
435 741 527 802 valde
549 741 726 801 lectoribus
748 741 1006 813 commendatur,
1021 750 1058 802 ut
1076 742 1201 803 taudem
1217 742 1369 820 aliquan·

247 843 290 905 do
310 844 446 904 sentiant
468 860 564 921 quam
588 843 749 904 immerito
771 848 928 920 putarunt
960 843 1129 916 nonnulli,
1151 862 1176 905 s.
1201 840 1369 923 Episcopo

248 945 311 1007 hoc
333 943 506 1023 prolanum
529 952 560 1004 et
582 943 766 1004 abortivum
791 943 998 1004 inscribentes
1019 942 1121 1021 Opus.

332 1044 373 1106 Et
396 1063 429 1105 re
452 1045 582 1123 quidem
607 1061 704 1104 vera:
731 1063 756 1105 s.
779 1039 975 1126 Hippolytus
1006 1045 1140 1106 scribit:
1165 1043 1247 1105 lleus
1277 1046 1368 1107 solus

248 1165 320 1208 eum
341 1155 428 1216 esset,
444 1143 587 1224 nihilque
608 1142 668 1203 sibi
689 1162 836 1204 coaevum
849 1143 977 1231 babens,
992 1143 1091 1205 voluit
1105 1146 1258 1206 muudum
1279 1144 1371 1208 ereu-

248 1265 293 1308 re.
317 1243 477 1307 Mundum
498 1236 637 1322 ospitem
647 1287 660 1317 ,
682 1253 710 1304 et
734 1245 839 1305 celeus
860 1253 888 1307 et
909 1244 1016 1306 diceus
1038 1244 1153 1325 effecit:
1182 1247 1236 1307 eui
1264 1247 1369 1308 couti·

251 1364 314 1408 nuc
340 1345 444 1407 extitit
471 1345 578 1424 fectus
606 1344 688 1408 sieut
715 1343 825 1408 coluit.
853 1343 939 1408 Setis
967 1345 1071 1426 iyitur
1099 1346 1188 1408 nobis
1216 1357 1259 1409 est
1289 1347 1371 1411 seire

252 1451 366 1522 sotum,
383 1444 467 1507 nibil
481 1466 542 1509 esse
559 1445 620 1508 Deo
641 1457 852 1510 coaeteruum:
877 1447 961 1508 nibil
977 1458 1105 1526 praeter
1126 1445 1263 1526 seipsum
1284 1459 1366 1512 eret.

302 1535 305 1541 ⁴
332 1548 520 1629 Anonymus
550 1568 627 1612 vero
660 1550 771 1611 eadem
802 1556 950 1628 repetens
979 1551 1020 1611 ita
1052 1550 1288 1629 interpretatus
1318 1560 1370 1614 est

251 1667 281 1721 u.
304 1647 355 1713 32.
378 1648 461 1711 Deus
483 1667 579 1725 unus,
597 1648 737 1729 primus,
760 1657 789 1711 et
808 1648 894 1710 solus
915 1657 943 1711 et
962 1645 1103 1709 omnium
1124 1650 1242 1729 factor,
1259 1660 1288 1712 et
1304 1649 1369 1711 De·

250 1748 372 1827 minus,
391 1769 538 1813 coaevum
561 1750 644 1812 nibil
665 1749 788 1825 babuit,
811 1768 866 1810 uec
887 1749 980 1810 cbaos
1003 1748 1189 1828 infinitum,
1213 1770 1311 1830 neque
1331 1773 1369 1816 u-

249 1869 346 1931 quam
367 1849 576 1926 immensum,
598 1870 696 1931 neque
717 1859 834 1912 terrum
855 1849 1012 1924 solidum,
1039 1869 1135 1928 neque
1160 1853 1293 1915 densum
1314 1872 1369 1914 ae·

249 1970 328 2027 rem,
344 1971 400 2013 uec
421 1952 524 2032 ipnem
545 1951 696 2028 calidum,
713 1971 768 2013 uec
783 1951 930 2032 spiritum
952 1952 1106 2025 subtilem,
1123 1972 1178 2016 nee
1199 1953 1278 2016 coeii
1298 1972 1370 2018 mu·

248 2051 306 2132 pui
326 2054 484 2115 ceruleum
505 2072 669 2115 cumeram.
688 2051 747 2115 Sed
767 2063 836 2114 erut
856 2072 941 2114 unus
961 2056 1049 2117 solus
1071 2053 1157 2135 ipsi:
1178 2053 1236 2134 qui
1255 2055 1371 2119 uoletis

248 2153 324 2235 fecit
343 2174 422 2235 quae
443 2164 531 2228 sunt,
554 2173 626 2216 eum
647 2161 740 2216 autea
761 2173 823 2215 nou
846 2164 947 2218 eruut.

331 2255 435 2320 Nemo
457 2274 519 2317 nou
543 2257 650 2332 ridet,
674 2256 787 2318 eodem
814 2259 917 2335 posito
947 2258 1042 2320 titulo
1065 2255 1170 2319 Sermo
1196 2255 1367 2336 veritatis,

253 2356 425 2435 utriusque
443 2358 595 2434 inscripto
612 2357 888 2432 demonstrationi,
905 2359 1070 2437 quomodo
1088 2357 1278 2438 Anonymus
1292 2375 1369 2420 sun·

252 2457 293 2517 cti
317 2454 471 2535 Martyris
494 2457 577 2518 dicta
601 2458 809 2535 expresserit,
830 2458 1022 2536 quibusdam
1044 2459 1149 2519 minus
1171 2458 1253 2536 aptis
1276 2457 1370 2518 addi·

251 2558 300 2618 tis.
324 2554 385 2617 Ex.
408 2574 438 2634 g.
462 2574 536 2617 curu
559 2557 603 2617 ait
624 2574 732 2618 aerem
753 2559 894 2632 densum,
913 2566 945 2620 et
959 2561 1062 2637 ignem
1084 2565 1180 2619 vocnt
1201 2554 1368 2631 calidum

252 2662 284 2717 et
305 2654 430 2744 πνεῦμα
456 2657 604 2734 spiritum
635 2655 779 2718 subtilem
806 2669 952 2720 creatum
984 2677 1090 2720 essea
1118 2655 1185 2719 Deo
1213 2657 1301 2720 dicit.

335 2759 490 2823 Similiter
510 2777 535 2819 s.
558 2755 756 2843 Hippolytus
781 2763 847 2822 uit:
872 2759 952 2823 Deus
979 2761 1091 2822 babens
1121 2758 1248 2822 Verbum
1274 2757 1310 2820 in
1337 2779 1371 2822 se

250 2868 278 2922 et
299 2877 368 2922 cum
390 2866 466 2919 esset
486 2850 658 2932 invisibile,
678 2859 800 2921 visibile
819 2862 915 2941 fecit,
937 2860 1077 2924 emittens
1098 2858 1240 2940 priorem
1261 2849 1372 2951 φωνήν

253 2982 368 3038 uocem,
391 2973 418 3024 et
437 2964 501 3050 φῶς
522 2960 622 3021 lucem
644 2979 683 3020 eu
704 2961 772 3023 luce
791 2980 958 3040 penercns.

334 3063 522 3148 Anonymus
544 3071 652 3124 autem
674 3062 872 3126 conlundens
894 3064 961 3126 duo
984 3063 1141 3126 vocabula
1164 3081 1267 3126 vocem
1289 3083 1367 3128 euru

254 3165 322 3225 luce
342 3167 486 3244 scripsit:
518 3161 644 3224 Verbum
662 3160 728 3236 Dei,
746 3162 978 3242 primoyeuitus
996 3162 1099 3225 Filius
1118 3162 1242 3240 Putris,
1264 3160 1286 3244 ἡ
1305 3162 1374 3264 πρό

250 3260 410 3362 ἑωσφόρον
431 3258 595 3363 φώσφόρος
616 3258 701 3356 peuri
723 3284 784 3327 coc
804 3268 906 3346 serens
927 3266 1026 3327 iucem
1047 3275 1118 3327 unte
1143 3265 1326 3348 luciferum.
1370 3284 1373 3289 ·

336 3373 415 3434 ltem
437 3374 548 3434 scribit
562 3391 586 3433 s.
604 3369 821 3452 Hippolytus:
841 3388 857 3426 «
875 3366 1052 3429 Credamus
1068 3367 1167 3445 igitur
1186 3367 1285 3446 juxta
1302 3379 1372 3432 tra·

253 3473 406 3536 ditionem
429 3474 685 3552 Apostolorum:
710 3469 791 3531 licus
812 3469 998 3529 descendeus
1019 3468 1056 3529 de
1077 3467 1159 3529 coeio
1180 3486 1220 3529 eu
1243 3467 1370 3550 Virpiue

255 3583 283 3636 et
304 3570 427 3653 Spiritu
449 3570 564 3634 Sancto
585 3591 685 3633 nouus
707 3571 796 3632 bomo
817 3572 920 3650 suetus
942 3577 1002 3630 ete.

337 3673 524 3755 Anonymus
542 3692 632 3748 voro,
649 3675 767 3735 omisso
784 3668 908 3749 Spiritu
923 3667 1052 3747 Sancto,
1076 3670 1139 3732 ait:
1162 3667 1291 3733 Verbum
1312 3673 1372 3736 boe

255 3772 370 3838 scimus
391 3793 430 3835 eu
460 3771 583 3854 Virpiue
609 3792 721 3853 corpus
745 3769 971 3850 assumpsisse,
997 3789 1035 3832 cc
1061 3779 1188 3833 ueterem
1212 3772 1373 3836 bominem

256 3895 340 3938 nove
360 3879 463 3958 forme
484 3875 658 3956 refluxisse.
683 3873 785 3936 Paulo
808 3880 878 3952 post
900 3890 1014 3936 rursus
1036 3872 1137 3935 dicit:
1164 3870 1287 3936 Scimus
1309 3895 1372 3940 uu·

256 3988 316 4040 tem
340 3978 424 4040 bunc
446 3975 545 4040 Dium
573 3974 727 4039 bominem
756 3977 874 4055 [cetum
895 3973 995 4053 [uisse
1019 3993 1058 4035 eu
1083 3972 1291 4038 bumunitutis
1316 3994 1373 4039 ue·

257 4088 341 4141 strue
361 4077 550 4140 substantie.

338 4178 369 4243 S.
393 4178 571 4259 Episcopus
592 4178 724 4243 scribit:
749 4174 873 4243 Necesse
893 4188 937 4239 est
958 4195 1044 4256 erpo,
1066 4187 1101 4240 ut
1122 4175 1266 4257 quamvis
1288 4178 1369 4242 nolit
