2886 4784
136 390 285 460 w22
759 392 781 437 e

241 501 310 562 lum
327 501 366 561 ab
382 502 451 579 ipso
467 497 614 563 Cedreno
637 502 826 581 colligendi,
841 519 926 579 quoe
947 501 986 564 de
1008 501 1215 581 philosophis¹
1230 497 1363 578 scripsit

243 601 275 662 in
304 599 404 664 Libro
429 600 452 665 l.
482 602 536 664 sed
562 607 658 666 etiam
683 622 767 684 quae
789 622 806 664 a
829 601 970 682 Diogene
1002 603 1155 678 Laertio,
1185 614 1217 665 et
1246 604 1277 663 in
1309 620 1363 663 se-

243 705 416 780 quentibus
446 704 537 766 libris
560 723 576 765 a
599 703 699 767 Sexto
723 704 910 793 Empirioo‚
934 723 951 766 a
973 725 998 767 s.
1024 703 1179 778 irenaeo,
1202 723 1221 765 a
1244 701 1365 764 Flavio

243 805 437 880 dictasunt,
461 825 605 884 qnorum
627 826 738 869 sensus
761 807 801 867 ad
823 807 965 868 litteram
988 806 1180 885 descripsit;
1203 808 1281 885 quin
1314 814 1364 864 tn·

246 926 318 968 men
352 906 401 976 (si
424 926 449 968 s.
473 906 654 992 Martyrem
685 907 850 986 excipias)
877 908 1010 969 illorum
1042 915 1200 969 memoret
1232 923 1363 967 nomen.

244 1005 450 1085 Proindeque
472 1025 546 1068 cum
569 1027 610 1069 ex
632 1008 682 1070 his
716 1009 894 1069 testimonia
931 1008 1045 1085 seligat
1079 1006 1290 1086 ononymos,
1323 1021 1367 1067 ac

244 1108 379 1170 istorum
402 1109 496 1170 sileat
517 1126 646 1181 nomen,
670 1108 739 1185 pari
759 1108 836 1188 jure
851 1105 1021 1171 dicendum
1041 1109 1170 1170 videtur
1186 1108 1225 1166 de
1242 1103 1365 1169 Cedre-

244 1227 298 1283 no,
322 1207 416 1288 cnjus
440 1209 552 1270 eadem
577 1209 676 1270 verba
699 1209 894 1288 descripsit,
918 1227 975 1271 nec
1000 1217 1106 1271 tamen
1129 1208 1281 1270 indicavit
1305 1224 1370 1269 au·

243 1318 380 1383 ctorem,
406 1311 506 1372 etsie
529 1299 747 1373 concludatur
772 1313 976 1393 dnonymum
1001 1319 1107 1374 aetate
1137 1309 1283 1373 Cedrene
1307 1327 1368 1390 po-
1431 1300 1434 1305 ’

245 1413 384 1475 sicciore
409 1413 538 1472 vixisse.
754 1477 756 1480 ,
1312 1411 1318 1420 ’

326 1509 488 1584 Secnsrdo,
512 1511 540 1571 id
565 1512 703 1590 amplios
721 1514 949 1576 roboraturus
968 1515 1067 1590 ipsius
1085 1513 1180 1575 variis
1197 1511 1364 1594 Anonymi

246 1603 520 1684 discussionibus,
549 1612 602 1673 uhi
629 1614 722 1692 plora
747 1615 785 1675 ad
818 1616 863 1676 rei
894 1614 1154 1692 perspicuitatem
1181 1612 1368 1673 desideren-

247 1723 325 1787 tur,
349 1713 411 1773 alia
435 1712 556 1774 lrustra
581 1724 795 1789 repetuntur,
819 1716 900 1775 adeo
927 1723 962 1776 ut
994 1733 1056 1775 non
1086 1715 1125 1775 sit
1157 1730 1370 1791 praesumen-

248 1815 325 1877 dum
349 1814 532 1876 Cedrennm
557 1833 633 1892 prae
657 1817 802 1876 manibus
826 1816 994 1877 habentem
1019 1816 1178 1897 Anonymi
1200 1815 1313 1886 libros,
1333 1834 1371 1875 e·

248 1914 427 1990 mendasse,
446 1915 617 1988 addidisse,
635 1917 838 1994 explanasse,
861 1935 945 1996 qnae
966 1917 1165 1996 negligenter
1182 1915 1267 1977 alter
1287 1917 1375 2005 serj-

247 2017 320 2098 psit.
334 2016 393 2079 bst
409 2019 515 2097 petius
529 2018 685 2095 suspicari
702 2016 810 2090 liceat,
826 2017 1031 2102 Anonymum
1050 2018 1184 2079 inscium
1207 2035 1264 2078 sen
1288 2034 1371 2094 pan·
1431 2070 1436 2079 .

244 2118 281 2182 ln
300 2129 493 2183 accuratum
518 2117 648 2180 falsasse
671 2128 728 2179 aut
750 2119 933 2182 contudisse
955 2116 1092 2182 Cedreni
1108 2118 1206 2189 dicta,
1221 2117 1318 2178 sicuti
1335 2119 1371 2178 in

20 2254 25 2269 ·
88 2193 91 2197 ⁴
165 2231 167 2235 ⁴
249 2220 365 2281 ceteris
392 2218 948 2300 scriptoribus,deqnibusinira.
972 2218 1036 2282 Vix
1069 2222 1152 2282 enim
1186 2218 1375 2297 putandum

249 2327 310 2391 est,
332 2317 515 2384 Cedrenum
538 2321 568 2382 in
591 2321 860 2400 philosophorum
883 2323 1109 2402 systematibns
1134 2319 1370 2399 expendendis,

250 2420 437 2500 hujusmodi
469 2421 527 2482 sibi
560 2426 783 2500 praeposuisse
818 2424 970 2495 librum,
1002 2426 1057 2502 qui
1092 2423 1212 2485 talibus
1245 2421 1373 2483 mendis

249 2531 401 2593 scateret,
420 2531 450 2583 et
472 2521 544 2582 ideo
567 2523 597 2581 in
621 2521 754 2585 illorum
777 2524 962 2586 incubuisse
985 2523 1241 2586 emendationem
1258 2530 1289 2583 et
1305 2524 1372 2583 sin·

250 2627 316 2685 ceri
342 2632 449 2684 textus
473 2621 724 2685 restitutionem.

332 2719 455 2794 Tertio,
479 2731 603 2784 constat
626 2725 832 2806 Anonymum
855 2743 916 2785 non
939 2725 1044 2785 solum
1068 2723 1241 2804 aliqnando
1263 2722 1302 2782 ad
1318 2722 1374 2783 lit·

254 2833 356 2886 teram
379 2821 516 2887 Cedreni
541 2832 665 2886 textum
685 2825 903 2902 descripsisse,
926 2827 979 2887 sed
1004 2827 1042 2886 de
1063 2845 1123 2888 suo
1145 2824 1374 2887 etsecundnm

254 2929 420 3005 propriam
442 2927 641 2988 locutionem
666 2929 820 2989 nonnulla
837 2927 1109 3006 superaddidisse,
1127 2945 1211 3005 qnae
1230 2925 1297 3006 jam
1314 2922 1376 2986 Hi·

256 3030 396 3090 storicus
418 3036 450 3089 et
473 3031 537 3107 ipse
559 3029 691 3107 quidem
715 3031 841 3090 doctor
863 3037 1157 3109 praeoptaverant,
1182 3047 1239 3090 nec
1263 3027 1375 3088 ullum

253 3140 325 3196 erat
347 3150 439 3207 opos.
463 3129 524 3192 Ex.
549 3149 578 3210 g.
603 3133 632 3191 in
656 3131 716 3193 line
740 3129 826 3193 Libri
844 3131 868 3194 l.
887 3134 1025 3211 legitur:
1045 3130 1124 3194 «Hi
1145 3129 1245 3209 iqitur
1265 3147 1376 3192 omnes

252 3233 288 3293 dc
316 3240 435 3294 notura
464 3231 608 3293 universi
630 3252 667 3293 oc
688 3232 888 3312 quaeratione
909 3234 995 3307 hoec,
1017 3234 1068 3294 nti
1088 3229 1311 3311 exposuimus,
1335 3250 1378 3292 ex

254 3351 313 3396 suo
334 3331 483 3413 opinione
505 3334 660 3395 dixerunt
682 3343 737 3394 etc.
763 3334 802 3395 Et
826 3337 867 3395 ita
892 3347 1032 3412 uterque
1054 3334 1219 3398 Cedrenns
1239 3343 1273 3394 et·
1288 3330 1378 3394 dnn-

253 3453 369 3518 nymus
390 3437 599 3514 scripserunt.
624 3433 744 3496 Deinde
770 3454 847 3497 vern
869 3437 952 3498 alter
978 3437 1102 3499 subdit:
1128 3457 1144 3495 o
1167 3435 1289 3496 Eorum
1310 3432 1374 3513 ipi-

254 3545 306 3596 nsr
327 3534 383 3615 qui
408 3535 495 3614 opud
518 3553 644 3614 procons
670 3534 887 3616 philosophari
916 3535 1057 3618 oppressi
1084 3546 1159 3599 sont
1172 3581 1183 3612 ,
1209 3535 1378 3615 opiniones

254 3634 332 3699 sotis
354 3635 556 3716 exposuimus
584 3648 646 3699 etc.
683 3638 783 3698 inanis
817 3639 966 3717 repetitio
998 3640 1176 3717 superioris
1204 3639 1376 3698 sermonis.

255 3737 362 3812 Quom
386 3738 610 3818 repetitionem
633 3738 708 3799 alibi
732 3740 769 3800 de
789 3737 976 3802 parmenide
991 3743 1088 3801 sensit
1104 3737 1254 3802 Crnicins
1271 3755 1299 3799 c.
1317 3735 1379 3800 tx.

254 3843 285 3902 in
310 3842 435 3905 verbis:
462 3839 531 3919 lpse
552 3852 658 3904 nutem
679 3840 766 3903 dicit
786 3844 940 3904 mnodum
966 3861 1027 3904 esso
1057 3850 1220 3903 oeternum
1252 3842 1379 3902 incren-

257 3951 324 4002 tnm
346 3952 407 4004 ete.
432 3961 577 4005 asserens
599 3944 721 4005 ideirco
744 3943 823 4006 haec
847 3946 944 4007 verba
966 3944 1072 4006 addita
1105 3961 1173 4005 esse
1201 3942 1242 4004 ab
1271 3944 1378 4004 altera

260 4059 380 4122 mann;
403 4061 533 4106 manum
556 4045 660 4107 dicam
683 4063 743 4123 ego
775 4047 955 4129 Anonymi,
991 4047 1047 4125 qni
1070 4063 1089 4107 a
1110 4044 1258 4110 Cedreno
1289 4044 1376 4107 dicto

259 4147 460 4225 transcripsit
481 4157 513 4210 et
536 4154 771 4210 commentatus
793 4155 851 4210 est.

321 4243 452 4326 Neque
476 4248 566 4312 nobis
587 4249 693 4312 obstat
715 4249 913 4328 hypothesis,
939 4256 1117 4327 utrumque
1141 4246 1322 4311 (ledrensem
1345 4253 1377 4309 et
