2886 4784
1239 315 1278 381 15

156 425 178 469 n
201 406 270 470 uiro
289 426 352 472 nou
372 410 525 474 discedere
529 429 544 485 ;
566 415 698 494 quodsi
719 414 913 493 discesserit,
938 434 1064 481 munere
1093 418 1276 498 innuptam,

158 516 218 570 out
247 507 318 572 niro
346 530 403 573 suo
433 512 644 578 reconciliari.
669 514 719 579 Ex
751 519 932 598 praemissis
965 518 1171 583 citationibus
1203 535 1278 607 cum

159 609 339 687 Matthaei,
363 611 484 688 Marci,
507 613 614 680 Lneae
635 627 667 679 et
690 619 837 696 Apostoli
859 618 899 680 de
919 619 1080 682 connubio
1102 619 1279 680 christiano

159 711 238 773 citet
261 712 465 793 testimonia,
487 717 603 779 nullibi
635 727 772 797 apparet
792 736 917 782 comma
948 717 979 785 9.
1003 717 1157 782 Matthaei
1179 736 1221 781 ex
1249 734 1277 780 c.

160 807 252 873 xlx.
266 814 444 877 secundum
468 826 592 881 textum
609 837 760 899 graecum
784 821 963 900 vulgatum.
979 817 1040 884 Sed
1062 817 1158 879 aliter
1171 817 1279 897 sequi·

162 925 219 975 tur
241 920 390 977 veterum
415 915 547 982 Petrum
570 938 764 999 graecorum
786 921 995 1000 praemissam
1017 920 1203 981 lectionem.

244 1011 319 1077 Post
341 1016 403 1079 hoc
424 1028 555 1082 nonest
576 1023 772 1085 omittendus
792 1022 876 1084 liber
896 1020 1000 1085 eidem
1023 1017 1141 1081 Basilio
1157 1036 1281 1082 nuncu·

161 1122 258 1189 patus
277 1124 312 1178 et
343 1117 514 1198 inscriptus
544 1117 681 1201 Requluc
711 1120 905 1186 Moralium:
936 1121 993 1186 ubi
1023 1129 1132 1183 textus
1159 1122 1279 1182 citatur

157 1213 257 1292 juxta
282 1215 445 1296 vulgatam
468 1238 616 1298 graecam
638 1224 820 1286 editionem.
845 1223 879 1287 ln
902 1221 1015 1302 regula
1036 1221 1086 1287 73.
1108 1221 1147 1283 de
1158 1217 1200 1283 iis
1221 1219 1279 1300 qui

161 1313 370 1379 matrimonio
384 1317 601 1400 junensem,
625 1323 755 1403 legitur.

241 1414 371 1482 Titulus
393 1420 416 1481 l.
441 1419 534 1497 Quod
555 1423 606 1486 eir
624 1425 663 1487 ult
681 1442 801 1502 urere,
824 1435 882 1488 out
902 1444 986 1488 uror
1006 1446 1026 1489 o
1047 1423 1115 1486 ciro
1135 1443 1199 1489 nou
1228 1426 1280 1487 dc·

159 1518 227 1580 beot
248 1522 411 1599 seperari,
432 1523 499 1587 nisi
517 1525 591 1605 quis
615 1526 865 1608 deprehendatur
896 1526 932 1593 in
960 1525 1192 1608 fornicatione,
1221 1535 1281 1590 out
1396 1539 1399 1543 '

157 1619 276 1700 pietati
293 1622 337 1684 sit
356 1621 584 1703 impedimento.

163 1766 166 1771 -
244 1723 349 1802 Caput
369 1724 391 1786 l.
411 1727 531 1788 dictum
553 1737 602 1790 est
622 1737 754 1792 eutem:
775 1727 963 1809 quicumque
982 1727 1138 1796 dimiserit
1150 1749 1280 1793 uxorem

162 1844 270 1899 suum,
292 1827 341 1887 det
361 1827 391 1889 ci
409 1825 557 1890 tenattem
576 1828 713 1909 repudii.
737 1824 805 1909 Epo
834 1840 938 1893 autem
966 1829 1037 1897 dico
1065 1829 1171 1893 nohis:
1202 1827 1280 1912 quia

162 1924 281 2001 omnis,
299 1926 356 2007 qui
376 1926 532 1993 dimiserit
546 1949 677 1994 uxorem
697 1950 798 2006 suem,
821 1941 948 2011 eccepto
961 1929 1185 2012 fornicationis
1205 1949 1280 1994 cuu-

162 2049 214 2104 σα,
236 2031 318 2109 fucit
337 2049 404 2093 com
425 2029 582 2094 moechari
593 2051 602 2093 ε
620 2043 648 2093 et
661 2031 718 2112 qui
731 2031 895 2095 dimissum
915 2032 1066 2110 duxerit,
1088 2031 1277 2093 moechatur.

164 2130 275 2213 Siquis
297 2129 383 2194 uenit
401 2133 445 2194 ed
464 2151 533 2203 me,
555 2141 585 2195 n
604 2151 667 2195 non
701 2133 769 2197 odit
793 2144 913 2214 putrem
931 2153 1026 2196 suum
1046 2142 1073 2195 ct
1092 2142 1222 2195 matrem
1249 2139 1279 2194 et

160 2253 296 2297 uxorem
316 2244 345 2296 et
363 2234 449 2315 filios
468 2244 496 2296 ct
515 2233 631 2310 fratres
652 2244 679 2296 ct
699 2253 819 2298 sorores
840 2236 944 2299 adhuc
963 2244 1068 2298 nutem
1089 2244 1117 2295 ct
1136 2231 1277 2296 animum

161 2356 270 2412 suum)
285 2355 350 2398 non
367 2345 467 2417 potest
486 2355 570 2399 meus
591 2354 653 2399 csse
673 2335 852 2417 discipulus
874 2383 881 2398 .
906 2383 912 2398 .
937 2383 945 2400 .
971 2383 978 2399 .
1004 2334 1082 2398 Dico
1103 2345 1205 2397 eutem
1226 2353 1279 2396 oo·

160 2440 223 2515 bis,
246 2438 324 2520 quio
344 2436 707 2520 quicumquedimiscrit
729 2457 860 2502 uaeorcm
881 2457 973 2501 suum
994 2436 1060 2498 nisi
1079 2436 1115 2498 ob
1133 2435 1275 2516 [ornicu-

160 2545 290 2615 tiunem,
312 2550 341 2602 et
360 2539 460 2604 otium
480 2538 623 2617 duxerit,
645 2539 844 2612 morcinctum·
865 2547 893 2602 ct
914 2538 972 2619 qui
992 2537 1156 2601 dimissum
1176 2537 1273 2600 duec-

161 2643 211 2705 rit
234 2643 426 2706 moechatur.

164 2763 168 2771 ·
244 2741 374 2808 Titulus
396 2746 492 2809 alter:
514 2745 600 2825 quod
618 2762 683 2808 nou
705 2741 780 2806 licet
799 2739 971 2807 dimittenti
999 2759 1129 2804 ueorrm
1157 2758 1248 2802 suam
1260 2784 1272 2815 ,

160 2850 263 2912 utinm
285 2850 418 2912 ducere:
441 2866 540 2927 neque
561 2845 725 2911 dimissam
745 2865 766 2908 u
786 2843 868 2918 uiro,
890 2843 928 2907 nb
949 2842 1016 2906 aiio
1036 2841 1113 2904 duci
1132 2860 1275 2904 mucorem.

245 2948 349 3029 Caput
374 2950 413 3012 ll.
438 2949 517 3012 Dico
538 2956 648 3010 erstem
672 2948 782 3010 vobisc
803 2944 881 3029 quin
901 2944 1091 3026 quicumque
1120 2943 1276 3007 dimiserit

161 3071 295 3116 uxorem
316 3071 407 3117 suom
427 3048 456 3120 ἐι
481 3045 532 3143 μή
554 3044 605 3120 tet
628 3044 758 3149 ncpuirqc
779 3047 844 3112 uisi
862 3048 898 3110 ob
925 3043 1169 3128 fornicationem
1191 3054 1219 3106 et
1240 3063 1274 3106 u·

160 3153 243 3218 lium
262 3154 403 3235 duxerit,
426 3158 621 3220 moechatur:
637 3165 666 3218 ct
681 3153 738 3235 qui
750 3150 911 3215 dimissum
926 3145 1069 3217 decuerit,
1083 3142 1273 3205 nocebatur.

244 3259 396 3321 Attamen
427 3260 454 3322 si
482 3266 634 3322 accurate
665 3255 865 3337 ponderetur
884 3268 909 3312 s.
934 3245 1083 3309 Doctoris
1115 3261 1203 3319 meus
1232 3260 1274 3304 ex

160 3358 368 3440 praecedenti
390 3360 474 3423 libro
497 3358 541 3422 De
560 3361 621 3441 fide
642 3377 672 3420 n.
696 3355 726 3421 b.
749 3352 939 3432 etamplius
961 3348 1088 3411 collatis
1103 3389 1121 3416 ,,
1135 3361 1220 3424 quae
1241 3343 1273 3404 in

162 3466 308 3539 utruque
329 3457 441 3524 Tituln
461 3460 627 3540 speciatim
649 3455 822 3529 indicavit,
854 3448 1020 3513 manifesta
1044 3446 1174 3508 eruitur
1194 3461 1271 3522 epo·

159 3560 298 3642 cryphia
321 3580 458 3635 eorum,
482 3579 565 3640 quae
582 3560 832 3638 subsequuntur
858 3551 1009 3628 inscripta
1029 3545 1151 3625 Capite,
1168 3545 1268 3607 fllium

159 3680 262 3742 quam
288 3661 440 3726 basilium
464 3661 639 3742 repetentia
671 3666 851 3722 auctorem.
875 3652 955 3715 ltem
990 3649 1063 3711 iude
1093 3647 1272 3710 constiterit

158 3762 374 3842 interpolatio
402 3782 513 3825 sensus
537 3760 638 3832 Tituli
660 3759 681 3822 l.
707 3768 740 3821 et
761 3757 804 3819 ll.
827 3773 885 3834 per
908 3755 1112 3833 hnonpmum
1141 3748 1271 3825 expleta

161 3864 194 3923 in
219 3862 311 3924 dietis
332 3861 509 3943 Capitibus.
541 3861 613 3938 Qua
636 3878 711 3923 sane
732 3858 859 3922 sublata
893 3850 1166 3930 interpolatione,
1199 3864 1274 3908 ana·

158 3964 248 4043 logia
270 3973 490 4045 consequetur
511 3962 664 4027 Auctoris
685 3962 716 4022 in
738 3960 799 4021 hoc
819 3956 905 4018 libro
926 3971 999 4015 cum
1022 3949 1273 4013 discussionibus

159 4066 287 4129 exactis
307 4065 338 4126 in
362 4064 465 4128 tribus
488 4064 642 4143 epistolis,
668 4060 763 4125 sicuti
792 4075 914 4123 cums.
939 4052 1100 4130 Gregorio
1132 4050 1271 4127 aliisque

161 4167 279 4248 priscis
303 4165 451 4229 Patribus
473 4167 511 4229 de
534 4173 621 4231 reete
643 4166 780 4229 lectione
804 4168 843 4241 ‚et
872 4174 967 4222 seusu
994 4151 1218 4232 Evangelisteo
1240 4153 1270 4212 in

161 4266 346 4348 praemissis
369 4267 564 4333 testimoniis.
