2886 4784
249 410 474 485 Theodoretus
497 420 621 507 Cyrillo
643 439 784 486 coaevus
806 422 837 482 in
858 416 1012 486 Sermone
1029 419 1084 486 tx.
1106 421 1148 487 tte
1163 422 1281 503 lapibus

169 519 316 582 eamdem
340 523 509 602 perspicue
530 543 625 604 agens
648 523 893 604 pharisaeorum
927 523 1176 604 disputationem
1207 545 1282 590 cnm

168 616 249 682 Jesu
272 620 312 683 de
336 623 472 700 repudio
495 625 607 687 uxoris
628 643 670 686 ex
692 642 720 685 c.
743 620 830 686 xtx.
853 621 1032 700 Matthaei,
1062 643 1173 704 parom
1207 644 1281 707 pro·

172 721 237 785 lert
258 723 428 788 lectionem
452 726 604 790 versiculi
625 722 655 790 9.
680 724 778 805 bujus
799 724 933 804 capitis:
951 746 968 786 u
985 725 1026 788 At
1047 734 1186 800 naturae
1206 727 1286 807 Opi·

142 883 144 887 ,
171 821 241 900 ies,
264 824 380 906 inquit,
404 828 460 907 qui
483 829 656 890 humanam
680 834 830 889 naturam
852 844 977 900 creans,
1005 842 1105 891 unum
1121 828 1152 890 in
1167 828 1285 908 princi·

170 923 226 1003 pio
243 925 350 989 tirum
373 936 405 990 et
427 927 598 991 foeminam
621 925 795 1001 formavit,
818 926 915 989 etiam
937 925 1020 990 solvi
1042 927 1283 993 matrimonium

172 1034 272 1089 aetat.
297 1024 499 1109 Unieamque
522 1028 619 1109 hujus
641 1027 812 1091 dirimendi
832 1047 964 1092 causum
986 1028 1160 1108 assignavit
1187 1048 1281 1105 eam,

173 1146 260 1209 quae
293 1129 475 1193 maritalem
508 1131 659 1210 copulare
684 1147 759 1192 vere
792 1129 928 1193 divellit.
954 1128 1065 1193 Omnis
1086 1128 1191 1208 enim,
1214 1134 1282 1204 ait,

169 1226 228 1311 qui
247 1227 377 1293 dimittit
398 1250 531 1295 uxorem
552 1251 641 1294 suom
663 1241 791 1312 eccepto
811 1250 909 1296 causo
928 1229 1180 1314 fornicatiouis,
1203 1232 1284 1311 fucit

166 1349 237 1394 enen
257 1331 435 1396 macellaria
457 1343 486 1395 u
507 1332 563 1412 qui
583 1330 745 1397 dimissum
766 1332 909 1406 duxerit,
931 1332 1121 1395 monebatur.
1144 1353 1160 1391 u

250 1432 299 1494 tlt
322 1434 405 1498 banc
425 1443 563 1497 aetatem
585 1435 729 1499 omnium
752 1436 941 1500 criticorum
960 1436 1109 1515 opinione
1139 1435 1283 1499 retertur

168 1532 280 1598 Codes
306 1538 470 1600 vaticanus
491 1551 627 1616 graecus
650 1555 679 1599 n.
702 1533 792 1603 tutte.
815 1536 965 1601 omnibns
993 1536 1159 1600 codicibus
1192 1555 1283 1617 grec·

169 1654 289 1700 corum
312 1635 492 1702 Bibliorum
521 1640 711 1718 antiquitate
744 1650 921 1719 praestans.
947 1637 981 1699 ln
1015 1639 1076 1700 boe
1103 1639 1282 1718 examplari

168 1738 290 1801 citatur
314 1741 493 1803 versiculus
513 1738 542 1805 9.
566 1759 593 1801 c.
617 1736 703 1802 xtx.
728 1741 776 1801 bis
802 1742 930 1803 serbis:
953 1739 1054 1831 Λέγω
1075 1736 1109 1808 δέ
1135 1736 1225 1832 ὑμῖν,
1248 1737 1284 1823 ὅς

163 1831 206 1905 ἄν
234 1832 377 1931 ἀπολύσῃ
412 1834 472 1918 τήν
504 1841 643 1931 punitura
678 1833 776 1907 doato
808 1833 964 1936 παρεκτὲς
992 1841 1092 1934 λόγου
1125 1845 1283 1944 πορνέιας,

168 1940 253 2011 notit
277 1937 380 2023 evade
405 1942 637 2036 μοιχευθῆναιτ
663 1942 721 2013 uui
737 1939 753 2009 ὁ
770 1940 1005 2036 ἀπολελυμένην
1020 1942 1187 2038 γαμήσας,
1205 1972 1282 2040 μοι·

167 2054 292 2140 χᾱταιε
315 2051 390 2114 Dico
411 2057 513 2113 nutem
533 2050 630 2120 nobis,
652 2049 707 2130 qui
726 2048 880 2112 dimiserit
900 2071 1030 2116 umorem
1051 2072 1166 2128 sunm,
1196 2073 1282 2118 eece·

165 2166 227 2235 plu
248 2173 347 2218 causo
366 2147 606 2233 fornicatiouis,
619 2149 700 2232 fucit
721 2168 788 2212 enm
808 2150 1098 2231 maeotidumque·
1119 2151 1283 2219 dimissum

168 2254 312 2330 duxerit,
333 2253 525 2317 monebatur.
1221 2240 1224 2244 ’

250 2356 456 2422 Clarissimus
491 2356 541 2417 vir
573 2350 752 2416 Cardinnlis
774 2353 916 2433 Angelus
949 2354 1057 2436 Majns
1078 2356 1109 2418 in
1132 2355 1233 2422 Temo
1257 2360 1280 2422 l.

172 2459 285 2524 Nouae
309 2456 528 2521 Bibliothecae
552 2454 685 2517 Petrum
702 2465 792 2532 parte
808 2454 838 2519 2.
856 2453 1021 2536 Speculum
1045 2459 1142 2523 edidit
1166 2459 1286 2524 Biblio-

166 2580 242 2624 rum
264 2561 465 2633 latinorum,
487 2555 574 2637 qnod
605 2556 765 2634 inscripsit
795 2556 988 2636 Augustino.
1016 2559 1124 2640 Hujus
1149 2559 1276 2642 Speculi

165 2662 272 2726 'cntlex
292 2664 372 2724 situs
394 2669 442 2722 est
464 2659 493 2719 in
518 2655 716 2720 Bibliotheca
739 2661 929 2722 sessoriano.
952 2661 1046 2724 lstius
1072 2673 1181 2726 autem
1204 2683 1279 2726 eon·

167 2769 316 2829 cinnator
349 2765 378 2824 in
410 2782 438 2825 c.
461 2756 510 2825 80.
532 2756 588 2821 ¹De
618 2760 712 2821 leude
742 2759 931 2839 supinum,
966 2771 1136 2844 postquam
1168 2767 1279 2830 citavit

166 2887 197 2930 a.
223 2863 294 2928 Vll.
321 2863 484 2944 llpistolne
509 2862 531 2925 l.
555 2864 594 2923 atl
618 2861 813 2936 Corinthios,
830 2863 960 2925 subdit:
985 2886 1001 2922 n
1019 2865 1097 2926 ltem
1119 2867 1150 2928 in
1173 2864 1277 2930 Evan-

164 2969 250 3048 gelio
270 2967 449 3030 secuntum
477 2963 681 3028 'Matthaeum
707 2960 815 3039 (th.
839 2961 869 3027 9.
894 2961 941 3030 10.
965 2961 1041 3042 ll.)
1069 2965 1146 3028 Dieo
1173 2979 1277 3033 nutem

163 3067 261 3144 uobis,
280 3065 357 3150 qut'u
373 3065 560 3148 quicumque
575 3061 731 3128 dimiserit
752 3082 884 3127 umorem
905 3086 1009 3140 sunm,
1032 3077 1160 3147 excepta
1179 3088 1279 3133 causa
1351 3104 1353 3109 2

162 3169 339 3245 adulterii,
360 3166 440 3249 sunit
461 3167 551 3231 illam
571 3163 737 3229 moecliari.
763 3161 881 3228 Dicunt
903 3167 932 3230 ei
952 3164 1127 3248 discipulis
1150 3169 1180 3232 si
1202 3171 1278 3234 talis

162 3271 231 3335 viri
251 3291 349 3335 eausa
369 3280 412 3332 est
434 3289 505 3332 cum
527 3289 625 3331 uxore
637 3313 650 3344 ,
672 3287 735 3329 teon
766 3267 888 3346 expedit
915 3271 1039 3333 nubere.
1062 3269 1152 3333 desua
1173 3283 1276 3335 nutem

163 3369 327 3452 respoudit
347 3371 411 3434 eis:
435 3390 499 3432 neu
520 3388 626 3431 eirenes
648 3368 781 3449 eupiunt
802 3372 926 3433 verbum
940 3370 1038 3444 istud,
1056 3373 1110 3435 scd
1130 3372 1187 3447 tii,
1204 3373 1276 3454 pui-

160 3471 218 3536 bus
239 3491 416 3536 cencessum
437 3482 493 3534 est.
518 3469 600 3534 Sunt
620 3471 702 3534 enim
723 3473 900 3550 spadones,
921 3471 978 3552 qui
998 3492 1036 3534 aar
1057 3483 1143 3535 utun
1163 3473 1275 3548 enutris

162 3572 234 3638 nuti
254 3586 349 3647 suum·
371 3576 537 3661 spadones,
552 3570 610 3652 qui
628 3572 709 3654 sueti
730 3585 803 3635 sunt
823 3575 861 3636 ab
881 3573 1079 3638 bominibus:
1100 3576 1273 3655 spadones,

160 3676 219 3758 qui
239 3676 354 3757 seipsos
374 3678 627 3757 spudeunuerunt
646 3686 774 3754 propter
794 3695 936 3755 repuum.
963 3675 1027 3752 Oui
1044 3689 1142 3758 potest
1165 3697 1273 3758 cupere

159 3777 281 3858 cupiat.
307 3779 342 3841 ln
363 3798 427 3858 qna
451 3780 624 3850 citatione,
649 3779 837 3856 praesertim
860 3779 1068 3842 consideratis
1092 3780 1270 3856 vocabulis,

158 3882 315 3960 spadones
336 3881 396 3962 qui
416 3879 531 3962 seipsos
553 3882 831 3959 spndenuuerunt,
853 3880 1052 3958 significatur
1072 3881 1194 3945 indoles
1215 3899 1270 3944 an·

163 3983 363 4062 tiqnissimae
384 3984 502 4047 letitiae
526 3982 777 4061 Evangeliornnr
802 3983 955 4045 torsionis
976 4003 1016 4045 ex
1039 4001 1121 4046 aevo
1142 3991 1271 4063 aposto·

158 4083 224 4146 lico
246 4084 416 4162 contlatae,
434 4086 517 4149 uude
541 4085 601 4147 boc
617 4079 785 4162 Speculum
801 4084 1028 4163 transcriptum
1051 4092 1118 4145 esta
1137 4092 1172 4146 ut
1194 4083 1269 4147 binc

160 4185 323 4251 inferatur
344 4187 484 4252 solitum
507 4191 733 4265 argumentum
766 4184 921 4262 genuinae
953 4183 1097 4247 lectionis
1130 4179 1267 4262 praelati
