2886 4784
276 341 314 412 M
718 448 857 517 eleut
883 451 939 515 ΙΙΙ.

263 651 362 717 Brevi
369 651 607 734 “disquisitione
628 664 827 729 tractantur,
849 673 931 735 qnae
952 655 1142 734 Anonymns
1162 654 1199 719 in
1215 655 1320 724 libris
1337 655 1386 723 11.

290 753 369 817 ΙΙΙΙ.
396 753 413 816 1
419 753 450 816 V.
475 755 797 836 philosophumenon
819 755 926 820 scribit
947 759 982 820 de
1004 756 1186 838 ostroloqis,
1213 760 1250 821 de
1270 759 1391 824 matbe-

301 855 440 934 matieis‚
462 855 623 938 coriisque
643 857 768 939 mapine
788 857 964 940 penariam.

269 1102 496 1249 Anonymus,
522 1164 624 1228 veluti
647 1166 676 1228 iu
699 1152 761 1225 fine
783 1160 871 1225 Libri
895 1162 920 1247 l.
943 1165 1128 1245 spopondit,
1148 1164 1388 1245 dcastrologo·

265 1285 340 1331 rum
363 1276 394 1328 ct
415 1266 570 1328 similium
596 1267 735 1328 vanitate
760 1266 919 1328 disserere
946 1275 1112 1340 statuens,
1135 1267 1261 1329 initium
1283 1269 1386 1331 sumit

266 1389 283 1432 a
307 1367 405 1432 Libro
429 1366 465 1428 V.
489 1367 578 1430 Sexti
603 1365 757 1445 Empirici
781 1365 824 1429 De
850 1367 1017 1448 ostrolopis
1040 1387 1069 1428 n.
1089 1366 1141 1432 37.
1165 1377 1196 1431 et
1219 1367 1386 1448 usquead

264 1470 361 1532 linem
386 1472 491 1548 pergit
512 1469 624 1530 eadem
649 1470 863 1532 transcribere
887 1470 1102 1546 verbotenus,
1125 1488 1209 1548 quae
1231 1469 1316 1531 alles
1335 1486 1386 1530 aa·

263 1573 389 1651 pienter
409 1569 606 1649 excogitavit
628 1571 784 1632 adversos
803 1571 884 1631 banc
899 1580 1040 1633 sectam:
1064 1572 1142 1649 quin
1159 1578 1264 1632 tamen
1281 1577 1385 1645 notet,

266 1692 385 1741 senon
407 1684 574 1736 auctorem
605 1673 658 1735 scd
682 1673 826 1755 ejusdem
855 1673 930 1734 libri
960 1674 1225 1752 transcriptorem
1259 1674 1383 1746 luisse,

263 1776 453 1853 sibimetipsi
476 1776 617 1838 alienum
640 1776 865 1837 inscribentem
888 1792 982 1853 opus.
1001 1773 1042 1837 Et
1057 1774 1332 1854 quernadmodum
1352 1781 1387 1840 io

265 1877 434 1957 praelatis,
458 1877 500 1938 ita
523 1878 554 1938 in
576 1879 785 1956 sequentibus
807 1879 913 1956 pergit
932 1895 994 1940 non
1009 1895 1086 1939 suos
1100 1878 1153 1939 sed
1168 1878 1309 1940 aliorum
1327 1898 1388 1942 er·

173 2038 177 2047 ‚
264 1997 385 2058 ponere
408 1987 580 2052 tractatus,
603 1979 796 2059 quibusdam
818 1978 969 2040 similiter
990 1977 1125 2053 additis,¹
1141 1978 1213 2040 aliis
1234 1987 1382 2058 praeter·

267 2083 383 2157 missis,
406 2081 478 2144 aliis
500 2079 643 2144 confusis
664 2087 696 2143 et
720 2080 852 2143 ialsatis.

350 2182 393 2247 Et
415 2201 451 2245 re
472 2184 604 2262 quidem
629 2201 704 2245 vera
727 2183 758 2244 iu
780 2200 807 2244 c.
833 2179 857 2243 l.
883 2179 929 2243 m
948 2179 1118 2261 astrolopis
1133 2199 1163 2245 n.
1178 2177 1208 2245 2.
1227 2179 1317 2244 Sexti
1330 2199 1388 2243 er·

266 2286 416 2365 positioni
438 2285 604 2347 interserit
625 2285 793 2346 historiam
817 2292 1027 2362 perstarem,
1051 2285 1197 2364 inquiens
1223 2273 1285 2346 ‘bos
1313 2284 1389 2346 hae·

269 2389 388 2450 reticos
411 2387 442 2446 ln
464 2405 524 2448 sno
546 2385 767 2448 concinnando
788 2393 974 2468 systemate,
997 2386 1230 2447 chaldaeorum
1247 2385 1386 2463 discipli·

269 2490 315 2550 nis
338 2507 413 2550 usos
437 2487 548 2560 luisse,
570 2504 712 2566 quorum
738 2485 888 2548 releilere
903 2507 937 2548 se
954 2487 1127 2564 profitetur
1143 2504 1295 2549 errores:
1314 2490 1386 2564 qui·

269 2589 329 2650 bus
353 2591 493 2662 notatis,
528 2588 707 2649 revertitur
739 2587 777 2647 ad
810 2587 932 2648 librum
955 2588 1069 2667 Sexti;
1092 2606 1129 2650 ac
1152 2589 1183 2648 iu
1204 2587 1266 2649 tine
1296 2607 1325 2649 n.
1353 2584 1383 2650 7.

269 2690 392 2764 subdit,
414 2708 448 2751 se
471 2688 621 2768 pluribus
644 2689 823 2750 rationibus
846 2689 1013 2751 inductum
1037 2689 1135 2751 luisse
1164 2689 1204 2750 ad
1237 2689 1387 2751 conluta·

272 2793 390 2853 tionem
413 2778 599 2852 chaldaicae
621 2791 808 2868 disciplinae
829 2793 914 2852 circa
936 2790 1127 2855 futurorum
1151 2793 1386 2870 praevisionem

268 2896 308 2954 ab
331 2904 495 2956 astrorum
517 2912 617 2955 cursu
638 2894 679 2955 ob
702 2894 935 2971 multiloquam
957 2895 1199 2957 baereticorum
1217 2894 1385 2968 malitiam,

269 2999 325 3074 qui
349 2997 427 3057 huie
448 3006 518 3058 arte
540 2995 832 3058 communicarunt.
863 2994 985 3057 Deinde
1017 2996 1151 3069 transit,
1180 3004 1309 3058 mutuas
1337 3013 1388 3058 so·

267 3098 329 3172 lis,
352 3099 473 3169 lunae,
505 3099 646 3159 aliorum
675 3109 840 3160 astrorum
863 3108 893 3160 et
917 3107 1024 3160 terrae
1055 3097 1238 3160 describere
1268 3096 1387 3159 dislau-

272 3201 342 3272 tias,
369 3206 405 3260 ul
428 3198 602 3261 concludat
624 3217 653 3257 n.
678 3195 725 3260 13.
750 3219 766 3256 a
790 3196 879 3259 llaec
901 3196 1061 3273 nonnulli,
1084 3199 1168 3259 alius
1190 3207 1261 3275 post
1285 3197 1389 3259 allum

270 3300 384 3360 sectati
402 3307 439 3360 -et
461 3317 574 3377 magna
600 3301 660 3359 rati
682 3309 714 3360 et
735 3301 842 3360 studio
864 3299 957 3378 digna
980 3299 1142 3372 arbitrati,
1165 3299 1336 3360 immensas
1357 3305 1390 3360 et

265 3400 406 3463 infinitas
429 3402 577 3462 haereses
594 3403 836 3463 constituerant
846 3422 853 3462 ε
878 3421 919 3463 ex
941 3402 1059 3480 quibus
1076 3420 1158 3463 unus
1174 3401 1305 3480 quidem
1327 3399 1390 3464 Co-

268 3501 418 3563 lorbasns
440 3502 540 3579 ipsam
564 3501 714 3578 pietatem
737 3520 774 3561 ac
799 3502 986 3580 religionem
1008 3502 1152 3563 numeris
1174 3519 1211 3561 ac
1229 3503 1390 3565 mensuris

180 3614 186 3623 ·
269 3617 439 3679 aggressus
461 3610 508 3663 est
529 3619 693 3679 exponere
715 3612 776 3664 etc.
802 3623 817 3657 a
843 3601 882 3664 Et
904 3604 975 3681 quis
998 3621 1142 3682 unquam
1166 3602 1313 3675 audivit,
1339 3599 1391 3664 vel

269 3701 348 3781 legit
369 3721 410 3764 ex
435 3702 531 3762 variis
553 3710 717 3763 astrorum
741 3703 912 3778 distantiis,
938 3705 1139 3784 diversisque
1162 3719 1277 3766 eorum
1300 3717 1390 3764 men·

270 3805 356 3867 suris
381 3810 524 3866 vetustos
547 3805 727 3867 haereticos
749 3804 887 3867 infinitas
909 3813 941 3867 et
966 3806 1134 3869 immensas
1167 3810 1271 3867 sectas
1301 3801 1393 3864 insti·

271 3901 398 3967 tuisse?
421 3903 574 3967 Attamen
596 3906 704 3967 statim
726 3905 865 3986 subjecit
881 3905 1083 3989 Anonymus,
1109 3925 1210 3970 nuum
1232 3905 1317 3966 inter
1335 3920 1392 3966 eos

269 4009 434 4069 numerari
457 4005 686 4080 Colocbasum,
704 4007 782 4070 hnic
806 4018 971 4071 vacantem
995 4008 1113 4071 studio.
1136 4007 1168 4069 Si
1190 4027 1232 4071 ex
1255 4023 1390 4086 graeco·

273 4125 346 4171 rum
371 4107 488 4173 labnlis
509 4111 662 4172 dicantur
680 4109 972 4174 valentinianorum
995 4118 1054 4172 aot
1075 4111 1251 4174 universim
1272 4110 1393 4188 gnosti-

271 4228 385 4274 corum
406 4211 568 4276 derivasse
591 4213 754 4285 haereses,
778 4231 840 4275 non
863 4212 1010 4275 diffitear.
1034 4211 1267 4291 Nihilominus,
1287 4219 1324 4276 nt
1343 4212 1389 4275 alt
