2886 4784
248 437 311 504 Sed
333 436 448 517 qualos
471 437 597 502 tendam
620 439 754 502 luerunt
779 458 816 503 ea
844 438 1013 520 Theophili
1039 450 1144 506 aetate
1173 344 1286 510 tacit?

166 541 214 603 uis
235 541 443 620 origenianae
465 539 652 620 principes?
672 541 785 620 quales
808 543 933 620 patroni
955 553 1177 620 agnoscuntur
1208 546 1285 610 hae·

167 660 278 705 mseos
302 641 499 722 hujusmodi,
515 646 644 721 quaein
659 663 692 705 se
710 645 910 722 impietatum
934 645 1105 707 cumulum
1127 647 1285 710 adversus

166 739 273 804 Deum
295 743 454 820 capiebat,
476 744 615 805 absurda
640 755 671 805 et
694 745 838 806 iahulosa
864 744 1049 819 Marcionis,
1076 744 1219 810 Basilidis
1248 755 1281 811 el
1346 822 1349 828 ,

167 839 328 905 Valentini
351 853 530 905 commenta
554 846 762 923 instauravit3
789 855 821 906 et
851 865 934 924 quae
964 846 1203 911 haereticorum
1230 867 1284 910 ne·

167 944 285 1007 minem
323 962 466 1023 unquam
503 947 701 1022 excogitasse
723 956 857 1024 apparet
879 949 909 1007 in
933 948 1065 1010 historia
1090 949 1286 1014 haeresum?

165 1041 301 1120 Quales,
320 1054 401 1124 quot
423 1053 454 1106 et
476 1046 530 1107 uhi
553 1049 690 1108 extitero
712 1047 750 1106 de
773 1046 890 1109 Christi
913 1066 1027 1127 grege,
1058 1049 1113 1125 qui
1135 1051 1175 1110 ad
1199 1052 1281 1113 bauo

168 1145 328 1208 haeresim
351 1156 569 1221 accensorum,
592 1166 696 1224 caque
719 1148 852 1225 proiessi
875 1159 950 1211 sunt
972 1148 1149 1227 dogmata?
1258 1212 1266 1225 ,,

255 1244 416 1308 Factionis
439 1250 644 1325 origenianae
667 1251 824 1326 principes
846 1251 875 1309 in
900 1250 1048 1332 Aegypto
1070 1262 1285 1315 numerantur

167 1345 336 1423 isidorus,
363 1348 571 1420 humanius,
596 1348 754 1411 Eusebius
776 1359 807 1410 et
836 1348 1031 1431 Euthyrnius
1054 1353 1212 1414 monachi.
1248 1351 1281 1414 ln

168 1440 390 1512 Palaestinas.
413 1448 552 1512 loannes
575 1448 879 1531 Hierosolymorum
906 1453 1087 1530 episcopust
1103 1451 1283 1515 Constanti·

169 1551 278 1627 nopoli
302 1569 327 1612 s.
350 1549 490 1614 Joannes
512 1548 762 1634 Chrysostontus
785 1562 861 1612 ets.
884 1550 1083 1615 Theotimus.
1106 1553 1230 1617 Rosiae
1251 1564 1284 1618 ei

164 1651 196 1712 in
220 1650 312 1713 ltalia
337 1650 486 1714 Bellicus
509 1652 687 1734 presbyter.
712 1650 752 1714 Hi
775 1671 791 1713 a
815 1651 998 1732 Theophilo
1031 1665 1062 1715 at
1083 1653 1283 1740 Hieronymo

166 1751 324 1814 dicuntur
346 1754 442 1834 hujus
465 1756 635 1814 haereseos
656 1753 767 1827 duces,
783 1764 840 1816 eut
856 1757 1020 1834 praecipui
1037 1753 1185 1834 Origauis
1208 1757 1283 1819 hee·

168 1855 262 1917 retici
286 1855 426 1932 petroni.
454 1852 495 1915 ttt
517 1865 671 1915 notantur
693 1856 865 1932 impiorum
888 1855 1073 1932 dogmatum
1096 1874 1170 1918 cum
1200 1858 1284 1935 ipso·

165 1972 242 2018 rutn
265 1957 418 2034 magistro
439 1955 579 2033 Origene
602 1955 805 2017 defensores:
826 1957 955 2017 eusdem
973 1958 1057 2029 dico,
1073 1973 1229 2033 quorum,
1246 1963 1284 2019 ul

165 2058 297 2119 memini
320 2067 435 2129 antea,
459 2056 536 2118 itdcs
558 2064 589 2118 et
613 2058 713 2134 pietas
734 2058 875 2132 eximia,
901 2065 933 2118 ot
955 2058 1112 2119 incessens
1135 2075 1195 2136 pro
1223 2057 1280 2120 do·

162 2156 268 2219 ctrina
290 2156 453 2218 catholica
476 2156 566 2217 zelus
587 2157 662 2217 sutis
688 2159 830 2235 satisque
862 2158 1129 2219 commendantur
1150 2175 1167 2218 a
1191 2176 1285 2222 coac·

163 2257 212 2320 vis
233 2259 471 2337 scriptoribus:
496 2252 529 2320 et
552 2276 695 2337 quorum
725 2259 906 2320 orthodoxa
940 2260 1086 2321 doctrina
1115 2258 1285 2323 revelatur

163 2357 197 2420 in
217 2360 286 2446 suis
306 2362 454 2439 scriptis;
477 2369 509 2421 et
529 2379 670 2439 quorum
705 2370 840 2421 mortern
876 2362 906 2421 in
939 2358 1079 2422 Ecclesia
1113 2359 1281 2425 catholice

159 2459 278 2523 sinceri
304 2470 397 2523 testes
420 2461 563 2541 ejusdem
586 2464 700 2523 cretatis
721 2471 753 2523 et
776 2462 914 2538 regionis
944 2461 1200 2525 confirmaruutt
1224 2481 1279 2526 eo·

160 2578 305 2639 rumque
327 2565 515 2623 memoriam
539 2564 622 2623 inter
635 2571 760 2623 sanctus
779 2570 976 2625 venerantur
991 2563 1132 2642 episcopi
1150 2573 1182 2625 et
1198 2561 1280 2625 Pon·
1334 2625 1336 2629 ,

161 2660 276 2725 lilices.
301 2660 366 2735 Hi,
391 2680 506 2725 rursus
529 2667 683 2743 inquam,
708 2665 877 2726 haereseos
906 2666 1112 2742 origenianae
1133 2682 1151 2726 a
1173 2662 1279 2728 Theo·

161 2761 254 2840 philo
275 2771 308 2824 et
328 2762 531 2848 Hieronymo
553 2764 751 2825 deferuntur
774 2777 1044 2843 propugnatores.

241 2861 409 2937 Secundo,
432 2866 545 2943 quales
566 2874 598 2926 ct
618 2875 698 2943 quot
721 2864 853 2926 luerunt
887 2865 998 2928 talium
1032 2866 1273 2929 baereticorum

162 2965 392 3042 magistrorum
416 2966 591 3044 discipuli3
612 2967 667 3044 qui
690 2966 720 3027 in
743 2965 897 3045 praelatis
922 2967 1108 3045 regionibus
1128 2965 1278 3047 Origeois

161 3074 272 3128 sectas
294 3065 413 3126 addicti
435 3064 541 3128 sunt'i

245 3162 280 3224 lu
302 3165 448 3248 Aegypto
472 3165 644 3239 ammonii,
660 3163 802 3237 Eusehii‚
821 3163 984 3248 Euthymii
1008 3172 1039 3227 et
1064 3164 1177 3226 isidori
1201 3166 1275 3228 hee·

161 3265 286 3328 reticae
308 3267 474 3343 pravitatis
496 3267 631 3340 ducum,
653 3266 843 3328 eorumdem
877 3266 1026 3340 discipuli
1060 3274 1277 3328 numerantur

162 3367 301 3429 tercenti
323 3366 516 3444 etamplius
538 3368 708 3441 monachi,
741 3367 824 3426 inter
855 3376 982 3427 sauctus
1013 3366 1053 3426 ab
1084 3365 1219 3427 ecclesia
1241 3382 1278 3427 o·

161 3466 294 3529 rieutnli
317 3467 478 3529 honorati.
502 3465 551 3530 Ac
574 3476 703 3545 praeter
732 3468 808 3528 istos
841 3484 934 3527 nemo
963 3467 1085 3544 legitur
1117 3467 1278 3544 particeps

160 3567 252 3629 illius
275 3567 457 3629 haereseos.
483 3567 517 3629 ln
541 3567 718 3629 Palaestina
742 3568 854 3630 nullus
877 3578 948 3644 post
968 3565 1124 3629 loannem
1155 3566 1278 3642 episco-

161 3683 240 3745 pum
264 3665 326 3728 lide
348 3674 381 3728 et
404 3668 522 3745 pictate
544 3669 772 3746 praeclarum,
796 3677 951 3731 narratur
981 3669 1055 3730 huic
1077 3667 1202 3729 haeresi
1224 3663 1280 3726 ad·

160 3767 313 3829 haesisse.
346 3763 387 3828 Et
413 3767 560 3848 Synodus
589 3772 655 3847 ipsa
679 3770 720 3830 ihi
745 3771 816 3832 ideo
842 3770 980 3832 adunata
1006 3776 1156 3839 testatur,
1178 3783 1275 3844 qnos-

159 3867 235 3930 dam
259 3870 289 3928 in
313 3884 349 3929 ea
373 3871 504 3947 regiona
533 3870 642 3932 fidelos
674 3873 842 3932 erroribus
875 3873 1080 3949 acquiescere
1111 3866 1276 3946 Apollina-

159 3974 226 4042 ris,
249 3979 282 4031 et
303 3970 384 4030 alios
402 3969 624 4049 judaeorum,
650 3973 921 4034 samaritanorum
945 3981 976 4033 et
997 3969 1163 4047 gentilium
1183 3970 1275 4046 sequi

158 4073 384 4151 impietatem:
408 4076 596 4150 ceteroquin
619 4074 775 4134 neminem
797 4073 843 4134 ait
859 4071 1000 4136 inveniri
1031 4078 1138 4132 sectae
1167 4071 1272 4148 orige-

157 4174 273 4237 nianae
307 4174 473 4239 devotum.
498 4162 775 4256 Constantinopoli
796 4192 822 4240 s.
845 4169 1075 4256 chrysostomo
1105 4171 1276 4266 haereseos
