2886 4784
248 442 354 504 minae
375 438 528 521 effuoietir
550 458 605 501 neo
627 459 689 527 non
712 452 740 502 el
765 440 895 505 Tartari
914 442 1040 506 oleeuri
1061 441 1167 506 oleum
1187 442 1261 508 tine
1279 446 1377 510 lumi·

251 560 313 618 ne,
332 561 390 621 per
417 541 504 604 Verbi
531 561 634 604 eonem
663 561 729 605 non
758 541 1005 617 illuminatum,
1028 555 1055 606 et
1077 546 1231 623 ferventes
1252 548 1382 611 aeterni

251 645 340 706 laeui
361 643 517 722 qelennae
538 643 696 723 dammae,
719 654 747 705 et
768 654 924 706 tortorum
940 643 1072 708 Tartari
1092 648 1283 725 anaelorum
1302 668 1376 711 oeu-

251 745 318 805 lum
339 761 457 820 semper
476 743 644 817 minacem,
667 754 695 806 et
716 763 859 819 vermem,
883 745 941 824 qui
962 750 1103 824 eorporis
1121 767 1180 827 per
1205 748 1353 812 illuviem
1365 795 1378 826 ,

252 863 364 924 eorpus
385 842 536 908 ebulliens
556 844 669 907 circuit
690 865 752 926 quo
773 847 925 908 alimento
946 846 1123 910 nutriatur.
1140 847 1228 910 Haeo
1242 849 1375 926 vitalis,

252 944 293 1018 ei,
308 946 380 1027 quie
394 943 435 1006 eit
452 945 549 1017 Deua,
564 945 706 1007 docearis
710 965 726 1016 ,·
747 944 924 1008 immortale
946 966 1061 1026 corpus
1074 946 1207 1024 nabebis,
1223 947 1375 1015 incorra-

208 1070 212 1076 ·
247 1045 419 1128 ptibiloque
438 1049 542 1110 eadem
562 1050 653 1109 modo
673 1057 767 1127 atque
781 1045 941 1119 animam,·
957 1060 985 1109 et
999 1067 1132 1128 reanum
1147 1051 1309 1130 caelorum
1324 1070 1375 1113 ae·

253 1147 374 1228 eipiesz‘
390 1149 459 1228 qui,
482 1151 556 1210 dum
578 1149 703 1228 doneris
724 1148 759 1210 in
782 1150 889 1222 terrie,
903 1169 1004 1228 reyem
1019 1152 1173 1213 coelestem
1187 1170 1375 1232 coenosam

253 1236 394 1313 erie'Dei
414 1250 609 1331 familiaris,
630 1252 774 1312 eolaeree
796 1264 901 1313 autem
926 1250 1058 1325 Christi,
1080 1271 1145 1313 non
1160 1253 1233 1334 jam
1253 1252 1377 1333 eupidi-

254 1350 383 1424 tardus,
405 1359 464 1411 aut
485 1350 589 1414 animi
608 1349 826 1412 immoderatis
847 1352 1019 1430 affectibus,
1042 1362 1099 1414 aut
1120 1352 1239 1414 morlia
1259 1372 1375 1433 arana·

252 1461 313 1514 tue.
339 1451 456 1514 Faetus
477 1451 561 1513 enim
581 1471 611 1513 ee
630 1453 715 1513 deus.
737 1448 904 1532 Quidquid
917 1462 1022 1515 aulem
1035 1450 1107 1531 pati
1123 1452 1261 1516 deluisti
1274 1465 1312 1516 ul
1324 1453 1374 1516 lio·

253 1572 324 1626 mo,
347 1553 405 1614 leno
429 1554 623 1617 monstrabat
643 1564 671 1614 te
691 1572 754 1615 esee
775 1550 931 1614 nominem
934 1573 949 1627 ;
972 1573 1187 1635 quaecumque
1218 1555 1277 1617 Dei
1303 1574 1376 1634 pro·

250 1654 326 1734 pria
346 1664 433 1730 eunt,
456 1654 520 1716 ieta
541 1655 598 1717 tili
613 1654 760 1734 praebere
774 1654 923 1732 promisit
939 1655 1035 1732 Deue,
1050 1673 1149 1735 quum
1162 1654 1294 1720 divinus
1307 1658 1373 1739 liet,

255 1765 284 1817 et
302 1752 505 1818 immortalia.
534 1754 604 1818 Hoc
625 1753 748 1818 indicat
769 1756 947 1818 sententia:
979 1755 1086 1820 Nosco
1110 1766 1139 1820 te
1168 1759 1297 1836 ipsum,
1322 1776 1376 1821 no·

253 1875 341 1918 mens
361 1867 530 1918 creatorem
545 1857 655 1919 Deum.
672 1854 822 1920 Nomenti
843 1857 926 1920 enim
946 1877 977 1919 se
991 1856 1109 1937 iprum,
1127 1855 1261 1938 eontiqit
1273 1868 1311 1922 ut
1327 1876 1374 1921 oo

253 1968 426 2038 amoenatur
445 1980 466 2021 a
488 1958 565 2032 Deo,
586 1979 606 2019 a
627 1978 688 2038 quo
708 1969 839 2022 ooeotue
859 1969 914 2020 est.
935 1957 1039 2023 Nolite
1060 1959 1172 2038 initur,
1188 1978 1206 2019 o
1222 1959 1373 2034 nominoe,

254 2057 389 2122 invicem
410 2062 562 2122 adversus
581 2077 634 2120 oos
654 2062 840 2122 contendere
844 2080 859 2132 ;
882 2080 920 2123 ne
940 2059 1080 2124 dubitate
1099 2059 1212 2122 redire.
1233 2058 1376 2124 constas

254 2162 339 2223 enim
360 2170 403 2223 est
423 2179 518 2241 nuper
538 2160 648 2223 omnia
668 2159 860 2224 constitutus
884 2161 977 2237 Dens,
1000 2160 1059 2241 qui
1077 2158 1246 2223 constituit
1265 2163 1377 2225 liuma-

256 2259 371 2325 nitutis
388 2272 520 2343 peecata
531 2259 667 2335 abluere,
681 2281 796 2324 nouum
811 2263 944 2344 efficiens
957 2273 1086 2324 veterem
1100 2258 1270 2337 nominem,
1286 2280 1378 2343 quem

258 2363 296 2426 alt
317 2362 412 2426 initio
432 2360 601 2442 imayinem
622 2380 715 2426 enam
735 2372 927 2439 vocaverat,
949 2383 1043 2427 sunm
1074 2380 1150 2443 erqo
1180 2370 1209 2424 te
1240 2380 1377 2424 amorem

257 2463 397 2542 exemplo
419 2464 592 2524 ostendens.
622 2458 720 2542 Cujus
742 2460 771 2522 ei
791 2462 980 2525 venerandis
1001 2458 1230 2541 obtemperabit·
1244 2459 1380 2522 manda·

257 2563 310 2640 tir,
333 2575 359 2626 et
381 2562 455 2627 leoni
476 2564 572 2625 lanne
592 2564 645 2642 fiee
666 2561 823 2638 imitator,
847 2562 1023 2626 consimilis
1042 2560 1106 2624 eris
1124 2560 1166 2637 ei,
1181 2559 1220 2623 alr
1235 2578 1268 2622 eo
1282 2560 1377 2624 nouo·

257 2677 359 2729 ratus.
382 2663 453 2730 Non
474 2664 557 2727 enim
578 2663 661 2727 Beue
681 2661 844 2725 mendicus
864 2676 924 2742 eet,
947 2664 1007 2743 qui
1031 2673 1060 2726 el
1087 2674 1116 2725 te
1132 2672 1265 2741 propter
1286 2679 1376 2724 enam

257 2764 395 2845 aleriam
415 2767 507 2828 deum
530 2763 616 2845 feeit,
