2886 4784
161 343 202 413 86

159 461 205 512 tos
229 449 295 512 rias
318 449 464 526 aperient
485 445 524 508 ati
547 454 694 525 optatum
716 447 965 527 pertingendum
987 463 1124 528 scopum
1148 457 1265 513 nostrae

159 550 439 613 demonstrationis
462 549 492 610 iu
515 548 575 611 hac
597 547 804 610 conclusione
825 550 918 622 sitae,
942 547 1088 611 fictitiam
1110 558 1145 613 et
1167 553 1265 630 imagi·

159 652 283 714 uariam
306 649 405 713 inisse
426 646 574 729 Origeuis
596 657 628 711 et
648 650 899 728 origenistarum
922 649 1094 712 haeresim.

235 751 338 817 Nemo
354 768 454 830 porro
475 751 670 830 segreierat,
686 751 846 832 siquando
867 752 898 813 iu
914 753 974 814 hae
990 750 1192 814 discussione
1206 771 1265 815 sau·

156 863 284 918 storum
309 855 455 916 virorum
478 861 509 914 et
532 853 720 931 praesertim
744 851 933 932 Hieronymi
962 855 1154 916 auctoritati
1186 855 1266 924 resti·

158 964 240 1018 tero.
261 953 332 1018 Hoc
353 956 436 1017 euim
460 954 602 1033 postulat
623 955 819 1033 quaestionis
833 955 968 1017 essentia
985 955 1070 1015 iuter
1086 954 1267 1036 hujusmodi

159 1057 246 1119 siros
267 1057 419 1134 agitatae,
435 1055 516 1118 alius
537 1073 610 1134 pro,
625 1055 707 1117 alios
729 1064 842 1118 eontra
862 1053 1035 1134 Origenem
1059 1054 1266 1134 disputantes,

157 1156 239 1220 adeo
261 1167 298 1219 ut
318 1157 402 1218 alter
423 1156 518 1218 alteri
540 1155 634 1219 cedat
652 1173 794 1220 necesse
814 1157 866 1219 sit.
891 1154 1045 1221 Ceterum
1069 1172 1134 1217 non
1157 1164 1204 1219 est
1222 1175 1267 1220 oc·

157 1259 344 1332 euitandus,
366 1260 492 1321 etiamsi
514 1256 731 1333 excusandus,
753 1275 849 1320 error
870 1258 1022 1337 alicujus,
1041 1260 1194 1338 quisquis
1213 1258 1267 1322 iiis

157 1363 210 1435 sit,
231 1363 302 1423 sive
323 1361 450 1434 doetus,
472 1361 540 1422 sive
560 1367 712 1434 sanetus,
735 1377 775 1423 eo
796 1361 990 1438 magiarum
1012 1359 1066 1423 hio
1087 1375 1187 1422 error
1207 1377 1268 1423 rer·

160 1469 250 1523 tatur
270 1462 303 1522 iu
324 1461 528 1540 ignominiam
551 1460 699 1535 alterius,
722 1450 833 1523 coram
856 1456 1002 1524 Ecclesia
1024 1463 1056 1524 iu
1072 1462 1145 1542 pari
1161 1460 1267 1525 cousti-
1302 1538 1308 1553 1

64 1604 65 1609 1
161 1565 223 1626 tuti
244 1563 479 1624 aestimatione.
500 1560 640 1642 Singulis
658 1561 712 1642 jus
735 1569 784 1626 est
804 1561 878 1625 fidei
898 1580 979 1626 suae
1003 1563 1184 1643 integritati
1202 1579 1270 1627 our·

158 1663 278 1728 solere.
301 1662 392 1727 Noui
414 1682 492 1745 erpo
514 1664 550 1728 ht
571 1665 699 1744 injuria.
722 1662 905 1745 Unicuique
925 1683 1033 1729 snum.
1074 1703 1077 1710 ·

238 1764 287 1830 he
307 1767 434 1829 interim
456 1767 564 1846 quoad
586 1766 790 1829 discussionis
810 1767 970 1843 ordinem,
988 1784 1052 1831 nou
1066 1784 1085 1828 a
1100 1764 1267 1846 Theophili

158 1875 265 1931 aetate
286 1869 424 1933 meuuda
446 1869 594 1948 quaestio
615 1875 676 1943 est,
698 1868 833 1933 illorum
854 1869 1102 1950 praetermissio,
1118 1870 1176 1950 qui
1197 1869 1266 1933 huis

158 1980 429 2049 praecesserunt,
451 1971 644 2035 authenticis
667 1977 699 2035 et
730 1972 819 2035 omni
847 1971 910 2035 tide
941 1971 1043 2051 dignis
1074 1969 1266 2036 testimoniis.

157 2069 234 2137 Nou
252 2089 272 2134 a
293 2069 474 2152 Theophilo
497 2075 568 2137 siro
596 2072 822 2151 fraudulento,
841 2092 901 2138 uec
920 2091 939 2136 a
961 2071 1164 2158 Hieronymo
1183 2072 1267 2136 irtiaa

158 2174 328 2239 irandihus
350 2183 457 2253 capto,
479 2192 538 2238 uec
560 2175 664 2239 multo
687 2177 791 2239 minus
807 2192 824 2238 a
840 2175 1028 2253 posterioris
1049 2175 1168 2238 aetatis
1187 2190 1266 2237 cum·

159 2276 310 2340 mentitiis
331 2284 363 2340 et
384 2277 547 2358 injuriosis
567 2277 827 2341 enarrationibus
854 2276 1030 2357 repetenda
1057 2285 1106 2341 est
1137 2275 1264 2356 munins

47 2408 50 2413 ·
158 2378 261 2459 hujus>
278 2379 474 2458 quaestionis
494 2379 652 2441 ffistoria:
672 2378 726 2442 sed
749 2378 790 2441 ab
819 2377 883 2456 iliis
914 2379 1180 2459 quamprimum,
1213 2373 1262 2453 qui

79 2474 83 2479 ’
160 2481 247 2541 ritae
266 2480 451 2559 pronitate,
471 2480 560 2556 zelo,
577 2497 618 2543 ac
636 2479 769 2543 scientia
790 2481 868 2541 socii
889 2479 1037 2557 Origeuis
1060 2477 1264 2558 ejusdemque
1310 2500 1313 2510 ·

157 2597 362 2643 successores
384 2581 518 2645 inerunt
537 2582 569 2644 iu
592 2581 798 2660 propaganda
820 2581 937 2643 Christi
954 2580 1137 2658 Religiooe,
1154 2590 1186 2640 ot
1200 2595 1263 2656 pro

159 2680 296 2743 terendis
319 2681 526 2746 inimicorum
545 2701 681 2746 suorum
705 2683 883 2744 conatibus.
907 2680 1117 2759 Quapropter
1140 2679 1262 2740 induas

134 2814 136 2818 f
160 2782 310 2858 periodos
334 2784 436 2846 sisara
459 2785 535 2847 mihi
557 2792 605 2848 est
626 2783 771 2846 dividere
785 2782 1118 2863 quaestionem‚idest
1139 2781 1180 2841 ah
1199 2775 1261 2838 Ori·

162 2884 249 2961 genis
270 2891 375 2947 aetate
397 2886 560 2965 usquead
582 2882 821 2966 Theophiium,
841 2896 874 2949 et
893 2903 910 2946 a
935 2879 1106 2963 Theophili
1128 2879 1261 2962 ejusden

161 2991 279 3059 aetate,
301 2996 333 3049 et
353 2989 546 3053 successive.
