2886 4784
250 395 359 477 phanii
383 389 566 461 testimonio
588 393 671 456 circa
696 407 813 456 entium
835 385 904 459 245.
929 384 1025 458 Necti
1048 390 1204 457 haeresim
1224 393 1377 459 exordis·

246 506 303 557 se:
327 495 408 555 idest
428 489 480 558 lll-
504 493 572 555 lere
594 495 682 554 annis
705 501 778 570 post
800 502 939 557 aetatem
961 513 1058 573 quam
1077 495 1223 558 definivit
1241 498 1372 580 hneny·

247 613 319 658 mus
331 614 343 673 3
366 595 579 673 culpavitqne
603 595 706 675 hujus·
724 595 895 658 haeresees
918 604 1070 675 patrones
1095 594 1319 679 zephyrinum
1341 606 1373 659 et

248 695 436 763 Callistum.
1308 752 1312 763 .

330 795 489 858 Eusebius
512 815 612 876 perro
644 797 845 860 luculentius
867 797 898 857 in
920 790 1021 858 Libro
1044 796 1115 859 Vll.
1142 817 1170 859 c.
1194 796 1249 860 tv.
1273 807 1309 863 et
1330 796 1369 860 V.

251 893 338 959 Hist.
367 896 484 958 Eccles.
511 897 653 977 Dionysii
677 898 877 978 elepandrini
902 899 979 961 citat
999 897 1167 977 epistelam
1183 900 1221 959 ad
1240 890 1373 961 Xistnm

250 995 369 1077 Papam
394 997 433 1059 ll.
459 1000 511 1059 ubi
536 1000 655 1059 anantio
677 1000 787 1077 agitur
809 1000 847 1060 de
863 1000 994 1062 Sabellii
1010 1001 1135 1061 haeresi
1154 1009 1229 1062 tnnc
1246 1000 1370 1063 munde

250 1108 339 1173 neta,
361 1101 442 1160 idest
465 1118 548 1160 anne
567 1095 647 1164 2602
671 1120 687 1157 «
702 1098 797 1172 Nam,
822 1101 926 1180 inquit
949 1098 1133 1182 Dionysius,
1155 1102 1194 1163 dc
1217 1101 1369 1180 dogmate

250 1200 332 1272 ille,
357 1201 437 1261 idest
459 1200 638 1276 sabelliane
667 1198 723 1267 τόυ
745 1200 801 1268 νῦν
823 1200 1005 1280 acaustoe
1023 1202 1109 1278 qnod
1128 1220 1216 1264 eune
1236 1220 1371 1265 cemme-

248 1315 316 1369 tum
330 1317 374 1368 est
389 1309 437 1368 vel
453 1304 644 1385 permineeit
660 1309 689 1367 ie
707 1307 905 1367 Ptolemaide
924 1308 1146 1387 Pentapoleos,
1162 1312 1296 1388 plenum
1312 1313 1371 1372 im-

248 1410 376 1486 pietatis
397 1419 428 1469 et
451 1410 669 1486 blasphemiae
689 1409 847 1471 adversus
876 1412 1128 1488 omnipotentem
1157 1408 1261 1474 Deum
1280 1456 1289 1473 .

252 1508 355 1573 insius
377 1511 501 1585 scripsi.
519 1527 536 1564 a
552 1507 595 1579 Si,
619 1506 712 1569 Xiste
737 1506 903 1581 Pontibcc,
928 1510 1084 1589 inceperit
1105 1509 1238 1572 Sabellii
1258 1529 1371 1585 error,

250 1629 288 1674 se
310 1611 340 1671 in
365 1608 564 1671 Ptolemaide
588 1608 799 1687 Pentapoleos
828 1618 903 1670 tnnc
935 1610 1093 1688 invaluit3
1125 1628 1164 1672 ac
1192 1607 1370 1692 Dionysius

249 1710 290 1772 de
304 1727 344 1771 ce
359 1711 531 1770 certiorem
555 1708 631 1769 lecit
652 1709 801 1771 eumdem
822 1707 1020 1782 Pontificem,
1038 1711 1114 1789 qnid
1136 1710 1299 1788 agendum
1321 1729 1370 1773 es·

249 1819 299 1873 set
319 1827 393 1871 enm
418 1828 555 1888 rogans:
580 1809 745 1888 quemodo
768 1818 841 1871 ante
862 1813 1027 1888 sexaginta
1050 1827 1147 1873 annes
1170 1811 1270 1890 buius
1294 1812 1371 1874 bae-

251 1927 360 1973 reseos
382 1910 567 1973 defensores
586 1908 707 1971 Rornae
724 1910 882 1972 invenerit
899 1911 1087 1991 Anenpmus
1103 1909 1326 1995 Zephyrinnm
1340 1923 1374 1977 et

250 2010 451 2075 Callistum?
474 2008 531 2073 Vel
555 2029 618 2090 qna
643 2012 767 2073 ratione
789 2009 942 2073 Callistus
964 2021 1055 2072 antea
1079 2009 1221 2075 Sabellio
1250 2012 1371 2076 adbae-

247 2114 339 2187 serit,
355 2131 392 2174 ac
413 2102 522 2191 postea
540 2110 788 2176 condemnarit?
803 2131 878 2175 cnm
893 2111 1054 2174 Sabellius
1070 2112 1129 2174 iste
1145 2121 1203 2175 ant
1223 2113 1369 2178 nendum

248 2220 343 2277 natus
365 2221 447 2286 erat,
474 2213 523 2274 vel
547 2223 640 2275 natus
664 2213 812 2291 proiecte
833 2221 971 2276 aetatem
994 2213 1160 2292 degebat?
1176 2214 1206 2275 in
1229 2232 1296 2294 qna
1324 2225 1371 2278 ta·

249 2313 292 2375 lia
316 2332 373 2375 nec
396 2314 513 2375 decere
536 2333 593 2375 nec
616 2333 822 2392 propugnare
845 2312 1032 2392 potuisset?
1063 2313 1188 2376 ldciree
1219 2335 1280 2380 nec
1313 2315 1371 2379 ze·

204 2453 207 2456 -
249 2414 408 2496 phyriona
434 2434 540 2494 neque
562 2413 715 2477 Callistus
744 2434 818 2478 cnm
849 2413 992 2477 Sabellio
1021 2415 1285 2495 contenderent3
1315 2435 1374 2480 nec

195 2526 199 2534 ’
248 2512 410 2576 Sabellius
431 2517 650 2577 indesinenter
671 2518 820 2577 incusare
837 2517 943 2593 potuit
957 2514 1128 2578 Callistum
1146 2524 1301 2597 tanquam
1316 2536 1372 2579 an·

251 2615 362 2693 tiqnae
384 2615 456 2676 fidei
482 2617 697 2691 violatorem,
720 2634 794 2676 cnm
817 2616 978 2678 Sabellins
1001 2625 1072 2692 pest
1093 2615 1259 2690 Nectum,
1285 2618 1371 2680 idest

252 2723 324 2796 post
344 2733 394 2776 en.
416 2713 486 2784 245.
511 2717 621 2778 decuit
643 2729 672 2776 et
697 2716 794 2796 bnjes
816 2716 994 2790 discipules
1017 2716 1099 2778 init:
1116 2732 1153 2778 ac
1172 2715 1298 2779 Romae
1319 2736 1372 2780 se·

249 2815 419 2879 lummede
442 2826 515 2880 neta
539 2817 600 2879 luit
622 2819 702 2880 haec
725 2818 880 2894 haeresis,
897 2813 990 2878 Xiste
1007 2815 1048 2878 ll.
1068 2816 1296 2881 Pontificatum
1318 2835 1371 2898 ge·

254 2928 354 2980 rente.

333 3019 448 3094 Quoad
471 3031 580 3084 entem
603 3019 767 3084 Trinitatis
789 3020 982 3101 Mysterium
1002 3038 1039 3082 ac
1056 3019 1195 3080 divinam
1217 3017 1300 3082 Jesn
1315 3038 1371 3082 na·

250 3129 358 3182 turam
380 3122 537 3185 adversus
559 3123 791 3204 anonymum,
813 3124 869 3201 qni
892 3122 1067 3201 impierum
1089 3121 1276 3198 dogmatum
1300 3139 1369 3182 ma·

251 3221 387 3300 gistrum
405 3224 518 3285 asserit
534 3224 722 3301 praesertim
738 3220 924 3290 Callistum,
940 3227 972 3281 et
986 3221 1116 3281 scholae
1132 3221 1368 3295 institutorem,

146 3322 150 3327 ’
251 3338 348 3400 quum
368 3322 472 3384 adhue
490 3331 632 3401 perstare
644 3341 701 3401 per
712 3320 895 3384 universnm
915 3320 1017 3382 orbem
1031 3320 1192 3400 diffusam,
1210 3330 1239 3380 et
1255 3321 1289 3381 in
1304 3338 1369 3400 qua

251 3419 423 3498 Theodoti,
446 3421 554 3494 Necti,
578 3431 609 3483 et
630 3422 762 3485 Sabellii
784 3439 915 3483 errores
932 3423 1130 3499 propugnari
1146 3420 1371 3499 dieit,prepo·

251 3526 314 3585 site
338 3524 413 3585 lacit
436 3524 521 3601 qued
549 3521 709 3585 Eusebius
733 3523 773 3585 de
806 3521 908 3584 Paule
938 3529 1140 3584 samosateno
1169 3520 1250 3598 (qui
1283 3520 1370 3584 idem

251 3623 410 3686 sentiebat
430 3643 467 3686 ac
489 3623 675 3686 Theodotus
697 3623 887 3702 ceterique)
908 3623 1019 3684 scribit
1033 3623 1064 3681 in
1080 3619 1177 3682 Libro
1193 3618 1264 3682 vlt.
1282 3618 1371 3683 Hiar.

252 3716 372 3780 Eccles.
396 3737 423 3780 e.
449 3717 760 3782 >trutmoniam
786 3721 869 3781 enim
896 3722 1004 3798 arguit
1035 3719 1173 3780 Panium
1202 3718 1241 3779 de
1273 3718 1370 3781 Chri·

253 3825 303 3879 ste
331 3817 519 3879 sentientem
549 3828 660 3881 centra
689 3820 868 3881 doctrinam
899 3819 1150 3880 ecclesiasticam
1165 3837 1177 3896 3
1203 3817 1291 3894 qued
1324 3819 1371 3897 ip-

252 3933 287 3978 se
310 3900 535 3979 tantummode
558 3917 721 3979 communi
743 3936 818 3979 cum
842 3919 969 3979 hemina
986 3925 1101 3978 natura
1119 3917 1306 3995 praeditum
1322 3934 1373 3980 es·

252 4034 286 4077 se
307 4015 429 4078 diceret
450 4016 629 4090 Christum,
651 4018 925 4095 quemadmodum
950 4017 1037 4080 illins
1065 4027 1251 4077 antecessor
1270 4015 1370 4079 Arte·

254 4134 339 4178 men.
364 4116 470 4191 Quam
494 4119 673 4182 doctrinam
695 4120 824 4197 impiam
848 4121 878 4178 in
902 4137 928 4179 c.
952 4115 1073 4179 xxttt.
1095 4116 1375 4187 subditeendem·
