2886 4784
252 342 338 522 glus
364 443 518 506 salesius
541 461 611 504 sese
640 442 827 520 abstergere
851 459 945 519 posse
968 445 1062 521 qussi
1087 461 1150 505 uon
1177 442 1286 504 elisua
1311 457 1385 504 seu

206 600 209 607 t
254 546 345 607 tiret.

332 644 364 708 5.
382 667 400 701 r
417 643 665 721 Fraudulentus,
684 646 784 708 humo
805 648 866 706 iste
890 653 961 706 erat
975 647 1206 724 scelerumque
1226 646 1379 706 nauium

254 748 390 816 artilex,
408 758 441 808 et
456 747 543 809 lacto
565 755 712 826 tenpore
733 748 894 827 plurimos
914 747 1053 824 derepit.
1068 745 1182 822 Quum
1203 755 1321 809 sutem
1337 749 1385 806 in·

255 847 386 910 clusum
409 850 440 908 in
460 848 561 909 corde
585 848 677 909 sirus
698 866 825 925 gerens,
854 848 934 910 nibil
958 861 1046 910 reete
1064 851 1226 921 sentiens,
1249 856 1284 908 et
1306 865 1384 909 reru

255 948 364 1010 dicere
387 951 564 1020 reveritus,
577 967 690 1010 coram
705 951 856 1012 omuibus
870 951 1109 1012 contumeliose
1123 950 1216 1010 uobis
1230 950 1383 1022 dixisset,

254 1043 355 1116 ditm
375 1051 477 1119 estis,
499 1059 601 1126 atque
628 1051 725 1110 etiam
755 1068 858 1127 quum
881 1051 1100 1112 indesinenter
1118 1049 1283 1112 sabellius
1305 1069 1382 1113 eum

254 1156 488 1233 insequeretur
510 1165 662 1234 tauquam
687 1157 825 1233 priscam
849 1155 944 1217 tidem
968 1157 1178 1228 violavisset,
1201 1157 1286 1218 bsnr
1308 1157 1384 1216 hae·

258 1259 354 1317 resim
377 1274 495 1317 noram
516 1257 675 1318 excudit:
699 1255 844 1317 l'erbum
866 1258 993 1318 scilicet
1013 1274 1082 1318 csse
1103 1256 1208 1335 ipsu·
1235 1254 1382 1329 Filium,

257 1357 476 1435 eumdemque
500 1355 628 1418 Patrem
650 1367 900 1435 nuncupatum,
924 1376 1026 1418 unum
1047 1366 1157 1419 autem
1182 1375 1254 1418 esse
1281 1355 1384 1434 Spiri-

259 1466 329 1518 tum
351 1459 551 1534 iudirisnrn3
573 1477 636 1519 uon
657 1459 745 1519 alind
770 1459 899 1520 Patrem
930 1477 1020 1531 esse,
1043 1457 1133 1520 alind
1155 1456 1306 1532 Filium,
1328 1456 1383 1519 sed

262 1574 365 1618 urum
386 1559 541 1637 idemque
561 1579 653 1636 esse;
676 1561 781 1620 omnia
803 1558 927 1637 Spiritu
943 1559 1052 1621 diriuu
1066 1560 1098 1619 in
1112 1558 1209 1620 coelo
1220 1566 1255 1620 et
1270 1558 1303 1618 in
1321 1565 1384 1619 ter·

262 1657 307 1719 ris
327 1657 517 1731 abundare,
539 1657 763 1738 spiritumque
785 1660 880 1721 illum
904 1662 935 1720 in
957 1669 1054 1721 utero
1075 1657 1216 1737 Virginis
1236 1659 1385 1719 lucerna·

262 1768 332 1820 turn
354 1777 417 1821 ron
438 1760 541 1823 alium
562 1780 633 1822 esse
653 1780 692 1824 ac
715 1761 858 1834 Patrem,
879 1764 934 1822 sed
957 1779 1058 1823 uuum
1079 1770 1112 1821 et
1133 1760 1220 1821 idem
1241 1778 1325 1821 esse.
1343 1757 1384 1820 ll·

261 1861 319 1923 lnd
343 1865 427 1922 enim
450 1862 632 1941 siguificare
664 1865 752 1943 quod
777 1864 992 1925 dictumest:
1024 1861 1139 1924 Nonne
1169 1861 1277 1922 credis
1307 1862 1383 1940 quir

260 1981 334 2025 sum
356 1963 387 2024 in
411 1962 507 2025 Patre
528 1974 561 2026 ct
584 1962 733 2026 Peterin
756 1984 806 2025 me
827 1962 904 2025 est?
925 1961 1091 2025 Visibilem
1118 1963 1203 2023 enim
1231 1972 1386 2039 partem,

262 2079 348 2141 quae
371 2065 469 2127 homo
491 2073 552 2138 est,
570 2065 651 2126 hane
672 2083 741 2126 esse
765 2063 907 2143 Filium3
928 2063 1091 2126 inclusum
1113 2071 1223 2124 autem
1245 2063 1277 2123 ιιι
1302 2059 1385 2124 Filio

261 2161 418 2242 Spiritum
443 2165 572 2228 Patrem
604 2186 696 2229 esse:
730 2165 802 2228 Nou
833 2169 948 2240 enim,
974 2168 1046 2240 ait,
1068 2165 1172 2225 dicam
1203 2164 1286 2226 duos
1315 2182 1384 2226 esse

263 2265 353 2342 deos,
370 2266 500 2330 Patrem
515 2281 547 2330 ct
560 2268 693 2342 Filium,
714 2268 769 2331 scd
793 2286 893 2330 onom
917 2269 1032 2329 dicam.
1056 2265 1092 2327 ln
1109 2264 1193 2326 Filio
1212 2266 1299 2326 enim
1317 2282 1384 2326 mu·

263 2378 356 2431 ratos
379 2368 488 2444 Pater,
510 2382 736 2449 susceptam'a
760 2390 794 2433 se
820 2390 950 2433 caruem
975 2371 1115 2430 divinem
1139 2367 1249 2430 ellecit
1273 2384 1387 2429 uurme

264 2487 342 2549 que,
365 2474 408 2530 ιιι
432 2482 467 2532 ut
487 2469 582 2533 Pater
598 2472 764 2554 totusque
782 2482 959 2536 vocaretur
971 2490 1056 2534 unos
1071 2469 1172 2543 Deus,
1185 2471 1256 2547 qni,
1280 2486 1383 2548 quum

266 2589 329 2635 una
354 2591 489 2651 persona
512 2575 566 2647 sit,
589 2575 710 2654 duplex
734 2595 802 2637 esse
824 2593 886 2637 non
908 2583 1036 2653 potest;
1052 2582 1083 2635 et
1098 2590 1247 2634 eoseusu
1263 2571 1385 2633 dicitur

265 2673 368 2736 Pater
387 2693 456 2737 esse
478 2693 589 2753 passus
612 2693 675 2742 oua
697 2693 772 2737 cum
795 2673 892 2737 Filio.
917 2675 1114 2736 Asseverare
1135 2673 1218 2733 enim
1240 2689 1306 2732 non
1329 2688 1385 2734 sn·

267 2777 322 2838 det
345 2795 472 2856 passum
495 2796 563 2840 esse
587 2776 714 2838 Patrem
737 2795 811 2838 cum
825 2775 925 2850 Filio,
940 2794 1102 2854 unamque
1114 2793 1183 2836 esse
1193 2773 1385 2852 personam,

266 2895 306 2939 eo
328 2878 424 2939 modo
444 2895 577 2957 sperans
599 2877 814 2955 blasphemias
846 2879 876 2938 io
912 2875 1041 2938 Patrem
1063 2874 1207 2953 ellegere
1219 2893 1232 2953 3
1255 2874 1386 2936 demens

266 2978 324 3040 ille
346 2989 378 3041 et
396 2979 527 3041 sceleris
542 2980 674 3052 artifex,
692 2979 908 3058 blasphemias
923 2997 1022 3057 supra
1038 2986 1070 3039 et
1086 2976 1168 3038 inira
1184 2975 1383 3054 dispergens,

265 3080 443 3142 dummodo
465 3099 527 3141 uon
552 3079 700 3142 videatur
722 3090 833 3141 contra
858 3081 1027 3141 veritatem
1042 3079 1147 3158 loqui,
1164 3078 1296 3138 minime
1310 3094 1385 3140 eom

267 3181 367 3262 pudet
388 3183 419 3243 in
442 3199 574 3244 errores
595 3181 727 3243 Sabellii
760 3183 884 3255 modo,
918 3185 1013 3243 modo
1044 3178 1203 3242 Theodoti
1232 3178 1385 3241 incidere.

341 3281 371 3347 6.
389 3305 406 3343 r
422 3284 533 3360 Quum
558 3286 632 3345 talia
656 3286 811 3363 deceptor
832 3302 932 3346 ausus
958 3292 1054 3360 esset,
1077 3282 1222 3345 scholam
1247 3280 1386 3343 instituit

266 3387 422 3449 adversus
437 3385 628 3459 Ecclesiam,
642 3396 676 3448 ut
693 3388 735 3446 ita
751 3385 894 3447 doceret.
914 3383 1154 3462 Hominumque
1169 3384 1279 3462 pravis
1294 3383 1384 3461 cupi·

267 3486 420 3549 ditatibns
442 3485 611 3564 indulgere
634 3488 756 3564 primos
778 3487 910 3548 molitos
931 3494 1000 3560 est,
1024 3487 1129 3548 dicens
1152 3503 1170 3546 a
1191 3503 1225 3546 se
1248 3488 1379 3564 peccata

269 3587 417 3650 omnibus
440 3588 571 3650 remitti.
595 3580 804 3666 Quicumque
819 3589 901 3649 enim
918 3589 1111 3651 christianus
1125 3587 1250 3660 dictus,
1264 3586 1307 3647 ab
1322 3585 1386 3647 alio

268 3691 377 3754 luerat
398 3689 563 3764 seductus,
587 3699 618 3751 et
639 3689 745 3752 scelos
766 3690 898 3769 aliquod
913 3690 1132 3764 commiserat,
1149 3706 1212 3752 non
1228 3686 1387 3749 reddebat

269 3794 428 3855 rationem
451 3790 489 3853 de
513 3802 658 3868 peccato,
683 3791 838 3853 modoad
861 3792 1006 3854 scholam
1029 3788 1393 3867 Callisti'contogiseet:

268 3892 371 3974 Cujus
383 3892 565 3954 delinitione
581 3892 757 3971 gaudentes
774 3893 882 3966 multi,
897 3892 1090 3954 conscicntia
1112 3891 1263 3966 cruciati,
1276 3889 1388 3952 iidem·

271 4012 335 4073 que
359 3995 400 4055 ab
426 3995 611 4056 haeresibus
636 3994 820 4072 repudiati,
845 3995 910 4056 imo
941 3993 1087 4055 nonnulli
1119 3991 1265 4054 Ecclesia
1291 4007 1309 4051 a
1334 4008 1389 4052 uo·

270 4094 318 4155 bis
342 4092 427 4155 laeto
445 4095 569 4174 judicio
592 4094 706 4173 ejecti,
729 4094 916 4156 accedentes
937 4093 1102 4173 discipulis
1124 4094 1217 4173 ejus,
1240 4090 1388 4153 schalam

271 4193 360 4257 illius
381 4196 637 4276 compleverunt,
664 4194 751 4257 lnter
772 4195 930 4258 credenda
954 4194 1012 4256 iste
1027 4191 1390 4271 constituitnoodepo·
