2886 4784
156 448 217 512 aria
236 457 404 512 eamear
421 448 701 531 ctiomprosuodo
726 451 807 527 Ori,
830 451 924 533 prins
952 454 1060 518 laudet
1091 463 1121 517 ct
1150 348 1277 517 rclrbrffi

159 569 248 626 raro,
260 552 354 634 cujus
370 553 538 634 promota
556 563 719 617 amatorias
740 562 784 617 ert
803 567 866 618 etc.
883 575 900 613 n
920 537 1074 636 lde'oqne,
1089 556 1116 618 si
1134 573 1210 619 cnm
1231 557 1276 620 ita

160 653 258 718 docet
280 655 504 731 Adamantius,
527 671 590 718 nou
611 659 757 732 erravit,
780 675 906 720 errasse
929 666 1033 721 tamen
1047 656 1213 723 Christum
1228 676 1278 722 as·

159 756 333 819 serendum
355 756 454 832 torst,
476 759 584 837 quiin
607 755 784 836 Evangelio
806 757 956 821 mandat:
978 767 1097 838 oportet
1110 776 1229 839 semper
1245 779 1277 821 c·

159 877 258 934 rore,
281 868 310 920 ct
328 876 504 938 numquam
524 858 670 938 deliram
693 877 752 922 uec
773 859 954 924 addiderit:
979 861 1109 939 praevio
1138 860 1278 940 Spiritus

160 959 283 1035 Sancti,
304 978 361 1024 seu
385 961 512 1024 divinae
533 962 655 1042 gratiae
675 961 802 1024 auxilio
823 980 955 1026 oramus
977 959 1092 1026 Deum.

173 1088 176 1093 ·
243 1059 336 1137 Quae
357 1079 432 1124 cum
455 1063 529 1138 sint,
545 1082 586 1124 ex
602 1062 752 1142 pluribus
773 1062 938 1139 addendis,
955 1071 1019 1126 tam
1035 1066 1205 1143 perspicue
1220 1081 1277 1126 ex·
1354 1112 1357 1115 .

160 1165 265 1240 posita
288 1151 433 1240 praelata
455 1161 604 1244 Origenls
635 1165 813 1226 testimonla
845 1166 931 1226 circa
963 1165 1045 1226 banc
1072 1166 1275 1239 doctrinam,

160 1264 294 1326 eruitur
314 1264 436 1327 trustra
459 1283 535 1327 aum
557 1266 703 1345 corripi3
725 1268 780 1345 qul
803 1266 842 1327 de
864 1267 968 1329 libera
992 1267 1200 1331 rationalium
1225 1285 1279 1330 vo·

159 1366 290 1429 luntate
311 1367 468 1430 disserens
489 1367 646 1430 adversus
667 1368 767 1450 hujus
790 1371 989 1442 mentitores,
1012 1371 1202 1448 transegerit
1223 1371 1280 1432 do·

160 1467 300 1530 utrinam
323 1467 362 1530 de
383 1469 511 1532 divinae
532 1470 655 1549 gratiae
677 1471 877 1547 necessitate,
902 1471 956 1534 nbi
979 1473 1111 1552 proprie
1126 1488 1190 1534 non
1205 1482 1279 1534 erat

161 1567 281 1646 locns3
302 1567 358 1631 sed
382 1576 488 1631 tamen
508 1573 714 1651 supponitur.
736 1569 837 1634 Secus
858 1577 890 1633 et
911 1572 977 1652 ipse
1006 1569 1136 1656 Moyses
1167 1590 1280 1653 repro·

159 1669 286 1732 bandus
310 1676 416 1746 esset,
437 1673 495 1751 qui
518 1677 662 1734 statuens
691 1672 723 1734 in
750 1672 878 1734 homine
905 1672 1047 1736 liberum
1078 1673 1275 1750 arbitrium,

159 1771 311 1834 absolute
332 1773 395 1835 aits
414 1770 511 1852 posui
529 1781 603 1837 cota
616 1785 813 1855 conspectum
827 1784 917 1836 toan
938 1772 1024 1836 niam
1044 1773 1128 1837 vitoe
1144 1775 1279 1838 cloiam

158 1873 292 1947 mortisr
305 1873 385 1954 elipe
405 1875 489 1956 quod
508 1873 624 1938 bonum
643 1882 699 1939 cst.
722 1872 843 1938 Deinde
864 1883 896 1938 et
916 1876 984 1956 ipse
1004 1872 1101 1938 lesus
1123 1893 1198 1940 cnm
1218 1878 1276 1939 altr

157 1973 188 2035 si
207 1973 257 2036 vis
277 1975 320 2038 od
339 1975 441 2039 vitam
462 1975 588 2055 ioprrdi
607 1996 699 2041 saroa
725 1977 901 2054 mandato,
924 1983 1086 2047 errasset,
1109 1977 1274 2039 inculcans

156 2080 189 2139 iu
203 2077 334 2138 bomine
347 2078 453 2140 libero
468 2079 705 2142 observantiam
722 2079 905 2141 divinorum
923 2077 1163 2148 mandatorum,
1181 2095 1276 2155 prae·

160 2178 281 2242 teriens
305 2187 409 2240 tamen
436 2178 495 2242 Dei
524 2180 703 2244 subsidium
734 2188 862 2244 nostran
892 2188 1029 2243 naturae
1057 2181 1274 2243 necessarium

157 2279 198 2340 ad
222 2297 260 2342 ea
282 2279 441 2360 explendo
469 2278 522 2359 (i).

238 2523 272 2595 Γ)
292 2522 409 2580 Interim
428 2523 476 2581 hic
496 2526 645 2598 praeterire
665 2525 761 2594 nolim,
785 2542 939 2598 quaecum
960 2525 1064 2581 Huetio
1084 2523 1193 2580 Natalis
1212 2523 1276 2578 Ale-

162 2615 272 2670 xander
292 2614 393 2672 Seculo
414 2617 468 2672 III.
491 2618 618 2674 Articulo
641 2617 693 2673 IIl.
720 2636 755 2673 ex
776 2617 904 2691 Apostoli
930 2616 1013 2674 dictis
1035 2617 1064 2672 in
1087 2615 1216 2690 Epistola
1238 2616 1273 2672 od
1369 2682 1372 2686 ¹

161 2705 290 2766 Romanos
307 2726 332 2765 c.
347 2707 415 2764 ΧΠ.
435 2708 461 2765 6.
482 2708 598 2767 lubartes
615 2709 769 2776 deamicitia,
789 2709 964 2784 unusquisque
980 2709 1116 2767 secundnm
1131 2724 1275 2767 mcor

159 2800 230 2876 fidei,
251 2802 401 2870 conclusit,
420 2802 572 2877 Origenem
587 2808 757 2860 asserentem
774 2802 888 2859 initium
905 2803 970 2860 fldei
987 2820 1050 2861 esse
1067 2820 1084 2858 a
1101 2804 1192 2871 nobis,
1211 2819 1274 2875 per·

159 2893 312 2953 mationem
330 2911 396 2952 vero
416 2901 446 2952 et
465 2901 651 2971 augmentum
671 2913 688 2951 a
709 2896 780 2964 Deo,
802 2895 1083 2969 semipelagianorum
1102 2895 1186 2952 errori
1205 2913 1275 2968 prc-

160 2989 274 3046 lusisse.
295 2992 428 3046 Attamen
446 2989 513 3046 buic
530 2990 638 3046 Natalis
655 2990 781 3063 opinioni
797 2990 922 3056 obstans,
941 2989 1004 3044 dico
1019 3006 1196 3062 nequaquam
1214 2988 1277 3044 Ori-

160 3099 266 3156 panem
278 3082 407 3154 Apostoli
418 3089 541 3138 mentem
551 3082 757 3156 explanantem,
774 3081 1055 3155 semipelagianorum
1067 3081 1219 3153 prolusisse
1231 3096 1273 3140 er.-

161 3177 233 3245 rori;
253 3175 303 3231 sed
315 3175 459 3232 doctrinae
476 3175 601 3232 sincerae
612 3175 765 3248 prolusisse
783 3174 818 3230 da
835 3172 1060 3240 charismatibus,
1074 3189 1125 3227 seu
1140 3171 1176 3236 de
1192 3171 1275 3226 donis

160 3270 252 3344 gratis
270 3267 353 3336 datis,
367 3272 401 3324 ut
416 3268 569 3340 loquuntur
587 3267 729 3342 theologi3
742 3268 814 3341 quae
831 3266 861 3322 in
879 3264 1021 3339 primitiva
1032 3263 1159 3320 Ecclesia
1176 3279 1194 3319 a
1211 3262 1276 3336 Spi-

158 3363 216 3418 ritu
228 3362 344 3429 Sancto,
363 3361 476 3433 speciali
497 3360 644 3435 pn'vilegio
665 3361 784 3418 conferri
803 3359 934 3415 fidelibus
951 3357 1089 3424 solebant,
1107 3373 1165 3413 non
1182 3355 1274 3413 omni·

158 3455 215 3512 bus
233 3454 284 3510 sed
303 3454 482 3528 quibusdam.
496 3457 540 3510 Ac
557 3455 621 3510 ideo
638 3455 690 3510 bos
708 3453 863 3526 Apostolus
878 3451 1051 3519 hortabatur,
1064 3449 1209 3524 inquiens:
1221 3465 1273 3506 soa

156 3548 220 3623 pior
236 3564 325 3622 sapora
343 3564 421 3622 paon
438 3558 531 3623 oportet
547 3548 800 3623 supersedemus
818 3545 853 3603 cd
868 3544 1039 3603 schistotrm:
1050 3543 1189 3617 tuscique
1204 3541 1270 3600 aaut

158 3640 248 3699 &viad
271 3641 341 3699 Dios
360 3656 506 3700 umaro
527 3641 596 3716 fidei.
622 3641 748 3708 Quorum
769 3640 917 3696 verborum
935 3656 1070 3705 sensum,
1091 3638 1172 3693 aliter
1187 3653 1272 3708 quam

160 3733 272 3808 putarit
283 3732 454 3801 Alexander,
468 3735 592 3807 apprime
608 3733 767 3805 explanavit
779 3731 964 3787 Adamantius
977 3730 1146 3802 insequenti
1165 3729 1274 3785 discus·

159 3827 252 3893 mone,
267 3826 316 3882 ubi
333 3826 446 3882 scribit:
462 3848 476 3878 α
491 3826 554 3883 Ηοο
566 3831 619 3893 est,
639 3831 673 3882 ut
691 3826 761 3881 sciat
778 3823 974 3898 unusquisqne
993 3829 1021 3878 et
1038 3821 1190 3896 intelligat,
1205 3839 1276 3895 qnae

161 3919 193 3974 iu
211 3921 302 3975 euasit
320 3936 453 3975 mensura
471 3920 578 3992 gratiae
596 3919 659 3985 Dei,
679 3935 763 3991 quam
780 3918 914 3989 consequi
931 3917 1035 3971 meruit
1049 3932 1099 3987 per
1116 3915 1210 3970 tidem.
1230 3914 1277 3970 ln·

160 4011 274 4068 tsrdum
291 4013 366 4068 enim
387 4013 489 4084 accipit
512 4013 576 4084 quis
598 4028 615 4066 a
637 4011 699 4066 Deo
719 4019 752 4067 nt
774 4011 865 4083 sapiat
885 4011 914 4065 in
935 4026 1018 4081 opere
1040 4007 1203 4075 charitatis;
1225 4014 1276 4063 ant

160 4111 195 4159 ut
212 4105 303 4176 sapiat
320 4104 351 4158 in
370 4103 462 4160 officio
480 4103 622 4168 visitandi,
648 4109 698 4158 aut
717 4121 787 4177 erga
808 4100 1011 4159 misericordias
1033 4117 1206 4174 pauperum,
1227 4106 1278 4156 ant

161 4195 240 4253 circa
256 4194 391 4255 debilium
408 4211 515 4266 curam,
528 4202 579 4253 aut
593 4211 662 4268 erga
678 4185 825 4253 viduarum
842 4200 871 4251 st
888 4192 1057 4266 pupillorum
1073 4192 1273 4259 defensionem,
