<?xml version="1.0" encoding="UTF-8"?>
<!DOCTYPE html PUBLIC "-//W3C//DTD XHTML 1.0 Transitional//EN"
    "http://www.w3.org/TR/xhtml1/DTD/xhtml1-transitional.dtd">
<html xmlns="http://www.w3.org/1999/xhtml" xml:lang="en" lang="en">
 <head>
  <title>
</title>
<meta http-equiv="Content-Type" content="text/html;charset=utf-8" />
  <meta name='ocr-system' content='tesseract 3.04.00' />
  <meta name='ocr-capabilities' content='ocr_page ocr_carea ocr_par ocr_line ocrx_word'/>
</head>
<body>
  <div class='ocr_page' id='page_1' title='image "./insgregoriinyss00vincgoog/insgregoriinyss00vincgoog_0017.png"; bbox 0 0 2886 4784; ppageno 0'>
   <div class='ocr_carea' id='block_1_1' title="bbox 223 364 1307 548">
    <p class='ocr_par' dir='ltr' id='par_1_1' title="bbox 223 364 1307 548">
     <span class='ocr_line' id='line_1_1' title="bbox 223 364 242 409; baseline 0 0"><span class='ocrx_word' id='word_1_1' title='bbox 223 364 242 409; x_wconf 87' lang='grc' dir='ltr'><strong>Χ</strong></span> 
     </span>
     <span class='ocr_line' id='line_1_2' title="bbox 326 448 1307 548; baseline 0 -22"><span class='ocrx_word' id='word_1_2' title='bbox 326 448 479 541; x_wconf 82' lang='lat' dir='ltr'><strong>Quidam</strong></span> <span class='ocrx_word' id='word_1_3' title='bbox 500 449 692 548; x_wconf 86' lang='lat' dir='ltr'><strong>Origenem</strong></span> <span class='ocrx_word' id='word_1_4' title='bbox 709 449 969 527; x_wconf 83' lang='lat' dir='ltr'><strong>existimarunt</strong></span> <span class='ocrx_word' id='word_1_5' title='bbox 984 464 1184 534; x_wconf 77' lang='lat' dir='ltr'><strong>auctorem,</strong></span> <span class='ocrx_word' id='word_1_6' title='bbox 1201 474 1307 548; x_wconf 91' lang='lat' dir='ltr'><strong>prae·</strong></span> 
     </span>
    </p>
   </div>
   <div class='ocr_carea' id='block_1_2' title="bbox 217 578 1310 1062">
    <p class='ocr_par' dir='ltr' id='par_1_2' title="bbox 217 578 1310 1062">
     <span class='ocr_line' id='line_1_3' title="bbox 218 578 1309 676; baseline 0.001 -25"><span class='ocrx_word' id='word_1_7' title='bbox 218 582 344 651; x_wconf 87' lang='lat' dir='ltr'><strong>sertim</strong></span> <span class='ocrx_word' id='word_1_8' title='bbox 374 603 455 654; x_wconf 89' lang='lat' dir='ltr'><strong>cum</strong></span> <span class='ocrx_word' id='word_1_9' title='bbox 485 579 578 652; x_wconf 91' lang='lat' dir='ltr'><strong>liber</strong></span> <span class='ocrx_word' id='word_1_10' title='bbox 604 578 741 676; x_wconf 91' lang='lat' dir='ltr'><strong>primus</strong></span> <span class='ocrx_word' id='word_1_11' title='bbox 773 579 806 649; x_wconf 94' lang='lat' dir='ltr'><strong>in</strong></span> <span class='ocrx_word' id='word_1_12' title='bbox 842 579 998 676; x_wconf 92' lang='lat' dir='ltr'><strong>quodam</strong></span> <span class='ocrx_word' id='word_1_13' title='bbox 1033 579 1165 653; x_wconf 82' lang='lat' dir='ltr'>Codice</span> <span class='ocrx_word' id='word_1_14' title='bbox 1202 581 1309 654; x_wconf 89' lang='lat' dir='ltr'><strong>istius</strong></span> 
     </span>
     <span class='ocr_line' id='line_1_4' title="bbox 220 705 1307 803; baseline 0 -23"><span class='ocrx_word' id='word_1_15' title='bbox 220 707 402 803; x_wconf 85' lang='lat' dir='ltr'><strong>praeferat</strong></span> <span class='ocrx_word' id='word_1_16' title='bbox 430 731 576 782; x_wconf 91' lang='lat' dir='ltr'><strong>nomen.</strong></span> <span class='ocrx_word' id='word_1_17' title='bbox 605 705 673 780; x_wconf 88' lang='lat' dir='ltr'><strong>Alii</strong></span> <span class='ocrx_word' id='word_1_18' title='bbox 701 706 979 792; x_wconf 73' lang='lat' dir='ltr'><strong>Tertullianum,</strong></span> <span class='ocrx_word' id='word_1_19' title='bbox 1000 709 1059 780; x_wconf 90' lang='lat' dir='ltr'><strong>alii</strong></span> <span class='ocrx_word' id='word_1_20' title='bbox 1080 707 1222 799; x_wconf 89' lang='lat' dir='ltr'><strong>Cajum,</strong></span> <span class='ocrx_word' id='word_1_21' title='bbox 1248 708 1307 780; x_wconf 91' lang='lat' dir='ltr'><strong>alii</strong></span> 
     </span>
     <span class='ocr_line' id='line_1_5' title="bbox 217 834 1310 934; baseline -0.001 -24"><span class='ocrx_word' id='word_1_22' title='bbox 217 837 412 934; x_wconf 85' lang='lat' dir='ltr'><strong>quemdam</strong></span> <span class='ocrx_word' id='word_1_23' title='bbox 433 837 504 909; x_wconf 91' lang='lat' dir='ltr'><strong>etsi</strong></span> <span class='ocrx_word' id='word_1_24' title='bbox 524 836 702 932; x_wconf 90' lang='lat' dir='ltr'><strong>ignotum,</strong></span> <span class='ocrx_word' id='word_1_25' title='bbox 723 834 882 931; x_wconf 86' lang='lat' dir='ltr'><strong>priscum</strong></span> <span class='ocrx_word' id='word_1_26' title='bbox 904 850 1028 908; x_wconf 90' lang='lat' dir='ltr'><strong>tamen</strong></span> <span class='ocrx_word' id='word_1_27' title='bbox 1049 848 1225 932; x_wconf 90' lang='lat' dir='ltr'><strong>putarunt</strong></span> <span class='ocrx_word' id='word_1_28' title='bbox 1245 859 1310 909; x_wconf 90' lang='lat' dir='ltr'><strong>au·</strong></span> 
     </span>
     <span class='ocr_line' id='line_1_6' title="bbox 218 948 1308 1062; baseline -0.001 -25"><span class='ocrx_word' id='word_1_29' title='bbox 218 980 371 1038; x_wconf 89' lang='lat' dir='ltr'><strong>ctorem.</strong></span> <span class='ocrx_word' id='word_1_30' title='bbox 394 963 560 1062; x_wconf 80' lang='lat' dir='ltr'><strong>Plerique</strong></span> <span class='ocrx_word' id='word_1_31' title='bbox 583 948 682 1050; x_wconf 84' lang='lat' dir='ltr'><strong>vero,</strong></span> <span class='ocrx_word' id='word_1_32' title='bbox 707 987 790 1038; x_wconf 92' lang='lat' dir='ltr'><strong>cum</strong></span> <span class='ocrx_word' id='word_1_33' title='bbox 816 964 862 1036; x_wconf 88' lang='lat' dir='ltr'><strong>ab</strong></span> <span class='ocrx_word' id='word_1_34' title='bbox 885 965 1033 1039; x_wconf 81' lang='lat' dir='ltr'><strong>exordio</strong></span> <span class='ocrx_word' id='word_1_35' title='bbox 1057 978 1185 1039; x_wconf 87' lang='lat' dir='ltr'><strong>auctor</strong></span> <span class='ocrx_word' id='word_1_36' title='bbox 1213 964 1308 1060; x_wconf 90' lang='lat' dir='ltr'><strong>epis·</strong></span> 
     </span>
    </p>
   </div>
   <div class='ocr_carea' id='block_1_3' title="bbox 217 1092 1307 1296">
    <p class='ocr_par' dir='ltr' id='par_1_3' title="bbox 217 1092 1307 1296">
     <span class='ocr_line' id='line_1_7' title="bbox 218 1092 1307 1190; baseline 0.001 -25"><span class='ocrx_word' id='word_1_37' title='bbox 218 1117 330 1190; x_wconf 91' lang='lat' dir='ltr'><strong>copus</strong></span> <span class='ocrx_word' id='word_1_38' title='bbox 350 1106 388 1167; x_wconf 92' lang='lat' dir='ltr'><strong>et</strong></span> <span class='ocrx_word' id='word_1_39' title='bbox 407 1093 577 1166; x_wconf 90' lang='lat' dir='ltr'><strong>sacerdos</strong></span> <span class='ocrx_word' id='word_1_40' title='bbox 597 1115 749 1189; x_wconf 88' lang='lat' dir='ltr'><strong>magnus</strong></span> <span class='ocrx_word' id='word_1_41' title='bbox 771 1105 1013 1187; x_wconf 78' lang='lat' dir='ltr'><strong>nuncupetur,</strong></span> <span class='ocrx_word' id='word_1_42' title='bbox 1033 1106 1070 1165; x_wconf 90' lang='lat' dir='ltr'><strong>et</strong></span> <span class='ocrx_word' id='word_1_43' title='bbox 1090 1092 1246 1187; x_wconf 92' lang='lat' dir='ltr'><strong>amplius</strong></span> <span class='ocrx_word' id='word_1_44' title='bbox 1266 1108 1307 1167; x_wconf 93' lang='lat' dir='ltr'><strong>ut</strong></span> 
     </span>
     <span class='ocr_line' id='line_1_8' title="bbox 217 1212 1305 1296; baseline -0.001 -12"><span class='ocrx_word' id='word_1_45' title='bbox 217 1215 409 1286; x_wconf 85' lang='lat' dir='ltr'><strong>haeresum</strong></span> <span class='ocrx_word' id='word_1_46' title='bbox 430 1213 678 1296; x_wconf 86' lang='lat' dir='ltr'><strong>refutator,et</strong></span> <span class='ocrx_word' id='word_1_47' title='bbox 696 1213 849 1285; x_wconf 90' lang='lat' dir='ltr'><strong>aliorum</strong></span> <span class='ocrx_word' id='word_1_48' title='bbox 871 1212 1047 1286; x_wconf 89' lang='lat' dir='ltr'><strong>librorum</strong></span> <span class='ocrx_word' id='word_1_49' title='bbox 1069 1212 1305 1285; x_wconf 90' lang='lat' dir='ltr'><strong>concinnator</strong></span> 
     </span>
    </p>
   </div>
   <div class='ocr_carea' id='block_1_4' title="bbox 214 1337 1306 4261">
    <p class='ocr_par' dir='ltr' id='par_1_4' title="bbox 216 1337 1306 1821">
     <span class='ocr_line' id='line_1_9' title="bbox 218 1337 1305 1436; baseline 0.001 -25"><span class='ocrx_word' id='word_1_50' title='bbox 218 1340 434 1425; x_wconf 88' lang='lat' dir='ltr'><strong>innotescat,</strong></span> <span class='ocrx_word' id='word_1_51' title='bbox 454 1341 724 1436; x_wconf 88' lang='lat' dir='ltr'><strong>adscripserunt</strong></span> <span class='ocrx_word' id='word_1_52' title='bbox 744 1339 845 1414; x_wconf 91' lang='lat' dir='ltr'><strong>illum</strong></span> <span class='ocrx_word' id='word_1_53' title='bbox 869 1363 897 1411; x_wconf 90' lang='lat' dir='ltr'><strong>s.</strong></span> <span class='ocrx_word' id='word_1_54' title='bbox 916 1337 1112 1436; x_wconf 90' lang='lat' dir='ltr'><strong>Hippolyto</strong></span> <span class='ocrx_word' id='word_1_55' title='bbox 1133 1341 1305 1436; x_wconf 89' lang='lat' dir='ltr'><strong>episcopo</strong></span> 
     </span>
     <span class='ocr_line' id='line_1_10' title="bbox 219 1466 1306 1568; baseline -0.004 -25"><span class='ocrx_word' id='word_1_56' title='bbox 219 1483 257 1543; x_wconf 92' lang='lat' dir='ltr'><strong>et</strong></span> <span class='ocrx_word' id='word_1_57' title='bbox 286 1470 458 1567; x_wconf 78' lang='lat' dir='ltr'><strong>martyri:</strong></span> <span class='ocrx_word' id='word_1_58' title='bbox 494 1493 539 1563; x_wconf 29' lang='lat' dir='ltr'><strong>ac·</strong></span> <span class='ocrx_word' id='word_1_59' title='bbox 566 1469 724 1543; x_wconf 85' lang='lat' dir='ltr'><strong>maxime</strong></span> <span class='ocrx_word' id='word_1_60' title='bbox 751 1493 798 1544; x_wconf 84' lang='lat' dir='ltr'><strong>ex</strong></span> <span class='ocrx_word' id='word_1_61' title='bbox 834 1494 904 1568; x_wconf 92' lang='lat' dir='ltr'><strong>quo</strong></span> <span class='ocrx_word' id='word_1_62' title='bbox 943 1469 1049 1543; x_wconf 88' lang='lat' dir='ltr'><strong>istius</strong></span> <span class='ocrx_word' id='word_1_63' title='bbox 1083 1482 1185 1543; x_wconf 88' lang='lat' dir='ltr'><strong>aetas</strong></span> <span class='ocrx_word' id='word_1_64' title='bbox 1216 1466 1306 1566; x_wconf 90' lang='lat' dir='ltr'><strong>(ipsi</strong></span> 
     </span>
     <span class='ocr_line' id='line_1_11' title="bbox 217 1595 1302 1695; baseline -0.002 -25"><span class='ocrx_word' id='word_1_65' title='bbox 217 1595 362 1694; x_wconf 90' lang='lat' dir='ltr'><strong>dicunt)</strong></span> <span class='ocrx_word' id='word_1_66' title='bbox 383 1598 555 1671; x_wconf 81' lang='lat' dir='ltr'><strong>historiae</strong></span> <span class='ocrx_word' id='word_1_67' title='bbox 576 1614 751 1694; x_wconf 90' lang='lat' dir='ltr'><strong>congruat</strong></span> <span class='ocrx_word' id='word_1_68' title='bbox 770 1599 977 1680; x_wconf 87' lang='lat' dir='ltr'><strong>haeresum,</strong></span> <span class='ocrx_word' id='word_1_69' title='bbox 992 1621 1081 1695; x_wconf 91' lang='lat' dir='ltr'><strong>quas</strong></span> <span class='ocrx_word' id='word_1_70' title='bbox 1097 1620 1302 1694; x_wconf 83' lang='lat' dir='ltr'><strong>expugnan-</strong></span> 
     </span>
     <span class='ocr_line' id='line_1_12' title="bbox 216 1724 473 1821; baseline -0.004 -25"><span class='ocrx_word' id='word_1_71' title='bbox 216 1724 281 1796; x_wconf 92' lang='lat' dir='ltr'><strong>das</strong></span> <span class='ocrx_word' id='word_1_72' title='bbox 300 1725 473 1821; x_wconf 80' lang='lat' dir='ltr'><strong>suscepit.</strong></span> 
     </span>
    </p>

    <p class='ocr_par' dir='ltr' id='par_1_5' title="bbox 215 1850 1306 3361">
     <span class='ocr_line' id='line_1_13' title="bbox 320 1850 1302 1926; baseline 0 -2"><span class='ocrx_word' id='word_1_73' title='bbox 320 1850 550 1925; x_wconf 86' lang='lat' dir='ltr'><strong>Clarissimus</strong></span> <span class='ocrx_word' id='word_1_74' title='bbox 573 1852 623 1923; x_wconf 89' lang='lat' dir='ltr'><strong>vir</strong></span> <span class='ocrx_word' id='word_1_75' title='bbox 639 1852 676 1924; x_wconf 89' lang='lat' dir='ltr'><strong>b.</strong></span> <span class='ocrx_word' id='word_1_76' title='bbox 699 1876 748 1923; x_wconf 87' lang='lat' dir='ltr'><strong>m.</strong></span> <span class='ocrx_word' id='word_1_77' title='bbox 770 1851 949 1926; x_wconf 83' lang='lat' dir='ltr'><strong>Patricius</strong></span> <span class='ocrx_word' id='word_1_78' title='bbox 968 1852 1098 1926; x_wconf 88' lang='lat' dir='ltr'><strong>Cruioe</strong></span> <span class='ocrx_word' id='word_1_79' title='bbox 1118 1853 1153 1923; x_wconf 89' lang='lat' dir='ltr'><strong>in</strong></span> <span class='ocrx_word' id='word_1_80' title='bbox 1176 1851 1302 1925; x_wconf 87' lang='lat' dir='ltr'><strong>Prole·</strong></span> 
     </span>
     <span class='ocr_line' id='line_1_14' title="bbox 216 1980 1301 2078; baseline 0.001 -25"><span class='ocrx_word' id='word_1_81' title='bbox 216 1980 380 2077; x_wconf 88' lang='lat' dir='ltr'><strong>gomenis</strong></span> <span class='ocrx_word' id='word_1_82' title='bbox 408 1980 599 2077; x_wconf 82' lang='lat' dir='ltr'><strong>diligenter</strong></span> <span class='ocrx_word' id='word_1_83' title='bbox 624 1983 764 2055; x_wconf 89' lang='lat' dir='ltr'><strong>notavit</strong></span> <span class='ocrx_word' id='word_1_84' title='bbox 788 1982 906 2055; x_wconf 84' lang='lat' dir='ltr'><strong>varias</strong></span> <span class='ocrx_word' id='word_1_85' title='bbox 932 1982 1119 2078; x_wconf 89' lang='lat' dir='ltr'><strong>opiniones</strong></span> <span class='ocrx_word' id='word_1_86' title='bbox 1140 1981 1301 2054; x_wconf 89' lang='lat' dir='ltr'><strong>erudito·</strong></span> 
     </span>
     <span class='ocr_line' id='line_1_15' title="bbox 217 2109 1306 2207; baseline -0.001 -26"><span class='ocrx_word' id='word_1_87' title='bbox 217 2131 326 2193; x_wconf 88' lang='lat' dir='ltr'><strong>rum,</strong></span> <span class='ocrx_word' id='word_1_88' title='bbox 356 2109 482 2207; x_wconf 92' lang='lat' dir='ltr'><strong>quiin</strong></span> <span class='ocrx_word' id='word_1_89' title='bbox 515 2110 610 2183; x_wconf 92' lang='lat' dir='ltr'><strong>hunc</strong></span> <span class='ocrx_word' id='word_1_90' title='bbox 634 2109 784 2183; x_wconf 91' lang='lat' dir='ltr'><strong>Librum</strong></span> <span class='ocrx_word' id='word_1_91' title='bbox 816 2110 1085 2192; x_wconf 90' lang='lat' dir='ltr'><strong>incubuerunt,</strong></span> <span class='ocrx_word' id='word_1_92' title='bbox 1121 2132 1191 2181; x_wconf 91' lang='lat' dir='ltr'><strong>non</strong></span> <span class='ocrx_word' id='word_1_93' title='bbox 1225 2123 1306 2182; x_wconf 87' lang='lat' dir='ltr'><strong>tan·</strong></span> 
     </span>
     <span class='ocr_line' id='line_1_16' title="bbox 218 2235 1305 2338; baseline -0.002 -28"><span class='ocrx_word' id='word_1_94' title='bbox 218 2251 295 2310; x_wconf 89' lang='lat' dir='ltr'><strong>turn</strong></span> <span class='ocrx_word' id='word_1_95' title='bbox 322 2250 507 2310; x_wconf 89' lang='lat' dir='ltr'><strong>auctorem</strong></span> <span class='ocrx_word' id='word_1_96' title='bbox 528 2239 664 2322; x_wconf 87' lang='lat' dir='ltr'><strong>rimati,</strong></span> <span class='ocrx_word' id='word_1_97' title='bbox 685 2239 747 2310; x_wconf 91' lang='lat' dir='ltr'><strong>sed</strong></span> <span class='ocrx_word' id='word_1_98' title='bbox 774 2252 811 2312; x_wconf 90' lang='lat' dir='ltr'><strong>et</strong></span> <span class='ocrx_word' id='word_1_99' title='bbox 836 2260 928 2338; x_wconf 90' lang='lat' dir='ltr'><strong>quae</strong></span> <span class='ocrx_word' id='word_1_100' title='bbox 945 2237 1092 2332; x_wconf 82' lang='lat' dir='ltr'><strong>scripsit</strong></span> <span class='ocrx_word' id='word_1_101' title='bbox 1108 2235 1233 2308; x_wconf 87' lang='lat' dir='ltr'><strong>sedulo</strong></span> <span class='ocrx_word' id='word_1_102' title='bbox 1254 2236 1305 2308; x_wconf 93' lang='lat' dir='ltr'><strong>in·</strong></span> 
     </span>
     <span class='ocr_line' id='line_1_17' title="bbox 218 2363 1301 2460; baseline 0.003 -27"><span class='ocrx_word' id='word_1_103' title='bbox 218 2365 463 2460; x_wconf 85' lang='lat' dir='ltr'><strong>vestigantes:</strong></span> <span class='ocrx_word' id='word_1_104' title='bbox 489 2366 579 2438; x_wconf 88' lang='lat' dir='ltr'><strong>adeo</strong></span> <span class='ocrx_word' id='word_1_105' title='bbox 600 2380 639 2438; x_wconf 91' lang='lat' dir='ltr'><strong>ut</strong></span> <span class='ocrx_word' id='word_1_106' title='bbox 665 2365 863 2438; x_wconf 90' lang='lat' dir='ltr'><strong>secundum</strong></span> <span class='ocrx_word' id='word_1_107' title='bbox 884 2363 1102 2434; x_wconf 88' lang='lat' dir='ltr'><strong>individuam</strong></span> <span class='ocrx_word' id='word_1_108' title='bbox 1127 2366 1301 2460; x_wconf 87' lang='lat' dir='ltr'><strong>cujusque</strong></span> 
     </span>
     <span class='ocr_line' id='line_1_18' title="bbox 219 2490 1302 2587; baseline -0.002 -23"><span class='ocrx_word' id='word_1_109' title='bbox 219 2492 344 2576; x_wconf 83' lang='lat' dir='ltr'><strong>fidem,</strong></span> <span class='ocrx_word' id='word_1_110' title='bbox 365 2494 511 2584; x_wconf 73' lang='lat' dir='ltr'><strong>maioris</strong></span> <span class='ocrx_word' id='word_1_111' title='bbox 536 2492 592 2565; x_wconf 89' lang='lat' dir='ltr'><strong>rel</strong></span> <span class='ocrx_word' id='word_1_112' title='bbox 617 2494 767 2565; x_wconf 91' lang='lat' dir='ltr'><strong>minoris</strong></span> <span class='ocrx_word' id='word_1_113' title='bbox 794 2491 967 2564; x_wconf 87' lang='lat' dir='ltr'><strong>momenti</strong></span> <span class='ocrx_word' id='word_1_114' title='bbox 991 2490 1095 2563; x_wconf 81' lang='lat' dir='ltr'><strong>tieret</strong></span> <span class='ocrx_word' id='word_1_115' title='bbox 1122 2492 1302 2587; x_wconf 80' lang='lat' dir='ltr'><strong>Anonymi</strong></span> 
     </span>
     <span class='ocr_line' id='line_1_19' title="bbox 219 2619 1301 2718; baseline 0.001 -26"><span class='ocrx_word' id='word_1_116' title='bbox 219 2643 363 2716; x_wconf 88' lang='lat' dir='ltr'><strong>scopus.</strong></span> <span class='ocrx_word' id='word_1_117' title='bbox 382 2619 431 2693; x_wconf 83' lang='lat' dir='ltr'><strong>llt</strong></span> <span class='ocrx_word' id='word_1_118' title='bbox 449 2621 594 2718; x_wconf 91' lang='lat' dir='ltr'><strong>quidem</strong></span> <span class='ocrx_word' id='word_1_119' title='bbox 620 2644 691 2694; x_wconf 92' lang='lat' dir='ltr'><strong>non</strong></span> <span class='ocrx_word' id='word_1_120' title='bbox 721 2619 929 2704; x_wconf 81' lang='lat' dir='ltr'><strong>defuerunt,</strong></span> <span class='ocrx_word' id='word_1_121' title='bbox 958 2620 1020 2716; x_wconf 90' lang='lat' dir='ltr'><strong>qui</strong></span> <span class='ocrx_word' id='word_1_122' title='bbox 1049 2620 1146 2692; x_wconf 89' lang='lat' dir='ltr'><strong>hunc</strong></span> <span class='ocrx_word' id='word_1_123' title='bbox 1171 2643 1301 2715; x_wconf 90' lang='lat' dir='ltr'><strong>magna</strong></span> 
     </span>
     <span class='ocr_line' id='line_1_20' title="bbox 216 2747 1301 2846; baseline -0.003 -25"><span class='ocrx_word' id='word_1_124' title='bbox 216 2747 418 2822; x_wconf 90' lang='lat' dir='ltr'><strong>eruditione</strong></span> <span class='ocrx_word' id='word_1_125' title='bbox 438 2749 643 2843; x_wconf 89' lang='lat' dir='ltr'><strong>praeditum</strong></span> <span class='ocrx_word' id='word_1_126' title='bbox 664 2762 901 2846; x_wconf 81' lang='lat' dir='ltr'><strong>agnoscerent</strong></span> <span class='ocrx_word' id='word_1_127' title='bbox 923 2747 1097 2845; x_wconf 87' lang='lat' dir='ltr'><strong>valdeque</strong></span> <span class='ocrx_word' id='word_1_128' title='bbox 1115 2769 1301 2821; x_wconf 88' lang='lat' dir='ltr'><strong>commen·</strong></span> 
     </span>
     <span class='ocr_line' id='line_1_21' title="bbox 216 2872 1305 2975; baseline -0.001 -27"><span class='ocrx_word' id='word_1_129' title='bbox 216 2877 346 2949; x_wconf 86' lang='lat' dir='ltr'><strong>darent</strong></span> <span class='ocrx_word' id='word_1_130' title='bbox 373 2879 468 2950; x_wconf 88' lang='lat' dir='ltr'><strong>inter</strong></span> <span class='ocrx_word' id='word_1_131' title='bbox 487 2878 624 2975; x_wconf 86' lang='lat' dir='ltr'><strong>priscos</strong></span> <span class='ocrx_word' id='word_1_132' title='bbox 645 2877 829 2952; x_wconf 82' lang='lat' dir='ltr'><strong>Ecclesiae</strong></span> <span class='ocrx_word' id='word_1_133' title='bbox 855 2877 1006 2964; x_wconf 83' lang='lat' dir='ltr'><strong>Patres3</strong></span> <span class='ocrx_word' id='word_1_134' title='bbox 1033 2899 1116 2951; x_wconf 85' lang='lat' dir='ltr'><strong>curn</strong></span> <span class='ocrx_word' id='word_1_135' title='bbox 1137 2877 1199 2949; x_wconf 90' lang='lat' dir='ltr'><strong>alii</strong></span> <span class='ocrx_word' id='word_1_136' title='bbox 1217 2872 1229 2972; x_wconf 76' lang='lat' dir='ltr'><strong>l</strong></span> <span class='ocrx_word' id='word_1_137' title='bbox 1244 2899 1305 2948; x_wconf 89' lang='lat' dir='ltr'><strong>ur-</strong></span> 
     </span>
     <span class='ocr_line' id='line_1_22' title="bbox 217 3004 1301 3106; baseline -0.002 -29"><span class='ocrx_word' id='word_1_138' title='bbox 217 3005 398 3078; x_wconf 88' lang='lat' dir='ltr'><strong>thodoxos</strong></span> <span class='ocrx_word' id='word_1_139' title='bbox 426 3005 601 3106; x_wconf 81' lang='lat' dir='ltr'><strong>inquam)</strong></span> <span class='ocrx_word' id='word_1_140' title='bbox 632 3008 667 3079; x_wconf 91' lang='lat' dir='ltr'><strong>in</strong></span> <span class='ocrx_word' id='word_1_141' title='bbox 697 3007 861 3104; x_wconf 88' lang='lat' dir='ltr'><strong>pluribus</strong></span> <span class='ocrx_word' id='word_1_142' title='bbox 885 3006 1082 3090; x_wconf 90' lang='lat' dir='ltr'><strong>laudarint,</strong></span> <span class='ocrx_word' id='word_1_143' title='bbox 1112 3005 1148 3077; x_wconf 90' lang='lat' dir='ltr'><strong>in</strong></span> <span class='ocrx_word' id='word_1_144' title='bbox 1169 3004 1301 3078; x_wconf 86' lang='lat' dir='ltr'><strong>ceteris</strong></span> 
     </span>
     <span class='ocr_line' id='line_1_23' title="bbox 216 3132 1299 3231; baseline -0.002 -25"><span class='ocrx_word' id='word_1_145' title='bbox 216 3132 429 3219; x_wconf 86' lang='lat' dir='ltr'><strong>relellerint,</strong></span> <span class='ocrx_word' id='word_1_146' title='bbox 459 3147 586 3231; x_wconf 88' lang='lat' dir='ltr'><strong>utpote</strong></span> <span class='ocrx_word' id='word_1_147' title='bbox 613 3133 850 3209; x_wconf 71' lang='lat' dir='ltr'><strong>pontificatus</strong></span> <span class='ocrx_word' id='word_1_148' title='bbox 884 3135 1044 3209; x_wconf 84' lang='lat' dir='ltr'><strong>Romani</strong></span> <span class='ocrx_word' id='word_1_149' title='bbox 1068 3134 1229 3217; x_wconf 87' lang='lat' dir='ltr'><strong>hostem,</strong></span> <span class='ocrx_word' id='word_1_150' title='bbox 1262 3146 1299 3204; x_wconf 89' lang='lat' dir='ltr'><strong>et</strong></span> 
     </span>
     <span class='ocr_line' id='line_1_24' title="bbox 215 3263 924 3361; baseline 0 -25"><span class='ocrx_word' id='word_1_151' title='bbox 215 3263 398 3360; x_wconf 87' lang='lat' dir='ltr'><strong>dogmatis</strong></span> <span class='ocrx_word' id='word_1_152' title='bbox 422 3264 590 3337; x_wconf 87' lang='lat' dir='ltr'><strong>catholici</strong></span> <span class='ocrx_word' id='word_1_153' title='bbox 622 3277 924 3361; x_wconf 85' lang='lat' dir='ltr'><strong>expugnatorem.</strong></span> 
     </span>
    </p>

    <p class='ocr_par' dir='ltr' id='par_1_6' title="bbox 214 3388 1306 4261">
     <span class='ocr_line' id='line_1_25' title="bbox 320 3388 1302 3486; baseline -0.009 -21"><span class='ocrx_word' id='word_1_154' title='bbox 320 3391 413 3465; x_wconf 85' lang='lat' dir='ltr'><strong>Cum</strong></span> <span class='ocrx_word' id='word_1_155' title='bbox 434 3415 519 3465; x_wconf 89' lang='lat' dir='ltr'><strong>vero</strong></span> <span class='ocrx_word' id='word_1_156' title='bbox 540 3392 658 3465; x_wconf 90' lang='lat' dir='ltr'><strong>adhuc</strong></span> <span class='ocrx_word' id='word_1_157' title='bbox 678 3392 722 3464; x_wconf 89' lang='lat' dir='ltr'><strong>lis</strong></span> <span class='ocrx_word' id='word_1_158' title='bbox 741 3392 809 3471; x_wconf 86' lang='lat' dir='ltr'><strong>sub</strong></span> <span class='ocrx_word' id='word_1_159' title='bbox 828 3392 948 3484; x_wconf 88' lang='lat' dir='ltr'><strong>judice</strong></span> <span class='ocrx_word' id='word_1_160' title='bbox 969 3393 1031 3474; x_wconf 89' lang='lat' dir='ltr'><strong>sit,</strong></span> <span class='ocrx_word' id='word_1_161' title='bbox 1059 3388 1302 3486; x_wconf 87' lang='lat' dir='ltr'><strong>inspectisque</strong></span> 
     </span>
     <span class='ocr_line' id='line_1_26' title="bbox 215 3518 1302 3616; baseline -0.005 -24"><span class='ocrx_word' id='word_1_162' title='bbox 215 3533 422 3593; x_wconf 86' lang='lat' dir='ltr'><strong>ceterorum</strong></span> <span class='ocrx_word' id='word_1_163' title='bbox 451 3519 680 3616; x_wconf 89' lang='lat' dir='ltr'><strong>opinionibus</strong></span> <span class='ocrx_word' id='word_1_164' title='bbox 714 3521 758 3594; x_wconf 91' lang='lat' dir='ltr'><strong>de</strong></span> <span class='ocrx_word' id='word_1_165' title='bbox 789 3537 968 3604; x_wconf 89' lang='lat' dir='ltr'><strong>auctore,</strong></span> <span class='ocrx_word' id='word_1_166' title='bbox 1000 3518 1151 3615; x_wconf 86' lang='lat' dir='ltr'><strong>ejusque</strong></span> <span class='ocrx_word' id='word_1_167' title='bbox 1180 3528 1302 3590; x_wconf 84' lang='lat' dir='ltr'><strong>aetate</strong></span> 
     </span>
     <span class='ocr_line' id='line_1_27' title="bbox 214 3647 1305 3741; baseline -0.006 -19"><span class='ocrx_word' id='word_1_168' title='bbox 214 3649 333 3722; x_wconf 86' lang='lat' dir='ltr'><strong>adhuc</strong></span> <span class='ocrx_word' id='word_1_169' title='bbox 361 3650 522 3734; x_wconf 90' lang='lat' dir='ltr'><strong>incertis,</strong></span> <span class='ocrx_word' id='word_1_170' title='bbox 551 3649 660 3741; x_wconf 82' lang='lat' dir='ltr'><strong>liceat</strong></span> <span class='ocrx_word' id='word_1_171' title='bbox 688 3663 725 3723; x_wconf 89' lang='lat' dir='ltr'><strong>et</strong></span> <span class='ocrx_word' id='word_1_172' title='bbox 756 3651 845 3723; x_wconf 92' lang='lat' dir='ltr'><strong>mihi</strong></span> <span class='ocrx_word' id='word_1_173' title='bbox 866 3651 961 3723; x_wconf 89' lang='lat' dir='ltr'><strong>inter</strong></span> <span class='ocrx_word' id='word_1_174' title='bbox 985 3647 1076 3721; x_wconf 88' lang='lat' dir='ltr'><strong>alios</strong></span> <span class='ocrx_word' id='word_1_175' title='bbox 1097 3667 1216 3718; x_wconf 88' lang='lat' dir='ltr'><strong>meam</strong></span> <span class='ocrx_word' id='word_1_176' title='bbox 1237 3667 1305 3716; x_wconf 83' lang='lat' dir='ltr'><strong>ex·</strong></span> 
     </span>
     <span class='ocr_line' id='line_1_28' title="bbox 215 3774 1297 3878; baseline -0.005 -28"><span class='ocrx_word' id='word_1_177' title='bbox 215 3799 382 3874; x_wconf 86' lang='lat' dir='ltr'><strong>promere</strong></span> <span class='ocrx_word' id='word_1_178' title='bbox 409 3779 642 3853; x_wconf 87' lang='lat' dir='ltr'><strong>sententiam.</strong></span> <span class='ocrx_word' id='word_1_179' title='bbox 670 3781 723 3854; x_wconf 85' lang='lat' dir='ltr'><strong>Ac</strong></span> <span class='ocrx_word' id='word_1_180' title='bbox 747 3783 782 3852; x_wconf 91' lang='lat' dir='ltr'><strong>in</strong></span> <span class='ocrx_word' id='word_1_181' title='bbox 811 3780 938 3878; x_wconf 87' lang='lat' dir='ltr'><strong>primis</strong></span> <span class='ocrx_word' id='word_1_182' title='bbox 968 3781 1150 3851; x_wconf 85' lang='lat' dir='ltr'><strong>neminem</strong></span> <span class='ocrx_word' id='word_1_183' title='bbox 1179 3774 1297 3856; x_wconf 88' lang='lat' dir='ltr'><strong>latet,</strong></span> 
     </span>
     <span class='ocr_line' id='line_1_29' title="bbox 218 3903 1301 4002; baseline -0.007 -24"><span class='ocrx_word' id='word_1_184' title='bbox 218 3919 322 4000; x_wconf 90' lang='lat' dir='ltr'><strong>puto,</strong></span> <span class='ocrx_word' id='word_1_185' title='bbox 348 3904 580 4002; x_wconf 83' lang='lat' dir='ltr'><strong>Anonymum</strong></span> <span class='ocrx_word' id='word_1_186' title='bbox 607 3908 696 3981; x_wconf 92' lang='lat' dir='ltr'><strong>nihil</strong></span> <span class='ocrx_word' id='word_1_187' title='bbox 725 3908 808 3981; x_wconf 87' lang='lat' dir='ltr'><strong>nori</strong></span> <span class='ocrx_word' id='word_1_188' title='bbox 829 3907 863 3978; x_wconf 93' lang='lat' dir='ltr'><strong>in</strong></span> <span class='ocrx_word' id='word_1_189' title='bbox 885 3907 955 3978; x_wconf 89' lang='lat' dir='ltr'><strong>hoc</strong></span> <span class='ocrx_word' id='word_1_190' title='bbox 978 3903 1204 3999; x_wconf 80' lang='lat' dir='ltr'><strong>excogitasse</strong></span> <span class='ocrx_word' id='word_1_191' title='bbox 1223 3915 1301 3971; x_wconf 84' lang='lat' dir='ltr'><strong>stn-</strong></span> 
     </span>
     <span class='ocr_line' id='line_1_30' title="bbox 219 4031 1303 4132; baseline -0.004 -26"><span class='ocrx_word' id='word_1_192' title='bbox 219 4034 292 4106; x_wconf 90' lang='lat' dir='ltr'><strong>dio.</strong></span> <span class='ocrx_word' id='word_1_193' title='bbox 324 4032 476 4131; x_wconf 84' lang='lat' dir='ltr'><strong>Vulgata</strong></span> <span class='ocrx_word' id='word_1_194' title='bbox 500 4059 654 4132; x_wconf 92' lang='lat' dir='ltr'><strong>namque</strong></span> <span class='ocrx_word' id='word_1_195' title='bbox 673 4035 719 4106; x_wconf 86' lang='lat' dir='ltr'><strong>ab</strong></span> <span class='ocrx_word' id='word_1_196' title='bbox 741 4033 923 4106; x_wconf 80' lang='lat' dir='ltr'><strong>Ecclesiae</strong></span> <span class='ocrx_word' id='word_1_197' title='bbox 952 4031 1101 4105; x_wconf 88' lang='lat' dir='ltr'><strong>exordio</strong></span> <span class='ocrx_word' id='word_1_198' title='bbox 1121 4031 1303 4102; x_wconf 88' lang='lat' dir='ltr'><strong>sententia</strong></span> 
     </span>
     <span class='ocr_line' id='line_1_31' title="bbox 220 4157 1306 4261; baseline -0.003 -29"><span class='ocrx_word' id='word_1_199' title='bbox 220 4162 394 4249; x_wconf 87' lang='lat' dir='ltr'><strong>invaluit,</strong></span> <span class='ocrx_word' id='word_1_200' title='bbox 424 4164 627 4240; x_wconf 85' lang='lat' dir='ltr'><strong>haereticos</strong></span> <span class='ocrx_word' id='word_1_201' title='bbox 655 4184 869 4259; x_wconf 85' lang='lat' dir='ltr'><strong>graecorum</strong></span> <span class='ocrx_word' id='word_1_202' title='bbox 898 4175 1090 4261; x_wconf 91' lang='lat' dir='ltr'><strong>poetarum</strong></span> <span class='ocrx_word' id='word_1_203' title='bbox 1119 4175 1157 4234; x_wconf 90' lang='lat' dir='ltr'><strong>et</strong></span> <span class='ocrx_word' id='word_1_204' title='bbox 1186 4157 1306 4256; x_wconf 91' lang='lat' dir='ltr'><strong>philo·</strong></span> 
     </span>
    </p>
   </div>
   <div class='ocr_carea' id='block_1_5' title="bbox 0 0 1448 4784">
    <p class='ocr_par' dir='ltr' id='par_1_7' title="bbox 0 0 1448 4784">
     <span class='ocr_line' id='line_1_32' title="bbox 0 0 1448 4784; baseline 0 0"><span class='ocrx_word' id='word_1_205' title='bbox 0 0 1448 4784; x_wconf 95' lang='lat' dir='ltr'><strong> </strong></span> 
     </span>
    </p>
   </div>
  </div>
 </body>
</html>
