2886 4784
157 479 218 547 bus
242 480 442 563 obsequeris,
466 477 569 544 Deum
593 499 718 544 verere.
745 481 828 544 badi
851 481 953 560 ingena
970 469 1117 553 Domini,
1141 482 1193 544 eui
1216 483 1277 549 ob,

158 594 344 665 sequuntur
364 584 460 647 etiem
483 584 539 662 qui
561 582 647 661 leges
670 582 800 645 ierunt:
823 578 902 663 puae
920 580 1001 644 licus
1022 581 1281 662 conjacentium.

158 705 210 750 me
232 705 297 748 non
318 693 450 766 separet.
475 684 536 749 Sed
560 703 623 747 uon
648 685 754 748 solunt
784 685 837 747 iiic
869 684 1007 746 coeleste
1038 693 1273 764 praeceptum,

118 857 122 864 ,
162 789 218 850 sed
242 786 405 866 quoddam
428 785 524 849 etiam
556 803 638 865 opus
666 784 725 848 Dei
756 785 960 848 solvitur..
986 828 991 846 .
1017 828 1024 844 .
1048 783 1108 846 Sed
1132 784 1279 848 tortasse.

159 889 246 952 dicet
267 887 405 968 aliquis:
428 885 583 968 quomado
603 884 725 966 Moyses
746 884 911 949 mondavit
931 881 1004 948 dori
1024 885 1165 948 iibetium
1185 905 1281 966 repu·.>

160 987 212 1053 dii
231 999 259 1052 et
279 987 436 1053 dimittere
453 983 617 1051 umorem?
633 986 697 1065 Qut
713 990 775 1051 hoc
793 990 881 1067 dicit,
895 988 1034 1069 judaeus
1054 998 1112 1051 est.
1128 987 1192 1064 Qui
1215 989 1281 1058 hoe

161 1095 253 1170 dicit,
276 1092 469 1155 christianus
491 1108 555 1154 non
575 1100 633 1154 est.
652 1090 690 1154 Et
713 1092 785 1155 ideo
807 1094 862 1170 uui
886 1092 947 1154 hoe
968 1091 1091 1172 objicit,
1107 1092 1194 1171 quod
1217 1092 1281 1154 οδε

159 1194 286 1277 jectum
309 1201 358 1254 est
379 1190 539 1266 Domino,
565 1195 755 1272 respondeat
779 1193 807 1255 ei
831 1191 1007 1255 Dominusc
1032 1194 1074 1255 ad
1093 1191 1251 1256 duritiam
1265 1236 1281 1268 „

163 1297 282 1376 inquit,
304 1291 410 1356 cordia
430 1291 689 1372 austripermicit
708 1292 791 1356 uobis
813 1293 935 1373 Mopsus
955 1295 1030 1357 darc
1060 1293 1198 1355 tibeitum
1229 1313 1279 1355 re«

158 1395 273 1478 pedii,
294 1406 323 1457 et
342 1393 495 1458 dimittere
514 1412 657 1457 umores:
689 1395 727 1457 ab
758 1392 854 1458 initio
883 1413 947 1457 noa
976 1394 1039 1475 fuit
1067 1394 1123 1457 sic.
1149 1394 1278 1479 Moyses

165 1500 340 1579 permisit,
363 1497 486 1577 inquit,
509 1514 570 1558 nou
593 1495 679 1559 Deus
700 1495 815 1578 jussu:
841 1498 880 1558 ab
904 1498 993 1559 initio
1013 1506 1121 1558 entem
1147 1495 1279 1564 liciter

165 1611 227 1663 est.
252 1598 345 1674 Quae
366 1607 415 1661 est
435 1597 489 1661 lex
512 1594 776 1677 partitumque
798 1598 885 1658 bomo
902 1606 1026 1676 patrem
1047 1607 1074 1658 et
1095 1606 1238 1672 ntatrem,
1252 1605 1283 1661 et

165 1700 345 1765 adhaerebit
365 1697 463 1760 acori
482 1717 572 1774 suae,
587 1709 615 1761 rt
634 1708 729 1760 eruut
748 1666 836 1760 aecio
858 1698 894 1761 in
915 1717 1009 1762 earne
1030 1717 1105 1760 una.
1122 1697 1207 1778 Ergo
1225 1701 1281 1778 qui

167 1804 302 1867 dimittit
324 1818 474 1872 uxorem,
489 1818 625 1869 carnem
647 1819 739 1863 suam
762 1803 887 1873 scindit,
904 1801 1017 1872 dividit
1039 1818 1159 1877 corpus
1182 1810 1243 1861 ete.
1262 1818 1278 1858 u

253 1901 375 1964 Deinde
397 1903 428 1962 in
451 1901 594 1981 ejusdem
617 1903 838 1965 cometentarii
861 1901 958 1964 Libro
978 1899 1019 1963 ii.
1038 1921 1077 1963 ex
1093 1921 1120 1962 c.
1140 1900 1164 1963 1.
1184 1921 1211 1960 v.
1227 1898 1278 1966 26.

174 2005 273 2067 rerba
297 2005 552 2082 interpretatus:
577 2011 746 2084 autequam
776 2004 1000 2077 convenirent,
1020 2001 1148 2065 iuuenta
1164 2011 1220 2064 est
1246 2002 1284 2065 iu

167 2116 259 2169 utero
279 2104 394 2167 babent
417 2105 452 2164 de
472 2101 595 2183 Spiritu
617 2101 761 2178 Sancto,
784 2106 915 2167 scribit:
940 2128 955 2162 a
979 2102 1097 2184 Utique
1122 2108 1147 2164 si
1169 2122 1287 2166 eonve-

173 2210 306 2280 nissent,
323 2223 489 2287 uunquam
514 2205 620 2269 virum
642 2209 811 2286 proprium
835 2207 1038 2286 reliquisset;
1062 2225 1119 2268 nec
1142 2209 1190 2266 vir
1212 2223 1283 2268 eam

167 2311 279 2392 justus
303 2327 413 2387 passus
434 2314 518 2370 esset
540 2325 557 2370 a
580 2326 613 2371 se
635 2308 812 2371 discedere.
837 2307 1009 2384 Quomodo
1040 2319 1148 2369 autom
1177 2309 1284 2370 Domi-

172 2429 234 2473 nus
256 2411 432 2474 divortium
461 2407 689 2489 praecepisset,
716 2428 790 2472 cum
818 2412 917 2489 ipsius
937 2410 979 2472 sit
999 2413 1177 2483 sententia,
1209 2411 1284 2487 quia

173 2530 270 2575 nemo
292 2512 453 2573 dimittere
475 2509 569 2573 debet
595 2529 746 2587 uxorem,
768 2521 894 2591 eccepto
914 2509 1137 2591 fornicationis
1158 2507 1285 2575 causa?

173 2614 317 2676 i‘uichre
338 2621 448 2677 autem
468 2611 580 2675 docuit
600 2624 730 2677 sanctus
752 2611 961 2687 Matthaeus,
984 2613 1062 2693 quid
1095 2613 1202 2676 iacere
1231 2615 1288 2676 de·

175 2719 249 2777 beat
269 2713 468 2795 postumani
491 2713 646 2796 probrum
669 2716 814 2796 conjugis
836 2716 1095 2795 deprehenderit,
1120 2725 1155 2778 ut
1178 2719 1287 2781 incre,

174 2827 287 2879 entem
311 2816 351 2877 ab
374 2816 569 2890 homicidio,
598 2825 730 2879 eastum·
744 2816 784 2878 ab
806 2818 968 2880 adulterio
990 2828 1156 2896 praestare
1178 2832 1216 2881 se·
1230 2820 1288 2883 dc·

176 2921 261 2980 beat.
278 2915 343 2992 Oui
356 2916 439 2980 cuitu
449 2914 603 2997 junpitur
616 2916 785 2991 meretrici,
801 2936 901 2980 uuum
915 2904 1030 2996 corpus
1045 2927 1098 2980 est.
1116 2917 1202 2997 Ergo
1219 2920 1290 2981 ubi·

176 3039 242 3100 quc
267 3021 298 3080 io
313 3017 433 3099 ,ioseph
453 3018 533 3100 Justi
555 3019 712 3099 gratiaci
734 3037 868 3098 persona
889 3030 1051 3094 servatur,
1069 3030 1104 3083 nt
1128 3024 1216 3083 testis
1237 3039 1291 3084 or·

175 3124 283 3184 netur.
304 3118 345 3183 Os
367 3119 449 3182 enim
464 3119 551 3201 justi
572 3120 773 3183 mendacium
793 3120 1170 3205 ucecit,et1inpua·ejur
1192 3122 1293 3203 ioqui·

177 3232 233 3283 tur
255 3223 426 3284 veritatem.
442 3219 511 3286 Nee
533 3229 566 3284 te
584 3230 713 3284 moveat
727 3222 815 3301 quod
831 3223 1020 3305 frequenter
1033 3225 1201 3306 Scriptura
1217 3241 1292 3286 coa·

173 3327 287 3407 jugem
309 3323 411 3387 dicit:
433 3341 497 3386 non
519 3324 604 3386 euim
630 3324 820 3403 virginitatis
841 3328 987 3406 ereptio,
1016 3327 1227 3408 sedconjugii
1248 3336 1293 3389 te·

176 3425 350 3501 stiticatio,
374 3427 561 3505 nuptiarum
594 3424 784 3488 declaratur
815 3426 1002 3492 celebratio.
1025 3427 1171 3509 Denique
1193 3446 1292 3508 quam

179 3545 243 3590 non
266 3528 403 3605 accepit,
427 3544 520 3588 nemo
551 3527 693 3590 dimittit.
715 3523 758 3590 m
780 3526 854 3592 ideo
874 3529 931 3609 qui
954 3530 1084 3595 volebat
1106 3531 1290 3609 dimittere,

180 3626 346 3690 fatebatur
367 3636 545 3706 acceptam.
568 3646 585 3686 u
1215 3678 1217 3683 .

264 3728 342 3790 item
366 3730 396 3790 io
418 3726 574 3792 Tractatu
594 3729 635 3792 ite
655 3731 831 3795 itai-tatione
845 3733 886 3795 od
899 3729 1134 3811 oirpinitatem,
1150 3734 1294 3815 ejusdem

181 3827 407 3908 Evangeiistae
428 3849 471 3894 ex
491 3849 519 3894 c.
543 3829 631 3894 xtx.
658 3835 754 3894 verba
788 3853 950 3912 exponens
983 3835 1105 3913 inquit=
1130 3855 1147 3896 u
1169 3833 1240 3898 Hoc
1262 3839 1293 3899 in

179 3927 362 4010 Evangelio
384 3950 445 3995 suo
467 3933 634 4014 praedicat
660 3932 715 3994 Dei
746 3933 853 4010 fliius3
887 3935 1065 3997 dicentibus
1097 3936 1181 3996 enim
1205 3935 1292 4015 Apo·

178 4031 295 4095 stolis:
317 4032 397 4112 quia
419 4032 449 4096 si
467 4031 515 4097 ita
534 4041 579 4096 est
599 4053 696 4096 causa
717 4033 796 4109 viri,
818 4045 852 4097 ut
873 4053 937 4095 non
959 4034 1053 4098 diceet
1083 4035 1136 4096 itii
1168 4054 1297 4099 umorem

177 4127 349 4209 dimittere,
371 4130 437 4197 niti
455 4151 495 4196 ea
515 4133 584 4196 sota
604 4153 702 4198 causa
722 4132 963 4214 fornicatiouis,
979 4154 1043 4197 aen
1058 4136 1183 4215 expedit
1204 4137 1296 4198 teube-

179 4251 234 4312 re,
259 4234 420 4316 respoudit
441 4231 599 4303 uentum
621 4244 683 4303 etc.
707 4255 723 4296 u
745 4235 778 4303 Si
802 4237 934 4304 enims.
956 4235 1136 4320 Episcopus
1159 4239 1189 4300 in
1210 4239 1297 4302 cedi-
