2886 4784
161 338 202 412 68

159 447 513 512 anathematizarentur
522 469 534 529 ;
556 450 650 511 sicuti
673 466 689 509 a
713 435 905 526 quibusdam
930 454 1146 517 monumentis
1179 470 1271 531 appa·

157 546 238 611 ret'?
258 545 289 610 Si
314 567 391 610 vero
413 549 476 611 hoc
498 549 568 611 fieri
591 552 756 629 potuerit,
779 567 818 612 ac
840 566 956 613 revera
989 551 1112 614 lactum
1145 556 1187 616 sit
1199 574 1210 633 3
1232 573 1268 614 er

157 649 296 711 adverso
317 649 394 711 satis
415 649 640 713 difficillimum
663 650 740 712 mihi
764 649 904 723 videtur,
919 651 1007 730 quod
1025 653 1054 712 in
1078 655 1179 715 citata
1201 653 1271 716 Col·

157 748 278 810 latione
300 747 337 810 V.
355 747 546 812 Theodorus
570 749 685 811 dscida
708 749 885 814 Caesareae
907 749 1131 829 Cappadociae
1154 754 1273 831 episco-

160 868 220 930 pus
242 860 352 912 contra
376 869 413 912 ea
436 848 585 930 Capitula
602 851 758 913 disserens
772 868 881 912 coram
900 849 1062 924 Patribus,
1082 869 1120 913 ac
1137 857 1274 915 rationes

158 960 396 1030 perscrutatus,
420 959 455 1013 ut
476 951 659 1037 ostenderet
681 951 837 1031 quosdam
859 951 1039 1013 haereticos
1054 954 1181 1014 etiamsi
1199 972 1215 1014 a
1233 954 1273 1013 vi·

160 1052 204 1113 ris
224 1051 417 1113 orthodoxis
439 1051 636 1130 quandoque
657 1050 859 1122 celebratos,
893 1068 954 1111 non
984 1049 1137 1129 effugisse
1170 1059 1271 1115 tamen

160 1154 347 1215 canonicam
372 1150 535 1214 Ecclesiae
557 1151 817 1226 damnationem,
841 1151 1065 1214 difficillimum
1088 1155 1169 1215 milri
1193 1155 1271 1216 vide·
1296 1154 1301 1160 ’

161 1264 226 1328 tur,
250 1256 394 1333 inquam,
411 1254 498 1333 quod
521 1255 587 1331 ipse
609 1255 793 1332 episcopus,
815 1255 961 1332 alioquin
984 1256 1036 1319 vir
1051 1254 1184 1330 doctus,
1202 1275 1270 1317 con·

162 1362 209 1417 tra
232 1374 359 1418 sensum
382 1374 478 1418 suum
500 1357 531 1416 in
553 1356 612 1417 hac
643 1358 831 1434 quaestione
864 1355 1083 1435 irrumperet,
1114 1368 1149 1418 et
1181 1367 1269 1419 extra

161 1465 387 1534 argumentum
413 1465 597 1536 vagaretur.
620 1455 721 1518 Extra
743 1466 970 1535 argumentum
993 1455 1124 1542 quidem
1145 1476 1269 1536 vagare·

164 1556 229 1631 tur,
253 1558 292 1616 de
315 1558 350 1618 iis
373 1557 537 1636 disputans
560 1557 742 1630 haereticis,
764 1576 848 1638 quos
868 1559 926 1629 ait,
949 1559 1011 1618 etsi
1036 1558 1266 1637 quaudoquea

163 1659 220 1735 piis
245 1660 319 1719 viris
341 1658 464 1721 laudati
485 1660 570 1733 sint,
593 1658 801 1746 uilpilomiuus
830 1666 963 1736 postea,
987 1658 1108 1720 horum
1142 1660 1266 1722 detectis

164 1758 344 1832 erroribus,
361 1759 459 1822 luisse
481 1759 521 1819 ab
542 1756 686 1821 Ecclesia
709 1761 1027 1839 excommunicatos3
1043 1761 1135 1822 etita
1158 1762 1265 1835 dicens,

163 1860 327 1940 extemplo
348 1861 378 1920 in
401 1860 505 1921 medio
527 1862 693 1931 orationis,
709 1859 846 1938 abrupta
869 1864 1159 1938 argumentationis
1179 1863 1263 1933 serie,

164 1963 314 2036 ostendit,
331 1963 487 2041 quosdam
509 1961 689 2022 haereticos
713 1961 808 2022 luisse
832 1971 902 2041 post
923 1958 1047 2025 obitum
1064 1963 1266 2025 anathemati·

164 2072 274 2143 ratos3
308 2064 394 2143 quod
428 2064 608 2143 praemissis
641 2063 842 2126 contradicit.
872 2063 952 2124 ltem
986 2065 1053 2143 ipsa
1084 2063 1264 2128 Theodorus

163 2173 274 2226 contra
296 2156 424 2228 sensum
446 2185 541 2229 suum
565 2167 782 2246 processisset,
806 2165 866 2226 hac
888 2169 1052 2244 proposita
1070 2185 1183 2231 coram
1197 2166 1265 2232 Con·

135 2275 139 2286 ·
165 2267 229 2327 cilii
255 2265 403 2330 Patribus
425 2266 572 2346 Origcnis
594 2267 819 2340 damnatione,
843 2284 916 2328 cum
939 2268 995 2328 ille
1016 2270 1103 2331 inter
1125 2271 1258 2348 primos,

166 2367 299 2429 testibus
322 2372 420 2430 trium
443 2368 670 2446 Capitulorum
693 2366 915 2428 defensoribus
933 2384 970 2428 ac
987 2365 1192 2430 Palaestinae
1210 2385 1264 2428 mo·

164 2469 285 2544 cuchis,
308 2477 401 2531 antea
424 2469 561 2531 firmiter
575 2477 605 2532 et
621 2469 750 2548 quidem
764 2469 839 2549 jure
854 2469 1015 2531 obstiterit
1031 2470 1131 2550 hujus
1147 2473 1262 2549 iniquae

163 2571 338 2632 sententiae
360 2573 390 2632 in
411 2569 584 2649 Origenem
607 2570 770 2642 ferendae,
787 2588 882 2649 quem
906 2570 1130 2634 orthodoxum
1152 2570 1259 2634 sciebat

165 2678 196 2733 et
218 2671 249 2732 in
271 2669 414 2734 Ecclesia
436 2670 601 2735 Catholica
625 2672 826 2734 defunctum.

245 2769 351 2852 Siquis
374 2779 479 2834 tamen
499 2774 607 2836 adhuc
628 2775 723 2835 instet
745 2792 804 2853 pro
835 2772 984 2853 Origenis
1016 2774 1216 2837 damnatione
1240 2774 1263 2832 in

166 2871 296 2955 Synodo
317 2871 356 2937 V.
381 2875 492 2954 eisque
513 2875 659 2948 accedat,
682 2877 738 2954 qui
760 2876 964 2938 subtractum
989 2875 1088 2938 luisse
1110 2885 1220 2955 putant
1236 2872 1265 2934 il·

165 2976 230 3038 lius
251 2993 366 3039 nomen
388 2994 405 3037 a
427 2975 546 3061 Synodi
569 2977 670 3054 actis3
695 2986 770 3040 tnnc
792 2976 962 3039 dicendum
986 2977 1071 3040 loret
1093 2978 1192 3060 liujus
1204 2975 1265 3041 suo

166 3079 330 3142 tractionis
351 3087 521 3140 auctorem
542 3077 574 3138 in
594 3078 707 3157 primis
729 3096 860 3141 manum
893 3080 1081 3157 apposuisse
1108 3079 1266 3141 noviuimo

167 3175 276 3258 vigilii
298 3175 482 3242 Constituto
502 3179 674 3241 universae
698 3177 862 3242 Ecclesiae
884 3181 972 3253 dato,
987 3179 1043 3243 ubi
1059 3179 1149 3242 nulla
1170 3178 1266 3257 Origo

166 3278 214 3340 nis
236 3279 376 3340 damnati
398 3279 540 3341 mentio:
564 3297 715 3358 quaeque
737 3288 882 3359 ceterum
906 3280 1087 3344 nullimode
1108 3279 1266 3344 omittenda

168 3386 248 3441 erat.
271 3375 450 3440 Dicendum
471 3395 586 3458 nempe
608 3386 702 3452 esset,
726 3380 812 3441 hunc
833 3380 865 3441 in
886 3381 1056 3461 principio,
1072 3382 1104 3441 iu
1127 3380 1270 3443 medicat

166 3481 199 3540 in
221 3477 282 3541 dne
304 3477 475 3542 Constituti
496 3479 697 3542 subtraxisse
718 3497 735 3540 a
762 3479 915 3542 Pontidce
930 3485 1076 3560 exposita
1099 3491 1133 3544 et
1154 3481 1267 3544 decreta

169 3581 209 3642 de
229 3580 290 3642 hoc
305 3581 392 3654 viro,
407 3597 541 3658 prorsus
556 3590 681 3642 resecto
698 3583 796 3643 totins
812 3583 994 3659 argumenti
1011 3556 1138 3645 ordine.
1156 3581 1196 3645 Et
1209 3580 1272 3642 lauic

168 3682 260 3758 operi
283 3698 317 3744 se
339 3681 547 3757 applicuisset
567 3682 753 3744 evirationis
776 3691 913 3756 auctor,
939 3682 1039 3744 veluti
1062 3701 1125 3744 suo
1146 3682 1219 3746 loco
1237 3681 1273 3739 di·

170 3789 259 3844 ctum
281 3790 339 3844 est.
363 3778 450 3844 Num
475 3799 554 3842 vero
576 3783 637 3844 hoc
659 3782 728 3844 lieri
751 3784 908 3862 potuerit,
928 3782 1054 3861 iudicet
1074 3783 1193 3845 lector.

249 3881 291 3947 El
313 3884 375 3946 hoc
396 3883 480 3944 idem
503 3882 624 3946 lactum
647 3895 730 3946 esset
752 3888 782 3945 in
805 3882 924 3945 Formo
946 3882 1120 3947 Iustiniani
1137 3885 1219 3947 lecta
1233 3897 1276 3942 co·

172 4003 240 4048 ram
264 3985 415 4048 Patribus
436 4001 454 4045 a
475 3982 595 4068 Syncdi
618 3988 720 4056 initio.
739 3997 770 4048 et
792 3988 823 4047 in
845 3987 980 4065 epistola
1003 3983 1113 4065 Vigilii
1132 4004 1193 4064 pro
1206 3983 1280 4065 ejus·

171 4087 242 4150 dem
264 4085 383 4170 Synodi
405 4086 675 4166 congregatione:
700 4089 754 4151 ubi
770 4088 920 4151 similiter
934 4086 1128 4151 excluditur
1144 4085 1281 4166 Origeuis

170 4187 311 4263 mentio,
338 4202 397 4247 nec
420 4191 523 4248 tamen
553 4187 739 4268 negligenda
773 4209 835 4267 pro
858 4189 1064 4253 discussionis
1085 4197 1118 4251 et
1142 4186 1287 4250 delinitio
