2886 4784
170 353 211 422 w
249 444 470 533 Quamobrem
493 457 675 519 adamantii
698 458 794 520 citata
820 457 916 520 rerba
942 456 971 519 ai
1001 475 1041 519 aa
1068 457 1284 539 praecedentis

166 555 311 622 videlicet
331 558 413 622 vitae
435 556 554 621 meritis
576 578 615 621 ex
650 557 747 621 Libro
771 556 811 619 ll.
834 579 861 622 c.
889 558 941 622 lX.
966 578 996 623 n.
1018 560 1048 625 7.
1073 561 1104 623 iu
1134 580 1222 642 quae
1252 581 1281 626 a.

169 658 293 724 Censor
313 679 373 740 pro
393 677 451 724 sua
475 660 555 724 tbesi
577 659 733 723 incumbit
754 678 851 739 quarn
874 663 1025 739 maxime,
1043 681 1081 726 ea
1094 681 1159 727 non
1175 664 1281 727 solum

168 762 369 841 explananda
390 763 445 824 sed
468 770 499 825 et
520 761 715 824 emendanda
737 771 812 825 suut
833 781 873 824 cx
896 762 966 826 aliis
988 764 1136 844 eiusdem
1160 770 1282 845 generis

169 860 362 925 dictionibus
384 865 437 925 bic
458 870 490 925 ct
511 862 587 925 alibi
609 863 744 925 iteratis.
764 862 826 926 Hic
841 868 925 927 euim
943 867 1043 945 paulo
1064 876 1140 930 ante
1157 877 1190 930 et
1206 886 1280 945 pan·

166 961 200 1023 lo
222 970 294 1039 post
315 963 436 1042 legitur
456 963 626 1025 secandam
643 964 862 1042 praecedentes
876 984 1004 1042 causae,
1017 985 1057 1028 ea
1068 967 1280 1045 praecedenti·

166 1061 223 1125 das
242 1061 364 1139 causis,
384 1084 499 1127 causas
518 1062 683 1128 nativitati
691 1067 919 1144 praecedentes.
936 1065 1029 1143 Quae
1045 1069 1212 1139 formulae
1226 1070 1278 1132 etsi

167 1162 280 1225 eadem
304 1165 460 1227 relatione
481 1182 518 1227 aa
545 1165 633 1243 prius
665 1167 781 1227 citatae
810 1174 1013 1245 usurpentur
1046 1168 1087 1229 ab
1118 1167 1277 1248 Origene3

166 1264 304 1327 obscura
323 1265 373 1328 rel
396 1264 492 1327 dubia
517 1272 621 1327 tamen
648 1266 707 1326 ista
729 1275 865 1344 apparet
885 1267 931 1329 sio
945 1285 984 1328 ea
995 1267 1218 1348 praecedentia
1238 1269 1279 1330 ni·

166 1372 217 1426 tae
237 1363 357 1427 meritis
378 1383 542 1444 expressa.
571 1362 711 1444 ideoque
733 1372 797 1427 tam
819 1368 877 1429 ista
900 1385 998 1447 quam
1020 1367 1098 1431 illac
1127 1386 1277 1433 renuam·

168 1469 228 1529 deo
250 1475 325 1532 sunt
346 1465 384 1527 ad
407 1472 594 1543 sequentem
617 1463 751 1528 Librum
777 1465 833 1529 ΙΙΙ.
856 1486 886 1529 n.
907 1465 957 1534 20.
973 1465 1025 1534 21.
1041 1471 1097 1534 ubi
1116 1471 1202 1533 idem
1219 1477 1278 1533 tra·

163 1577 272 1634 ctatur
293 1574 532 1646 argumentum,
555 1574 587 1627 et
610 1566 663 1627 ubi
685 1566 792 1628 adbuc
821 1575 943 1645 perstat
974 1574 1082 1632 textus
1114 1588 1273 1648 graecuss

164 1693 181 1732 a
202 1668 298 1746 Quod
321 1669 346 1729 si
365 1667 477 1739 semel,
493 1668 552 1738 ait,
566 1666 765 1728 admittimus
786 1685 855 1728 esse
878 1670 1032 1747 quasdam
1053 1666 1170 1751 ἀιτιας
1194 1692 1277 1775 πρεσ-

160 1765 305 1870 βυτέρας
324 1787 437 1831 canoas
457 1765 654 1846 antiquiores
676 1774 732 1828 aut
751 1769 970 1855 praecedentes
991 1780 1028 1834 ut
1049 1775 1139 1837 aliud
1160 1778 1205 1840 sit
1226 1795 1275 1840 ras

165 1877 296 1940 bonoria
318 1879 351 1935 et
371 1870 458 1932 aliud
481 1868 711 1941 contumeliae,
733 1868 810 1946 quid
833 1868 964 1931 absurdi
987 1871 1087 1935 luerit
1108 1876 1149 1937 ad
1171 1877 1276 1940 locum

163 1978 203 2040 dc
218 1976 322 2038 anima
338 1979 542 2034 recurrentes
556 1968 664 2030 dicere
684 1965 887 2069 πρεσβύτερα
910 1965 1009 2043 iuria
1024 1992 1064 2036 aa
1078 1994 1178 2039 caasa
1189 1994 1277 2056 prae·

164 2073 284 2140 cedenti
305 2074 458 2136 dilectum
481 2070 578 2132 luisse
600 2069 715 2146 Jacob,
740 2073 930 2153 priusquam
953 2087 1015 2140 eta.
1039 2096 1056 2135 n
1122 2072 1133 2085 ‘

244 2177 286 2242 lit
307 2177 386 2238 baec
408 2174 473 2253 ipsa
498 2171 638 2233 turmula
662 2191 778 2252 graeca
800 2193 896 2256 saepe
928 2179 981 2241 bic
1015 2181 1151 2259 repetita
1182 2179 1275 2242 latine

162 2280 287 2347 reddita
306 2275 495 2358 praecedens
515 2292 627 2348 caasa,
651 2275 699 2336 vel
719 2278 937 2355 praecedentes
958 2299 1086 2356 consae,
1111 2279 1276 2344 referenda

163 2392 212 2448 est
232 2382 270 2445 ad
294 2381 427 2444 citatum
451 2375 667 2438 testimonium
691 2374 777 2465 Libri
801 2378 842 2441 ll.
869 2380 923 2442 ubi
946 2381 1028 2444 idem
1053 2391 1276 2446 tractaturor·

162 2491 362 2567 gementum.
387 2477 434 2540 dc
455 2483 627 2557 propterea
662 2494 724 2537 non
755 2485 802 2539 est
834 2480 1027 2559 acceptanda
1064 2483 1111 2545 uti
1143 2483 1277 2562 genuina

162 2587 276 2659 lectio,
297 2582 328 2645 si
349 2599 389 2642 ea
407 2575 619 2660 praecedentis
640 2574 782 2641 videlicet
802 2578 884 2642 vitae
906 2581 1023 2644 meritis
1044 2581 1140 2664 dipne
1154 2592 1213 2645 etc.
1232 2600 1277 2644 re·

162 2705 236 2752 rum
259 2682 455 2747 emendanda
478 2690 527 2742 est
547 2687 579 2741 et
601 2682 788 2758 exponenda
812 2701 852 2743 ex
875 2701 992 2760 graeco
1017 2692 1108 2747 textu
1125 2685 1216 2747 citati
1232 2682 1279 2746 Li·

162 2789 211 2851 bri
232 2785 290 2848 lli.
316 2783 370 2845 ubi
392 2783 538 2860 legitur:
563 2802 580 2839 n
600 2778 691 2842 Sicut
714 2799 828 2843 rursus
850 2782 919 2845 fieri
943 2791 1060 2862 potest,
1085 2787 1201 2866 utqui
1223 2777 1277 2854 deni

160 2884 359 2988 πρεσβύτερα
382 2877 496 2949 rinnau
518 2879 574 2948 τ’ὁυ
596 2877 676 2970 βίου
697 2900 736 2941 ea
756 2881 939 2945 cansionae
960 2882 1028 2947 oita
1043 2884 1279 2964 antiquioribus

162 2993 267 3056 lactus
288 2993 328 3052 sit
350 2989 403 3051 bic
427 3006 481 3047 vas
503 2986 719 3048 contumeliae
741 2997 802 3047 etc.
822 3007 837 3040 n
856 2985 909 3046 nbi
932 2986 1015 3048 idem
1038 3005 1171 3066 scopus,
1196 2991 1277 3054 idem

159 3111 285 3166 sensus,
308 3098 340 3152 et
361 3090 472 3152 eadem
495 3087 618 3148 idcirco
641 3104 755 3164 graeca
778 3086 886 3149 dictio.
912 3086 958 3146 ne
981 3088 1051 3148 ideo
1078 3105 1142 3150 nou
1168 3090 1277 3172 legeu-

159 3194 237 3258 dum
259 3199 307 3254 est
328 3208 366 3250 ea
384 3186 598 3268 praecedentis
620 3185 761 3249 videlicet
784 3187 866 3249 ritae
895 3187 1037 3259 meritis,
1064 3191 1118 3251 sed
1143 3208 1185 3250 eac
1207 3211 1281 3254 can·

158 3294 203 3358 eis
222 3291 297 3358 baie
319 3293 402 3353 uitae
420 3290 700 3370 praecedentibus,
727 3292 861 3351 excluso
884 3308 1016 3369 quoque
1041 3292 1207 3354 vocabulo
1224 3313 1282 3356 rne-

158 3395 250 3469 ritc's,·
273 3393 359 3474 quod
382 3394 413 3452 in
437 3401 528 3453 textu
551 3409 667 3470 graeco
686 3391 902 3464 desideratur,
920 3409 957 3452 aa
977 3392 1118 3453 alterum
1143 3404 1285 3457 tantom-

76 3477 79 3481 *
160 3497 256 3559 modo
277 3494 423 3556 occurrit
442 3487 539 3560 cirria
560 3512 668 3555 cansa.

240 3604 353 3682 ltaque
374 3624 448 3667 aum
470 3604 529 3666 sibi
552 3606 770 3666 consentanius
794 3602 907 3663 doceat
933 3599 1090 3680 Origenes
1119 3601 1285 3684 antiquio-

157 3840 297 3897 ebtulerat
314 3840 407 3909 Iacob,
427 3840 545 3912 dequo,
565 3846 713 3913 antequam
733 3842 901 3902 nasceretur,
923 3836 1097 3910 preadictum
1116 3845 1162 3895 est
1174 3839 1237 3897 fore
1249 3849 1281 3898 ut

158 3939 302 4006 superaret
319 3933 414 4000 Eoum
434 3933 489 4006 ipsi
499 3949 611 4005 quoque
623 3932 738 3988 serviret
749 3930 833 3986 nani
843 3935 857 3985 ι
867 3928 942 3996 Quid
952 3931 1038 4003 impie
1047 3939 1178 4005 gesserat
1189 3933 1279 4002 Esau,

157 4032 191 4080 ut
206 4025 270 4081 odio
288 4024 435 4082 haberetur
452 4024 578 4081 nondum
596 4029 702 4080 natust
716 4045 729 4073 n
744 4022 776 4079 Si
793 4021 864 4079 nibil
882 4023 958 4090 mali,
979 4029 1131 4096 aulaquam
1150 4041 1282 4082 nascere·

158 4122 215 4186 tur,
229 4117 306 4174 Esau
323 4119 393 4193 egit,
406 4118 481 4176 unde
498 4135 566 4192 ergo
585 4118 719 4191 repetitur
737 4133 821 4174 cause
835 4114 910 4172 titus
929 4116 1133 4189 reprobationis
1150 4135 1189 4174 ex
1209 4120 1282 4177 actis

158 4209 266 4269 ssimae
283 4227 351 4271 suae
368 4211 468 4270 elicitis
486 4211 649 4290 priusquam
666 4211 773 4268 veniret
790 4209 821 4265 in
839 4213 966 4282 eorpus?
