2886 4784
183 336 192 350 ’·
281 349 322 422 ts

281 449 476 516 consentiens
495 448 681 514 aduersario
712 457 787 525 too,
809 448 958 530 scripsits
981 457 1045 512 ceto
1064 448 1229 513 semestre
1250 448 1379 511 edures

279 553 331 618 rio
351 565 425 626 tuo;
446 551 617 632 redditque
639 552 795 615 rationem
816 570 878 615 cur
897 555 941 614 ita
963 553 1166 630 exposuerit,
1191 555 1335 631 quamtis
1355 553 1380 612 in

282 654 389 718 latinis
409 654 574 717 codicibus
594 653 826 715 inscriberetur
846 650 1053 715 consentiens.
1076 653 1127 716 Ac
1147 654 1221 715 ideo
1240 671 1269 715 s.
1287 649 1383 732 Augu·

282 756 385 820 stiuus
407 752 450 816 De
469 766 609 817 sermone
629 736 764 816 Domini
779 752 815 815 s'n
842 751 949 818 Monte
972 753 1068 818 Libro
1091 751 1117 816 l.
1142 772 1172 816 n.
1192 750 1247 816 27.
1271 756 1330 815 etsi
1343 771 1387 815 oc·

284 855 376 932 culto
395 856 534 931 nomine,
552 856 633 919 banc
648 858 765 934 repetit
784 855 1109 934 interpretationem
1134 863 1197 917 esto
1217 851 1388 927 &cereseio

283 966 340 1021 teto
360 956 523 1019 beneuoiees
542 953 619 1032 cito,
640 957 716 1020 dum
736 975 769 1019 es
790 953 825 1020 in
845 955 912 1018 oio.
937 954 985 1019 ln.
1007 975 1036 1020 c.
1056 954 1144 1020 XlV.
1164 955 1217 1022 27.
1234 953 1391 1038 Statimque

279 1055 369 1120 Jesus
391 1059 515 1120 locutus
536 1067 581 1122 est
600 1057 657 1131 eis,
672 1057 803 1122 dicens:
826 1058 931 1128 badote
950 1056 1185 1140 fiduciam,eqo
1205 1076 1293 1133 sam,
1306 1055 1390 1120 nolite

283 1159 408 1234 timere,·
429 1161 484 1222 sed
507 1163 538 1224 iu
559 1164 792 1224 commentario
824 1163 921 1225 aliter
952 1164 1052 1238 citat,
1075 1161 1247 1240 inquiens:
1272 1181 1289 1219 e
1311 1156 1392 1236 Quod

286 1265 426 1341 primum
451 1263 644 1326 versabatur
666 1264 697 1327 in
718 1281 830 1336 causa,
847 1264 908 1327 boc
929 1269 1039 1337 curat,
1053 1272 1086 1325 et
1104 1262 1294 1326 timentibus
1314 1277 1391 1342 prae·

283 1365 382 1445 cepit,
406 1365 535 1427 dicens:
558 1364 662 1428 tadeo
681 1363 859 1445 fiduciam,
881 1364 978 1429 notite
991 1363 1109 1440 timere,
1131 1372 1166 1426 et
1186 1363 1280 1443 quod
1300 1360 1394 1443 sequi·

285 1479 357 1541 tur,
381 1485 437 1548 eqo
456 1483 539 1543 suen,
563 1485 620 1530 uec
640 1467 808 1550 subiungit
830 1477 892 1530 etc.
915 1487 932 1525 n
1048 1494 1052 1506 ·
1113 1535 1117 1541 ⁴

365 1567 456 1650 Hunc
479 1586 578 1648 porro
599 1587 734 1650 pravam
749 1566 1276 1632 amanuensiumconsuetudinem
1296 1568 1326 1630 in
1343 1566 1391 1629 ad·

285 1670 395 1733 deudis
410 1678 468 1733 aut
482 1671 681 1750 corrigendis
697 1670 729 1732 in
743 1653 931 1754 Hieronqmi
947 1672 1200 1747 commentariis,
1223 1667 1392 1734 Bibliorum

287 1772 494 1848 testimoniis,
517 1791 603 1850 quoe
622 1773 887 1852 ipse‘omiserat,
912 1772 964 1834 vel
985 1770 1082 1833 aliter
1102 1772 1255 1852 legerat,
1285 1771 1394 1835 notarit

285 1871 449 1938 Victorius
471 1875 501 1936 in
523 1875 606 1937 notis
627 1872 719 1937 Tomi
737 1872 808 1936 Vll.
826 1874 879 1936 ubi
902 1874 985 1935 idom
1007 1891 1034 1935 s.
1050 1870 1176 1935 Ductor
1198 1874 1299 1936 verba
1318 1871 1393 1952 Apo·

283 1977 358 2041 stoli
381 1977 424 2039 od
447 1973 583 2038 (inlotos
604 1993 633 2039 c.
659 1974 717 2039 tlt.
737 1974 772 2043 1.
794 1977 927 2039 citavit:
945 1971 973 2038 0
992 1972 1150 2039 insensati
1169 1976 1314 2055 qclotoe,
1331 1971 1393 2056 quit

283 2095 337 2141 cos
357 2073 561 2160 fascinavit?
582 2087 809 2159 onte-quorum
829 2079 936 2140 oculos
954 2074 1045 2139 lesus
1079 2074 1227 2140 Christus
1251 2073 1393 2157 precemi-

281 2192 358 2261 ptos
391 2189 433 2240 est
464 2177 502 2241 in
531 2177 616 2241 vobis
647 2175 854 2261 crucifixus?
885 2176 978 2254 Quae
1009 2181 1249 2256 interpretatus
1282 2177 1391 2259 iuquit:

288 2303 304 2342 n
328 2280 462 2360 Legitur
484 2281 516 2342 in
537 2281 731 2361 quibusdam
754 2282 931 2355 codicibus,
947 2297 1013 2340 non
1033 2279 1156 2340 credere
1177 2278 1317 2343 veritati.
1340 2276 1391 2343 Sed

172 2444 175 2449 ,
286 2385 361 2457 boc,
384 2385 459 2463 quia
493 2383 525 2445 iu
552 2383 795 2462 exemplaribus
817 2382 999 2444 Adamantii
1023 2398 1085 2443 eon
1117 2381 1280 2459 babetur,
1301 2381 1394 2444 omisi

288 2502 371 2545 orus.
395 2502 411 2541 u
435 2484 601 2558 Attamen,
619 2485 687 2562 ipso
710 2481 854 2546 Victoria
877 2491 968 2555 teste,
991 2500 1203 2545 amanuenses
1228 2484 1314 2547 buno
1332 2479 1395 2545 llic·

296 2587 423 2668 ronymi
445 2586 586 2648 codicem
610 2584 869 2658 transcribentes,
892 2583 970 2646 baec
994 2584 1089 2645 verba
1112 2584 1330 2661 intruserunt,
1348 2582 1395 2646 etsi

297 2686 514 2768 Hieronymus
535 2688 678 2749 omisisse
698 2705 732 2749 se
755 2696 887 2749 testatus
904 2694 996 2748 esset.
1013 2685 1054 2748 Et
1067 2703 1144 2747 sane
1167 2687 1212 2747 ita
1230 2705 1315 2750 nunc
1327 2685 1393 2765 legi·

294 2800 349 2853 tur
369 2793 400 2851 io
425 2787 583 2869 Vulgata:
609 2784 812 2852 O-e'nsenscti
830 2787 968 2868 quintae,
990 2785 1062 2870 quis
1081 2804 1138 2848 vos
1151 2786 1392 2869 fescinavitnon

293 2893 412 2955 credere
432 2890 584 2957 oeritcti‘?
605 2899 666 2955 etc.
908 2897 917 2905 “

372 2992 488 3070 Quoad
512 3012 589 3057 vcro
611 2995 693 3057 banc
714 2994 959 3074 discrepantiam
979 3001 1054 3057 tam
1076 2994 1107 3056 in
1130 2995 1302 3062 codicibus
1322 2997 1393 3080 ejot-

291 3097 363 3159 dom
384 3114 410 3158 s.
432 3093 622 3178 Hieronymi
644 3097 888 3172 commentarii,
910 3114 1007 3176 quam
1031 3097 1062 3157 iu
1085 3103 1317 3179 manuscriptis
1336 3099 1394 3162 lati·

292 3200 339 3259 nis
362 3198 515 3260 versionis
537 3195 718 3260 Bibliorum
743 3199 858 3260 veteris
880 3206 912 3260 et
934 3200 1009 3259 novi
1040 3194 1243 3263 Testamenti
1272 3203 1311 3264 sb
1338 3203 1395 3281 ipso

291 3295 433 3373 Dpctore
454 3307 601 3374 exactae,
625 3299 764 3360 maxime
787 3298 910 3360 iaciunt
931 3316 1015 3376 quae
1037 3299 1150 3361 scribit
1173 3297 1352 3365 vallarsius
1369 3302 1394 3362 io

289 3397 496 3461 Praefatione
518 3398 609 3463 Tomi
632 3398 688 3462 Xl.
711 3400 858 3478 Operum
881 3400 980 3462 iliius.
1004 3400 1059 3462 Ait
1079 3402 1188 3464 enim:
1215 3401 1394 3466 «Vixdum

290 3509 383 3560 erant
403 3508 547 3579 quatuor
568 3500 675 3579 elapsa
705 3500 839 3574 secula,
871 3519 911 3562 es
944 3518 1010 3578 quo
1042 3501 1074 3560 in
1106 3499 1279 3579 publicum
1303 3504 1393 3566 versio

288 3619 314 3662 s.
337 3597 487 3664 Doctoris
509 3602 697 3680 prodierat3
720 3618 758 3663 ac
780 3602 896 3681 passim
918 3603 1146 3664 auctoritatem
1176 3606 1266 3681 apud
1297 3619 1394 3667 omnes

287 3700 355 3763 lere
377 3702 554 3764 obtinebat:
579 3721 653 3765 cum
672 3701 739 3782 jam
762 3702 918 3764 vilescere
941 3703 1006 3762 visa
1029 3712 1095 3777 est,
1121 3706 1247 3769 mendis
1276 3706 1390 3780 obsita,

286 3819 371 3880 quae
394 3806 425 3865 iu
449 3811 536 3864 tanto
557 3802 807 3866 describentium
831 3802 1042 3865 librariorum
1065 3822 1230 3884 numero,
1253 3814 1392 3887 tantaque

286 3903 445 3964 utentium
469 3904 637 3978 varietate,
660 3920 778 3966 cavere
800 3903 966 3966 bominum
989 3904 1154 3984 diligentia
1176 3925 1243 3972 noo
1264 3914 1392 3990 poterat.

285 3999 321 4063 ld
353 4005 559 4083 aegreferens
591 4004 729 4067 Carolus
761 4002 922 4085 Magnus,
956 4005 1017 4068 boc
1054 4007 1293 4075 emendationis
1323 4023 1393 4089 opus

284 4107 446 4168 mandavit
469 4106 619 4170 alcuino.
641 4105 743 4186 Cujus
766 4113 831 4169 tota
854 4106 915 4170 tuit
935 4107 1092 4171 industria
1114 4110 1148 4173 in
1168 4111 1388 4193 conquirendis

281 4205 500 4287 undequaque
523 4205 795 4289 Hieronymianae
812 4208 966 4278 versionis
988 4207 1169 4293 codicibus,
1183 4213 1290 4297 iisque
1309 4213 1391 4281 sedo·
