2886 4784
1170 338 1211 414 45

92 450 132 515 V.
158 452 202 512 ita
225 450 356 513 scribit:
381 470 397 508 «
420 449 512 512 Atius
534 447 665 528 quidam
688 466 802 511 eorum
825 446 957 511 Marcus
976 449 1116 528 magicae
1131 451 1209 513 artis

92 555 233 633 peritus,
256 563 323 614 tom
339 552 468 630 magicis
484 552 661 630 praestigiis
677 559 744 613 tum
771 552 962 613 daemonum
980 552 1104 614 auritio
1126 553 1208 613 mni·

94 661 146 718 tos
166 654 308 716 seduxit.
334 653 364 714 is
386 653 511 715 dicebat
532 671 601 714 sese
628 654 691 714 vim
723 655 894 715 maximam
917 654 957 714 ab
979 654 1015 714 iis
1036 654 1129 726 iocis,
1152 654 1208 733 qui

94 771 154 817 nec
175 755 281 816 oculis
304 755 392 816 cerni
415 772 471 815 nec
495 753 564 814 ulio
586 754 712 814 nomine
734 754 872 834 exprimi
896 763 1039 831 possunt,
1056 773 1209 817 consecu-

96 863 178 917 tum.
201 854 336 932 Saepius
356 853 512 933 poculum
534 871 711 928 assumens,
727 863 758 914 et
774 854 865 933 quasi
883 853 980 914 veliet
1002 872 1206 926 consecrare,

92 955 308 1017 invocationis
333 955 431 1016 verba
455 955 486 1014 in
509 955 634 1034 tongins
657 945 1049 1034 protendens,‘efficiobat
1070 963 1106 1016 ut
1126 957 1208 1016 mix·

98 1065 172 1119 turn
196 1074 361 1136 purpurea
384 1065 557 1136 appareret
572 1062 603 1118 et
618 1056 792 1136 aliquando
808 1056 985 1119 rubicunda
999 1079 1007 1118 ε
1024 1057 1141 1135 quibus
1158 1076 1209 1118 ar·

96 1157 203 1219 titiciis
225 1157 328 1219 delusi
350 1158 519 1220 crederent
532 1163 729 1235 spectatores
745 1159 878 1234 gratiam
894 1159 1066 1236 quamdam
1080 1160 1210 1220 descen·

98 1259 190 1333 dere,
214 1269 246 1321 et
269 1261 330 1320 vim
352 1260 558 1337 sanguineam
581 1260 820 1321 communicare
842 1259 973 1336 potioni.
996 1257 1087 1322 Tunc
1112 1261 1212 1322 scele-

98 1371 170 1423 stus
192 1361 247 1421 ilie
270 1361 389 1423 multos
412 1360 564 1436 fallebat,
586 1359 640 1422 sed
660 1360 726 1439 jam
749 1378 811 1421 uon
836 1360 974 1438 amptius
996 1365 1136 1438 poterit,
1159 1371 1211 1425 ut·

100 1469 177 1540 pote
199 1463 365 1524 convietus
387 1473 449 1523 etc.
472 1481 488 1518 n

186 1561 236 1624 Ex
251 1581 318 1640 qno
332 1580 479 1624 sermone
499 1564 593 1625 sicuti
616 1580 656 1625 ex
679 1563 859 1639 praemissis
879 1581 904 1625 s.
926 1562 1048 1625 irenaei
1064 1565 1155 1628 dictis
1170 1567 1211 1628 ab

100 1683 141 1727 eo
158 1664 352 1726 verbotenus
374 1665 490 1736 citatis,
513 1673 637 1725 constat
659 1663 751 1726 ilium
767 1683 791 1725 s.
809 1662 962 1747 Martyris
984 1685 1098 1727 nomen
1113 1675 1145 1728 et
1158 1684 1211 1729 ae·

102 1773 201 1828 tatem
224 1763 283 1825 sibi
304 1763 521 1841 adscripsisse,
546 1763 695 1843 pluribus
717 1773 820 1827 tamen
840 1766 934 1845 juxta
963 1786 1084 1829 morem
1108 1777 1211 1830 muta-

101 1870 153 1941 tis,
166 1885 205 1928 ac
227 1866 380 1944 neglectis
397 1875 463 1926 tum
487 1866 516 1925 in
538 1865 671 1928 illorum
694 1885 767 1928 oum
791 1869 820 1927 in
841 1870 939 1946 ipsius
961 1868 1062 1930 Marci
1087 1870 1209 1933 reintr-

104 1970 209 2030 tiooe:
227 1976 259 2028 et
279 1967 467 2043 praesertim
490 1967 529 2027 de
552 1964 676 2043 Marco,
693 1987 789 2047 quem
806 1972 919 2032 asserit
933 1988 951 2031 a
966 1989 1000 2032 se
1014 1975 1211 2045 convictum,

103 2086 178 2131 cum
195 2085 360 2146 nunqnam
379 2068 565 2132 confutarit.
