2886 4784
159 442 259 502 rnonis
283 439 464 501 nniversam
487 437 580 498 docet
603 433 802 498 Ecclesiam:
826 453 864 497 ue
885 435 1020 515 limpide
1035 438 1167 516 exponit
1182 437 1260 517 quid·

157 544 234 624 quid
257 543 455 620 disputatum
478 549 525 603 cst
548 543 630 603 iuter
655 540 763 601 l'atres
786 542 817 602 iu
839 537 968 624 Synodo
986 537 1024 601 V.
1041 551 1261 620 congregatos:

161 655 194 709 et
215 646 300 726 quod
323 644 470 726 Synodus
501 643 644 703 decrevit
667 650 698 702 et
721 640 805 720 Papa
837 642 982 703 sancivit.
1007 641 1204 704 Auscultent
1226 639 1264 700 u-

77 729 85 740 *
161 748 227 828 gilii
253 766 377 819 rocem,
399 747 451 808 cni
476 754 624 807 resonant
647 731 816 805 Pontifices
843 762 1057 807 successores.
1084 744 1266 807 Ausculteut

165 866 274 911 vocem
300 847 454 924 Principis
477 854 671 924 pastorum,
694 847 749 924 qui
772 847 919 921 aperiens
951 864 986 906 os
1019 864 1118 907 snum
1150 843 1268 908 locutus

162 960 220 1011 est.
242 946 283 1009 Et
305 949 346 1009 ita
369 949 500 1009 locutus
522 955 581 1019 est,
606 953 653 1020 nt,
676 948 700 1006 si
723 954 838 1007 cuneta
861 946 1027 1023 periissent
1051 957 1201 1009 veterum
1223 947 1266 1009 do·

163 1059 309 1112 sumente
334 1049 372 1109 de
396 1048 456 1109 hoc
478 1046 634 1117 Concilio,
658 1065 694 1107 ac
716 1063 752 1106 ea
776 1047 975 1124 potissimum
997 1048 1152 1125 superins
1169 1047 1266 1121 citata,

66 1125 75 1145 ³
162 1160 195 1211 et
208 1160 331 1211 tantum
349 1154 555 1225 superessent
571 1146 738 1219 nonnulla,
752 1157 782 1208 et
800 1148 860 1210 hoc
876 1166 975 1210 unum
990 1146 1211 1211 Constitutum
1226 1165 1269 1209 no·

165 1251 351 1312 vissimum:
375 1249 459 1309 istud
482 1248 557 1308 satis
581 1245 676 1316 foret,
695 1257 729 1307 ut
743 1251 847 1309 omnia
862 1248 1059 1310 tollerentur
1074 1249 1116 1309 ab
1134 1246 1266 1311 Ecclesia

163 1352 325 1423 scandala,
343 1354 373 1412 in
394 1369 478 1428 quae
501 1351 611 1426 plures
633 1348 849 1423 offenderunt,
866 1359 897 1412 et
913 1351 1084 1429 hucusque
1100 1350 1266 1414 offendunt.

245 1450 314 1513 Non
337 1469 411 1510 sane
451 1451 600 1512 mentitus
622 1460 668 1511 est
690 1449 847 1528 Vigilius,
873 1470 946 1513 cnm
970 1459 1197 1512 asseveranter
1216 1450 1267 1522 ait,

164 1553 283 1622 omnia,
307 1569 390 1628 quae
413 1552 443 1610 in
475 1551 591 1629 vulgus
614 1571 629 1610 e
654 1550 782 1630 perfidis
804 1551 1037 1631 ,Capitulorum
1058 1541 1268 1613 defensoribus

164 1650 204 1711 de
226 1669 259 1710 so
284 1669 360 1711 voce
382 1659 414 1711 et
434 1653 555 1728 scripto
579 1651 778 1722 ferebantur,
796 1653 988 1715 nec'fecisse
1010 1670 1068 1714 uec
1085 1651 1207 1714 dixisse
1221 1668 1267 1712 nn·

165 1770 274 1831 quam.
299 1749 367 1813 Nee
390 1754 541 1814 mentitus
563 1760 631 1825 est,
656 1753 732 1814 dum
767 1761 923 1826 testatur,
953 1773 988 1815 se
1021 1770 1190 1831 uunquam
1219 1751 1265 1813 tria

165 1850 313 1930 Capitula
337 1850 513 1913 defendisse
536 1853 655 1931 quippe
678 1853 811 1930 profana
835 1861 864 1915 et
889 1854 994 1931 impia.
1023 1850 1095 1916 Non
1127 1853 1266 1914 mentitur

167 1950 315 2030 Vigilius,
339 1970 412 2012 oum
435 1953 551 2030 inquit,
567 1972 600 2013 se
621 1952 747 2031 aliquot
768 1955 857 2016 annis
879 1953 1156 2033 Constantinopoli
1179 1969 1264 2016 mora·

168 2063 249 2127 tum,
273 2073 330 2115 neo
353 2057 383 2115 vi
406 2055 446 2115 ibi
469 2055 634 2116 detentum
656 2055 710 2115 sed
735 2054 865 2128 fiducia,
887 2057 913 2116 si
936 2056 1020 2117 forte
1042 2073 1079 2116 ea
1102 2057 1170 2134 ipsa
1187 2051 1285 2132 Cupi.

168 2154 236 2215 tola
258 2152 463 2215 defendentes
485 2155 596 2234 plures
618 2173 658 2216 ex
680 2156 838 2234 episcopis
862 2141 1004 2228 Africae,
1023 2154 1147 2239 lllyrici
1169 2165 1200 2217 et
1219 2151 1263 2215 Su·

167 2257 302 2333 perieris
331 2254 441 2317 ltaliae
472 2256 559 2317 illusi
583 2258 827 2332 resipiscerent,
851 2257 1040 2336 prinsquam
1072 2253 1259 2317 anathemati·

166 2366 331 2418 narentur.
355 2356 426 2419 Non
449 2358 599 2418 mentitur
622 2355 756 2436 Vigilius
778 2375 888 2419 coram
914 2356 1076 2432 Ecclesia,
1093 2358 1216 2438 quando
1233 2352 1260 2414 ab
1285 2358 1287 2365 '

169 2459 259 2519 initio
275 2457 485 2520 pontificatus
500 2459 538 2518 ad
556 2443 679 2521 exitum
698 2468 800 2545 ussss‘e
815 2477 890 2537 erga
904 2479 937 2521 se
957 2460 1258 2538 obsequentissimum

167 2561 362 2620 incessanter
383 2559 600 2622 Justiniannm
623 2560 773 2623 laudibus
797 2565 1018 2640 prosequitur,
1036 2561 1109 2624 fidei
1133 2560 1256 2625 unitatis,

169 2657 332 2721 Ecclesiae
355 2661 440 2739 pacis
462 2660 660 2736 zelatorem,
687 2669 718 2720 et
741 2663 771 2721 in
799 2660 1003 2741 profligandis
1025 2662 1194 2724 haereticis
1210 2665 1260 2719 stu·

168 2761 306 2822 diosum.
967 2820 969 2826 Α

251 2860 344 2924 Hand
369 2865 522 2924 mentitur
547 2863 628 2942 Papa
657 2868 687 2925 in
716 2864 919 2943 Constitut03
945 2865 998 2926 nbi
1022 2866 1191 2942 praemissa
1215 2857 1259 2920 lide

168 2983 195 3024 s.
215 2963 342 3034 Leonis,
358 2966 424 3026 ait:
442 2986 458 3022 «
476 2965 688 3044 Posteaquam
706 2967 788 3028 beati
805 2967 1064 3028 chalcedonensis
1081 2965 1208 3030 Coracilii
1221 2979 1260 3021 es·

172 3066 373 3142 positionem,
393 3065 441 3125 vel
461 3066 543 3125 beati
562 3063 674 3127 Leonis
689 3068 857 3146 epistolam
875 3069 914 3128 de
929 3075 1036 3127 saneta
1054 3075 1087 3128 et
1101 3065 1260 3128 orthodott

171 3168 232 3228 fide
255 3169 421 3245 posuimus
448 3212 454 3227 .
478 3214 486 3229 .
512 3211 520 3227 .
545 3214 551 3226 .
575 3177 620 3242 et,
639 3167 706 3229 Deo
726 3171 918 3248 Jovante,iu
940 3188 976 3230 ea
1000 3187 1056 3230 isos
1078 3171 1165 3231 omni
1186 3167 1263 3228 sines·

172 3288 227 3332 rae
249 3271 363 3330 mentis
386 3270 556 3330 devotione
580 3274 751 3346 persistere
774 3270 960 3331 fraternitas
985 3280 1089 3331 restra
1111 3281 1143 3331 et
1160 3268 1264 3329 unirer·

173 3370 249 3430 salis
270 3371 435 3448 cognoscit
461 3368 629 3431 Ecclesia:
663 3374 878 3432 necessarium
904 3372 995 3432 valde
1028 3371 1191 3433 credimus
1220 3381 1264 3443 pst

172 3470 243 3551 ejus
264 3471 423 3532 servanda
446 3488 504 3549 per
525 3473 629 3532 omnia
654 3476 849 3547 reverentia,
873 3473 912 3534 de
937 3453 1173 3551 suprascriptis¹
1188 3472 1265 3531 trinu

172 3571 399 3649 Capitulorum
423 3571 666 3648 quaestionibus
688 3572 859 3651 diligenter
880 3572 997 3633 debere
1020 3591 1077 3632 nos
1100 3579 1211 3633 cuncta
1233 3563 1267 3625 di·

174 3682 303 3733 scotere
325 3680 358 3732 et
381 3681 474 3732 cauta
498 3672 758 3751 promulgatione
786 3674 918 3735 definire
949 3681 1010 3734 etc.
1034 3692 1049 3728 n
1075 3671 1147 3735 Non
1180 3665 1268 3733 menti·

172 3783 240 3846 tnr,
263 3777 410 3850 inquam,
436 3773 584 3834 Pontifex
608 3776 639 3833 in
662 3775 723 3836 hoc
745 3775 939 3850 Constituto,
962 3774 1130 3854 appellans
1151 3793 1168 3836 a
1188 3772 1268 3854 55⁰⁰·

171 3876 214 3934 da
236 3875 376 3934 discussa
401 3873 438 3933 de
463 3874 565 3934 tribus
588 3872 767 3953 Capitulis:
791 3884 822 3935 et
845 3875 917 3936 hinc
938 3875 1094 3952 epistolae
1122 3892 1198 3934 suae
1221 3882 1265 3945 pm

176 3972 263 4033 illius
285 3972 481 4035 adunatione
512 3985 765 4050 coissentaneus,
789 3977 914 4055 penitus
936 3975 976 4035 ab
999 3993 1033 4035 ee
1058 3977 1178 4035 amerit
1206 3969 1266 4030 alte

178 4089 246 4132 ram
268 4072 417 4152 Origenis
440 4077 675 4154 quaestionem.
700 4075 821 4139 Nullus
843 4078 926 4138 enim
949 4077 977 4136 ei
1003 4077 1096 4138 locus
1128 4073 1225 4139 extitit
1246 4065 1267 4126 it

171 4172 343 4255 Concili03
367 4194 424 4241 nee
446 4177 485 4240 de
507 4196 545 4240 eo
569 4177 647 4238 nihil
670 4178 866 4259 disputatum
889 4186 947 4240 est.
