2886 4784
103 466 108 475 ῃ
166 363 206 432 dl

609 470 749 542 CAPUT
762 470 834 539 Vll.

185 671 218 739 S.
242 671 440 752 Ambrosius,
462 671 670 753 Philammon,
691 695 719 741 s.
742 672 1050 753 [litationem
1069 679 1250 742 veronensis.

165 916 253 1071 Qui
275 996 316 1043 ex
338 977 446 1041 latinis
469 976 619 1043 Patribus
645 976 760 1044 seculo
790 976 846 1043 tv.
871 987 1104 1062 argumentum
1136 980 1177 1045 de
1206 998 1268 1045 con·

164 1081 264 1146 nonio
284 1080 461 1145 christiano
480 1085 746 1162 pertractarunt,
767 1079 945 1162 scripturis
973 1079 1047 1145 ideo
1071 1080 1187 1146 divinis
1207 1081 1268 1146 iusi·

163 1190 296 1259 etentes,
319 1193 357 1245 ut
376 1181 521 1263 ejusdem
542 1181 751 1246 adstruerent
771 1180 1051 1260 insolubilitatem,
1076 1184 1110 1246 in
1131 1183 1180 1246 lois
1201 1202 1269 1264 quo·

163 1301 229 1365 que
248 1282 382 1347 excellit
401 1301 427 1346 s.
453 1282 656 1347 Ambrosius.
674 1281 716 1346 Et
730 1282 863 1363 quidem
885 1282 1043 1347 adversus
1055 1283 1271 1364 praevalenten

164 1393 244 1450 tnnc
265 1385 352 1465 loges
373 1385 486 1449 civiles
506 1385 547 1449 de
567 1385 734 1463 divortio,
757 1383 943 1466 Scriptum
964 1402 1045 1465 quas
1067 1385 1195 1462 citavit,
1210 1402 1276 1466 per·

164 1488 327 1563 scrutati,¹
343 1488 526 1567 reperimus
545 1486 697 1550 eumdem
718 1488 761 1550 ita
782 1487 991 1550 disserentem
1013 1488 1045 1550 in
1066 1484 1168 1552 Libro
1188 1486 1214 1551 l.
1234 1485 1276 1550 lic·

165 1586 327 1651 Abrohom
348 1605 376 1650 o.
401 1584 455 1650 tv.
478 1606 494 1646 s
517 1584 579 1650 Sed
601 1594 635 1650 et
657 1605 713 1651 ros
734 1604 864 1663 moneo,
889 1587 976 1663 riri,
998 1587 1145 1652 maxime
1164 1588 1220 1670 qni
1237 1586 1270 1650 ad

163 1688 302 1767 gretiam
318 1685 376 1750 liei
399 1687 539 1763 tenditis,
555 1704 618 1749 noo
639 1688 841 1752 commisceri
855 1688 1040 1752 adulterino
1057 1691 1191 1771 corpori
1206 1692 1216 1770 t
1225 1685 1272 1770 psi

162 1787 247 1853 enim
268 1809 300 1852 ae
314 1789 425 1870 juopit
439 1787 608 1863 meretrici,
621 1806 721 1852 uuum
735 1807 850 1869 corpus
864 1791 931 1868 cst)
946 1809 1005 1855 nec
1025 1791 1107 1855 dare
1127 1793 1211 1858 lsnuc
1228 1809 1273 1856 oc·

160 1895 322 1955 necionem
344 1892 476 1954 diuortii
498 1890 700 1954 mulieribus.
724 1888 827 1955 Nemo
847 1891 906 1954 sibi
928 1891 1118 1957 blandiatur
1140 1893 1271 1974 delegi·

161 1993 223 2058 ltus
255 1993 432 2057 hominum.
462 1992 567 2056 Omne
596 2001 748 2074 stuprum
778 1991 977 2058 adulterium
1009 2003 1084 2057 estc
1115 2013 1178 2060 uec
1208 1996 1270 2060 rlro

159 2095 250 2171 licet,
263 2094 350 2176 quod
374 2095 504 2158 mulieri
525 2095 731 2158 nonlicet.»
755 2091 834 2157 item
856 2094 888 2155 in
909 2111 938 2158 c.
961 2091 1035 2157 vtt.
1052 2092 1181 2160 «Nulli
1200 2097 1271 2162 licet

158 2196 243 2260 seire
265 2195 436 2258 mulierem
457 2203 589 2275 praeter
604 2212 755 2258 onorem.
772 2191 918 2274 ideoque
938 2193 996 2258 tibi
1017 2194 1135 2260 datum
1149 2196 1265 2280 estius,

158 2313 200 2359 ne
220 2296 252 2357 in
273 2295 429 2375 laqueum
448 2296 589 2370 incidas,
612 2305 644 2360 et
674 2314 749 2360 cnm
781 2295 885 2360 aliena
918 2296 1057 2360 muliere
1088 2297 1264 2381 delinques.

79 2405 81 2408 ⁴
166 2392 294 2460 Vinctus
314 2415 344 2458 cs
364 2394 461 2460 uxori
472 2439 482 2473 ‚
503 2395 572 2460 uoti
602 2414 749 2476 quaerere
775 2397 979 2472 solutionem
1000 2402 1078 2478 quin
1109 2418 1176 2464 non
1200 2400 1268 2464 licet

160 2496 238 2577 tibi,
255 2515 361 2561 uxore
384 2499 533 2571 vivente,
555 2498 653 2560 aliam
684 2499 817 2561 ducere.
840 2517 857 2557 s
881 2496 917 2562 lu
944 2510 1088 2579 utroque
1110 2497 1266 2566 Ambrosii

160 2598 342 2661 testimonio
364 2597 513 2661 absolute
536 2607 667 2660 vetatur
688 2599 871 2678 repudium.
897 2599 930 2661 ld
953 2608 1065 2664 antem
1098 2604 1201 2683 magis
1220 2603 1265 2664 lir-

159 2708 270 2762 matur
290 2717 308 2760 a
330 2697 429 2761 Libro
452 2696 543 2762 vttt.
565 2698 602 2763 ic
624 2697 754 2774 ducem,
778 2700 833 2763 ubi
849 2699 967 2765 Christi
990 2703 1089 2765 rerba
1112 2705 1262 2785 exponit:

158 2798 273 2877 omnis,
295 2798 353 2880 qui
372 2798 503 2864 dimittit
522 2818 654 2864 uxorem
679 2819 784 2874 suom,
805 2808 835 2862 rt
855 2799 943 2865 ducit
963 2802 1114 2878 atterum,
1135 2804 1266 2869 moccle-

158 2910 232 2976 tstr;
255 2910 283 2964 et
311 2899 368 2982 qni
387 2897 553 2964 dimissam
573 2921 594 2964 c
614 2899 686 2964 ciro
705 2898 810 2977 ducit,
830 2901 1020 2966 moechatur.

240 3004 288 3067 lbi
312 3005 478 3084 expositis,
495 3022 581 3083 quae
596 3005 691 3084 docet
706 3003 884 3083 Apostolus
899 3005 938 3067 de
952 3005 1074 3084 nuptiis
1092 3005 1263 3072 iulidelinm

159 3121 235 3170 cum
267 3104 439 3178 fidelibus,
472 3107 587 3167 transit
616 3105 656 3167 nd
689 3104 877 3186 eonjugium
908 3106 990 3168 inter
1018 3105 1134 3170 fideles
1148 3117 1187 3172 -et
1205 3112 1260 3171 ait:

161 3229 178 3266 o
200 3203 288 3285 Ergo
309 3204 364 3267 ubi
387 3205 532 3283 nuptiae,
554 3205 741 3269 harmonias
766 3205 820 3267 ubi
842 3205 1022 3281 hermonis,
1045 3203 1137 3272 lleus
1154 3209 1261 3291 jungit

158 3311 220 3377 Ubi
238 3312 408 3375 harmonia
432 3328 495 3374 uon
515 3319 576 3388 cst,
599 3331 705 3393 pugna
728 3321 826 3392 atque
847 3313 998 3376 dissentio
1018 3319 1081 3389 est,
1103 3333 1192 3396 qnae
1210 3333 1263 3378 non

159 3425 245 3480 este
269 3411 349 3489 Deo,
372 3412 452 3494 quio
472 3412 561 3478 Deus.
578 3414 718 3478 claritas
738 3426 792 3478 cst.
808 3412 883 3480 Noli
905 3431 985 3494 ergo
999 3433 1149 3480 ,uxorem
1170 3418 1263 3481 dimit·

161 3527 243 3589 tere,
266 3533 305 3577 oo
328 3513 430 3578 Deum
455 3522 531 3579 tuae
551 3517 691 3597 copulae
713 3516 882 3581 diffitearis
900 3522 1081 3580 auctorem.
1097 3517 1223 3583 Etenim
1239 3521 1262 3582 sl

157 3618 291 3691 alienos,
314 3617 418 3680 multo
440 3619 539 3698 magis
558 3619 671 3683 uxoris
693 3619 788 3681 debes
811 3618 954 3685 tolerare
968 3626 1002 3681 et
1015 3620 1192 3685 emendare
1205 3639 1262 3684 mo·

157 3737 220 3784 res.
245 3717 330 3781 tlndi
353 3719 429 3798 quid
452 3719 571 3783 dixerit
592 3718 772 3785 Dominus:
794 3719 852 3802 qui
872 3718 1005 3783 dimittit
1024 3719 1203 3801 mutierem,
1222 3723 1265 3799 so·

157 3817 203 3882 cit
222 3835 290 3881 cnm
309 3815 478 3880 inscctari.
501 3816 627 3883 Etenim
650 3821 704 3884 cui
726 3838 789 3884 uon
811 3821 909 3897 licet,
932 3822 1062 3885 nitente
1084 3822 1180 3901 viro,
1202 3840 1262 3886 mn·

158 3933 227 3984 tare
248 3920 447 4001 conjugium,
467 3928 571 4001 potest
591 3920 750 4002 obrepere
770 3922 871 3986 libido
893 3922 1059 4003 peccandi.
1079 3922 1195 4006 ltaque
1213 3924 1263 4004 qni

158 4028 275 4084 unctor
296 4023 417 4083 erroris
440 4030 500 4095 est,
515 4022 611 4084 etiam
634 4022 751 4102 culpae
773 4030 942 4087 estrees.
966 4066 976 4084 .
1000 4068 1009 4086 .
1034 4067 1043 4085 .
1062 4023 1202 4091 Dimittis
1221 4043 1265 4090 cr·

159 4143 198 4203 go
222 4141 358 4186 uxorem
381 4123 472 4201 qnasi
492 4122 569 4203 juro
588 4125 656 4188 sine
672 4125 819 4200 crimine,
833 4135 864 4186 et
881 4131 977 4205 putas
996 4125 1052 4188 tibi
1068 4128 1181 4205 licere,
1196 4129 1264 4209 quia

159 4221 214 4288 lex
236 4226 376 4288 humana
398 4243 459 4288 nou
482 4224 650 4304 prohibet:
674 4230 727 4292 sed
751 4228 856 4294 divina
874 4228 1035 4307 prohibet.
1053 4230 1120 4306 Qui
1140 4232 1265 4298 nomini·
