2886 4784
158 338 220 408 lat

156 465 194 508 ac
216 447 370 507 honorem
399 450 431 506 et
452 445 666 507 reverentiam
689 445 850 518 indicant,
873 446 991 526 quibus
1013 447 1189 510 cumulatus
1205 444 1238 509 tui

155 547 197 608 ab
217 546 305 607 illius
329 546 418 608 urbis
439 556 472 609 et
493 547 631 625 regionis
649 547 865 610 habitantibus
881 548 1030 611 fidelibus
1053 559 1125 610 ante
1144 558 1243 628 etpost

157 649 281 711 obitum
306 662 425 710 meum.

236 748 453 827 Sepulchrum
477 767 582 811 meum
606 749 776 829 hucusque
796 759 958 829 superest,
975 761 1157 832 temporum
1184 755 1247 814 cala·

158 851 284 912 unitates
307 853 458 922 vincens,
482 859 518 912 ut
539 851 714 926 aliquando
735 851 822 913 illusi
853 853 978 930 sapiant
1006 863 1039 914 et
1067 853 1246 932 intelligant,

158 968 256 1031 quam
278 953 439 1014 immerito
461 954 666 1031 reprobarier
688 955 793 1015 virum
817 956 867 1032 pie
889 960 1070 1029 mortuum,
1086 948 1251 1033 Christique

158 1053 386 1116 confessorem.
412 1052 452 1116 Et
483 1053 567 1116 istud
599 1055 809 1131 sepulchrum
842 1064 949 1117 manet
976 1057 1040 1119 sub
1071 1057 1251 1133 protectione

159 1171 186 1215 s.
208 1150 360 1216 Joanois=
384 1153 479 1233 cuius
499 1154 634 1216 ecclesia
659 1155 706 1214 llll
729 1163 937 1217 monumento
950 1164 1190 1234 superstructa,
1203 1173 1255 1218 am·

160 1255 213 1332 plo
237 1264 396 1328 testatur,
419 1255 525 1335 qualis
548 1256 647 1318 luerit
668 1255 745 1319 tides
766 1258 898 1335 sepulti,
922 1260 1039 1337 pletas,
1064 1266 1096 1320 et
1117 1259 1209 1339 quale
1226 1258 1255 1320 tt·

158 1355 223 1418 lius
246 1358 466 1418 novissimum.

242 1455 290 1519 Eu
312 1458 378 1535 ipse
400 1456 619 1536 Evangelista,
635 1461 689 1521 cni
710 1458 821 1520 tideles
842 1458 994 1521 dicarunt
1014 1460 1196 1533 ecclesiam,
1210 1476 1255 1539 per

160 1557 235 1619 illos
257 1565 289 1619 et
311 1575 368 1634 per
388 1575 422 1619 se
444 1559 519 1619 milri
543 1559 663 1622 Christi
685 1560 844 1637 discipulo
867 1561 1086 1623 testimouium
1104 1554 1255 1639 perhibet3

160 1656 216 1733 qni
238 1657 349 1718 eadem
371 1657 456 1731 lide,
479 1659 590 1720 eodem
613 1661 767 1733 caritate,
791 1659 903 1721 eodem
926 1660 998 1721 zelo
1027 1679 1067 1722 ac
1088 1652 1177 1724 illins
1195 1678 1254 1737 erga

82 1748 86 1754 ’
161 1756 351 1831 magistrum
372 1776 467 1819 suum
489 1755 624 1833 Jesnm,
647 1769 806 1837 perpetuo
830 1757 989 1836 flagravi:
1012 1778 1051 1823 ac
1078 1761 1176 1824 simul
1199 1778 1257 1840 pro·

159 1855 269 1927 hibet,
293 1861 466 1934 quominus
487 1875 602 1920 nomen
624 1876 731 1921 mcum
755 1860 946 1937 profanetur
967 1863 1053 1922 inter
1079 1876 1209 1941 gentes,
1230 1872 1255 1924 et

160 1957 342 2021 orthodoxa
379 1977 448 2021 mea
482 1959 628 2022 doctrina
665 1960 805 2024 fideliter
828 1961 961 2036 dictata,
985 1963 1162 2042 polluatur
1188 1967 1256 2027 iuter

161 2057 402 2122 haereticorum
426 2062 615 2138 impietates.
1087 2089 1090 2092 ⁴

249 2157 386 2224 Demum
409 2163 632 2239 considerate,
654 2166 819 2244 quomodo
849 2167 1053 2245 oppositurus
1081 2170 1188 2232 cuncti
1215 2168 1255 2228 rel

166 2264 333 2338 haeretici,
356 2271 414 2325 aut
434 2263 552 2325 ethnici
572 2283 631 2326 seu
654 2265 751 2327 insidi
767 2266 851 2327 iuter
870 2284 905 2329 se
928 2269 1053 2328 varient
1074 2269 1181 2348 (qnod
1203 2285 1256 2331 on·

165 2367 255 2429 nium
278 2365 534 2427 obtrectatorum
557 2366 626 2442 est)
649 2366 680 2426 in
701 2360 926 2430 concinnandis
956 2367 1114 2430 advorsus
1136 2387 1185 2432 mo
1203 2384 1258 2429 rea·

170 2465 274 2545 tibus,
297 2467 428 2529 acideo
451 2463 536 2528 inter
555 2485 590 2528 se
611 2475 753 2544 pugnent
774 2467 805 2527 in
835 2468 999 2545 propriam
1033 2468 1168 2530 illorum
1197 2483 1257 2529 coo·

164 2571 410 2632 damnationem.
435 2565 524 2631 Unus
546 2585 598 2629 ex.
622 2585 650 2644 g.
674 2567 763 2641 dicit,
788 2586 837 2629 ma
858 2587 917 2647 per
937 2566 1140 2642 Derrretriuur
1162 2567 1258 2646 erpul·

163 2690 237 2734 sum
258 2670 298 2731 ab
320 2670 490 2753 Aegypto,
513 2669 592 2729 alias
613 2684 802 2747 peragrasse
823 2668 968 2747 regiones
995 2686 1095 2745 prava
1126 2671 1257 2748 dogmata

164 2781 324 2836 saturum.
348 2769 443 2834 Alter
463 2787 556 2833 secus
577 2770 643 2842 ait,
667 2787 717 2830 me
739 2768 957 2833 Alexandriae
982 2772 1256 2847 comprehensum,

167 2892 210 2936 ex
232 2875 438 2950 magistratus
459 2871 577 2934 ethuici
597 2869 690 2950 jussu
713 2869 752 2931 ad
774 2873 857 2933 hanc
871 2871 970 2933 tuisse
985 2872 1203 2934 necessitatem
1216 2870 1259 2932 ad·

167 2975 315 3047 ductum,
332 2980 370 3034 ut
391 2972 443 3033 rel
465 2971 559 3033 idolis
580 2971 791 3046 sacrificarer,
808 2980 866 3034 aut
886 2991 1006 3051 corpus
1026 2990 1139 3036 meum
1155 2972 1258 3035 aethio·

168 3177 231 3239 tius
252 3192 351 3254 quam
374 3174 455 3236 haue
477 3176 542 3251 pati
566 3173 741 3254 iujuriam,
764 3175 944 3237 adolevisse
964 3175 1090 3235 asserit.
1116 3173 1206 3236 Alius
1225 3173 1260 3232 iu·

165 3279 249 3355 quit,
272 3277 334 3338 troc
357 3293 418 3337 nou
441 3272 660 3337 Alexandriae
682 3275 802 3337 lactum
824 3292 915 3347 esse,
933 3267 1258 3354 Serero‘imperrnta,

165 3378 220 3437 sed
244 3377 354 3437 multis
376 3377 464 3438 aronis
486 3383 557 3453 post
588 3377 619 3436 iu
653 3373 831 3436 Palaestina
862 3375 922 3436 suh
945 3372 1034 3435 Decii
1065 3375 1209 3451 imperio.
1228 3371 1259 3433 lit

167 3494 242 3539 cum
265 3477 410 3538 nonnulli
432 3483 627 3554 apostasium
648 3495 686 3537 ec
708 3477 919 3554 perditionem
952 3483 1055 3536 meam
1086 3486 1258 3554 perpetuam

164 3577 396 3650 lamententur,
414 3577 468 3637 alii
490 3595 541 3638 mo
564 3584 807 3655 repraesentant
828 3576 1055 3654 poenitentem,
1072 3585 1104 3637 et
1125 3579 1157 3638 in
1177 3574 1261 3637 ecclc·

166 3676 344 3738 sinceram
367 3677 489 3753 populo
513 3696 600 3739 moos
621 3677 843 3756 deplorantem
867 3693 1008 3737 errores.
1034 3675 1099 3736 alit
1132 3677 1203 3737 item
1226 3672 1261 3734 di·

167 3783 256 3850 cunt,
273 3794 324 3838 me
345 3777 384 3837 ad
408 3775 585 3840 Fabianum
611 3777 727 3856 Papam
749 3778 926 3855 scripsisse,
943 3795 1077 3854 pravam
1099 3778 1261 3842 doctrinam

166 3893 270 3941 meam
292 3876 472 3939 contessum
495 3896 532 3940 ac
552 3878 806 3954 resipiscentem,
829 3886 860 3938 et
881 3877 1037 3954 quosdam
1060 3885 1261 3947 accusantem,

167 3981 224 4057 qui
245 3995 295 4040 me
317 3978 356 4038 ad
379 3996 508 4040 errores
530 3979 759 4056 compulerint.
783 3977 920 4040 Etcum
942 3979 992 4039 isti
1008 3978 1262 4043 intersedcmet

166 4079 283 4141 misera
304 4077 485 4141 conditione
506 4079 740 4158 disceptarent,
762 4078 866 4154 alius,
887 4077 1098 4144 stultissimus
1115 4081 1177 4156 vir,
1193 4075 1263 4141 lidel-

168 4178 236 4240 lum
250 4177 458 4258 poeniteutiae
479 4182 651 4261 compegit,
674 4180 816 4261 mihique
838 4179 1020 4260 inscripsit:
1037 4179 1094 4246 ubi
1109 4187 1262 4248 narratur,
