2886 4784
159 324 201 395 88

158 429 221 493 hoo
241 424 371 500 omisso,
389 419 605 487 universalem
627 424 660 482 et
680 416 863 483 absolutam
884 419 989 499 legens
1011 427 1136 485 statuet
1156 420 1194 485 de
1212 440 1258 502 ps·

160 531 249 595 rauni
271 525 423 592 eonnnltii
445 521 589 596 sineulo,
614 518 737 585 Paulus
761 519 960 601 Apostolus,
981 524 1079 589 sisini
1102 526 1258 604 praemisi,

160 629 294 697 mirifico
316 625 524 695 eonsilinvit,
547 621 801 701 explanaritque
821 622 853 683 io
879 620 1023 703 Epistola
1048 622 1072 686 l.
1097 627 1137 688 ad
1160 624 1261 691 Corio·

158 735 243 799 thios
263 749 291 793 o.
314 726 387 791 vtt.
409 721 459 795 tt.
485 720 564 803 Τοῖς
587 712 620 791 di
643 717 849 815 γεγαμηκόσι
872 712 1098 824 παραγγέλλω,
1124 722 1182 795 dus
1202 719 1263 818 ipsi

159 830 230 907 ἀλλ’
253 825 422 931 ι’Κύριος,
446 833 584 922 γυκᾶικα
606 822 670 896 otro*
691 823 810 929 ἀνδρὸς
832 823 883 923 pu*
904 829 1125 928 χωρισθῆναι·
1142 826 1218 900 'Eris
1237 828 1266 900 di

157 929 215 1009 sei
239 935 401 1036 χωρισθῇ,
417 931 535 1028 μενέτω
556 930 701 1025 ἄγαμος.
725 929 748 1016 ἦ
770 941 813 1029 τῷ
835 931 930 1039 esopi
952 932 1264 1030 καταλλαγήτωκαὶ

157 1040 262 1146 ἄνδρα
285 1047 424 1135 γυιᾶιιιιι
447 1034 497 1133 μή
519 1037 665 1135 ἀφιέναιι
688 1043 708 1105 i.
733 1063 761 1104 s.
785 1043 826 1106 iis
845 1055 950 1107 nutem
963 1087 973 1119 ,
988 1043 1048 1124 qni
1068 1043 1263 1108 matrimonio

154 1149 262 1232 juseti
281 1159 366 1221 ιιιιιι,
385 1146 550 1228 praecipio
570 1165 637 1209 non
657 1164 711 1225 epo
731 1146 784 1207 sed
805 1144 984 1216 Dominus,
1009 1163 1147 1208 uxorem
1166 1165 1186 1207 o
1205 1142 1266 1206 uiro

160 1270 226 1314 nos
247 1250 410 1331 κραταιὴ
432 1251 460 1314 si
479 1260 582 1314 entem
602 1268 634 1311 se
653 1249 866 1328 separaverit,
887 1258 1016 1312 monent
1036 1248 1201 1326 innupto,
1221 1254 1269 1308 αιιι

160 1352 232 1415 uiro
250 1372 309 1414 suo
330 1352 568 1425 reconciliatam
589 1362 617 1415 et
637 1350 709 1414 uiro
729 1353 909 1433 (praecipit
939 1348 1122 1420 Dominus)
1142 1367 1207 1411 non
1225 1346 1267 1409 di·

161 1453 282 1516 mitters
303 1473 445 1517 uoeorsm.

243 1553 279 1618 lu
302 1556 349 1617 isis
371 1558 476 1635 primo
497 1552 652 1630 notetur',
677 1555 839 1628 Paulum,
862 1574 936 1618 eum
958 1556 1015 1628 sit,
1041 1572 1111 1617 mon
1131 1571 1208 1632 epo,
1226 1552 1271 1612 sed

164 1655 316 1720 Dominus
333 1655 495 1736 praecepit
522 1656 622 1718 umori
641 1677 663 1719 n
684 1655 752 1720 uiro
772 1677 828 1720 suo
848 1676 913 1720 mon
935 1655 1115 1729 diseedere,
1142 1657 1204 1717 ltoe
1224 1674 1271 1735 ap·

164 1758 288 1836 pellere
310 1767 518 1836 praeceptum
540 1759 580 1819 alt
603 1761 671 1838 ipso
693 1757 830 1821 Domino
852 1777 1044 1840 expressura
1076 1759 1109 1820 in
1130 1758 1271 1836 Evange

165 1861 209 1922 lio
229 1862 299 1922 sire
320 1879 395 1923 oum
416 1862 593 1940 pharisaeis
614 1861 809 1939 disputante,
831 1862 899 1923 sive
921 1862 960 1921 nd
982 1861 1163 1939 discipulos
1189 1859 1272 1920 loeu-

165 1969 211 2036 to,
233 1963 317 2041 quod
341 1961 624 2043 venenosissimis,
646 1961 735 2023 inmo
754 1980 819 2023 nnn
840 1971 987 2040 soporat,
1010 1961 1062 2022 rel
1085 1962 1202 2023 aliud:
1224 1957 1273 2039 psi

154 2061 319 2157 'dimiserit
337 2083 469 2126 onorem
490 2083 581 2127 suem
601 2073 631 2126 et
650 2063 750 2127 niinm
770 2063 901 2126 sumsit
925 2063 1128 2134 moeniorum·
1141 2063 1201 2124 ubi
1220 2071 1275 2122 sta·

167 2168 230 2228 tuit
262 2167 408 2246 regulam
440 2168 650 2246 generalem,
682 2185 747 2248 qua
779 2167 934 2247 conjuges
964 2173 1128 2246 perpetuo
1152 2163 1275 2227 vinculo

165 2269 361 2348 obligentur.
385 2267 481 2345 Quod
505 2287 583 2332 vero
605 2271 719 2332 deinde
739 2272 783 2333 ait
805 2270 846 2331 de
866 2285 996 2332 uxores
1019 2263 1049 2327 si
1069 2277 1177 2329 nutem
1197 2284 1275 2345 seps·

165 2370 286 2435 reosrit
305 2390 351 2447 se,
370 2380 497 2434 moneat
516 2370 668 2452 innupto,
686 2373 783 2458 aliem
805 2372 954 2434 dominici
976 2371 1136 2432 sermonis
1159 2377 1283 2448 purten.

166 2476 284 2552 repetit
305 2474 448 2550 Paulus,
470 2474 527 2539 ubi
558 2471 743 2536 Matthaeus
772 2474 837 2535 ait:
871 2468 928 2551 qni
957 2468 1118 2533 dimiserit
1148 2486 1276 2530 umorem

167 2594 281 2650 sunm,
304 2585 432 2655 excepto
452 2594 551 2638 eonon
571 2573 818 2654 fornicationis,
840 2572 1008 2655 faciteam
1034 2570 1220 2643 moecliari,
1240 2572 1276 2630 ita

133 2699 139 2707 ‘
168 2684 218 2750 ut,
239 2677 378 2740 admisso
401 2679 514 2740 uxoris
536 2677 728 2750 adulterio,
749 2677 845 2738 lineat
869 2678 940 2738 viro
969 2676 1149 2753 repudiare
1171 2673 1274 2752 eonju-

168 2794 239 2856 gem
255 2796 365 2863 usnam,
380 2780 412 2840 iu
435 2787 577 2857 utroque
599 2786 705 2839 tamen
727 2786 934 2857 permanente
955 2775 1122 2855 conjugali
1139 2763 1276 2845 vinculo,

166 2879 210 2940 ita
235 2889 270 2942 ut
292 2897 406 2942 eorum
429 2880 510 2940 nulli
538 2880 632 2941 lineat
654 2897 776 2942 norum
797 2880 878 2942 inire
900 2877 1117 2941 connubium.

248 2978 404 3057 Quemvis
425 2987 535 3043 eutem
551 2980 727 3060 Apostolus
749 2998 812 3044 uon
834 2981 1010 3058 distinguat
1033 2979 1137 3060 hujus
1157 2995 1279 3056 separa·

170 3082 263 3144 tionis
285 3101 410 3158 causas,
430 3092 535 3145 tamen
556 3102 630 3146 eum
653 3085 683 3146 in
706 3085 811 3163 primo
832 3084 906 3145 loeo
927 3100 961 3143 se
982 3080 1110 3143 reierat
1130 3082 1171 3142 ud
1196 3097 1278 3159 prae·

168 3195 297 3265 neptum
320 3184 446 3248 Domini
469 3188 500 3247 iu
523 3184 701 3264 Evangelio
723 3186 762 3247 de
783 3202 847 3247 nou
868 3183 1056 3246 dimittenda
1086 3202 1219 3254 uxore,
1241 3183 1276 3242 ita

170 3287 366 3349 insecundo
388 3288 461 3349 loeo
487 3290 572 3350 cirea
603 3288 815 3370 separationis
842 3304 952 3349 essum
984 3286 1136 3350 eamdem
1172 3285 1280 3362 repetit

167 3387 345 3451 doctrinam
367 3406 427 3468 per
447 3385 649 3451 Mattianum
671 3405 881 3466 expressam:
903 3390 961 3468 qui
974 3385 1136 3449 dimiserit
1157 3403 1280 3448 uxoren

167 3507 258 3551 suom
278 3500 406 3570 excepto
425 3509 523 3553 conso
544 3488 783 3565 fornicationis,
803 3486 883 3571 feeit
902 3506 971 3550 eum
998 3485 1184 3564 moechari,
1207 3489 1280 3548 adeo

172 3599 208 3655 ut
229 3593 327 3654 lineet
346 3592 507 3654 dimittere
530 3611 669 3656 uxorem
691 3593 887 3666 aduiteram,
910 3591 969 3652 etsi
992 3591 1145 3669 utrique,
1167 3590 1282 3670 ejectae

172 3703 204 3756 et
224 3693 364 3774 ejicienti
386 3695 526 3756 alterurn
549 3696 763 3758 interdicetur
784 3693 984 3773 eonjugium.
1104 3718 1107 3723 ·

252 3793 292 3856 Et
314 3813 349 3855 ru
371 3795 502 3873 quidem
528 3814 616 3870 vera,
633 3798 672 3857 ad
696 3797 758 3858 hoe
780 3797 963 3876 pertingere
984 3792 1070 3855 dieta
1095 3794 1282 3874 apostoliea,

171 3895 244 3959 iude
260 3895 460 3961 manifestius
483 3898 627 3973 eruitur,
643 3899 702 3961 ubi
724 3897 822 3961 uxori
836 3903 1005 3970 separatae
1021 3899 1192 3976 praecepit
1210 3897 1285 3972 Apo

172 3996 275 4056 stolus
297 4015 426 4058 munero
448 3998 637 4072 innuptam,
666 4009 722 4062 aut
755 4001 827 4061 siro
856 4017 918 4060 suo
950 3998 1174 4060 reooneiiiari.
1200 3995 1284 4072 Ques

57 4180 59 4185 Α
171 4114 246 4156 sane
268 4097 489 4160 reconciliatio
510 4102 662 4178 supponit
683 4101 796 4163 uxoris
818 4101 961 4178 eulpam,
987 4107 1129 4177 propter
1151 4115 1285 4179 quamn

174 4198 290 4263 morito
312 4196 516 4278 sejungitur,
538 4201 708 4266 senilium
732 4202 782 4265 sir
801 4219 820 4264 a
841 4219 876 4265 se
896 4200 1025 4281 abjecit.
1050 4199 1178 4266 Nullus
1208 4199 1287 4265 euittt
