2886 4784
1200 384 1232 433 χι

150 470 350 572 sophorum
374 470 517 570 placitis
557 495 642 547 suos
675 471 962 568 superstruxisse
996 496 1152 549 errores.
1186 472 1236 549 Et

144 610 227 697 jam
248 602 442 701 Apostolus
470 603 647 701 quosdam
668 602 766 675 illius
785 603 864 675 aevi
884 604 1102 678 christianos
1121 605 1235 685 corri-

146 732 287 831 piebat,
313 730 414 804 ranis
427 732 598 827 ‚gentium
617 730 793 804 doctrinis
814 730 967 805 dicatos.
987 731 1025 804 S.
1047 731 1232 814 irenaeus,

145 860 317 936 Clemens
337 859 609 942 alexandrinus,
627 859 815 956 Origenes,
836 882 866 931 s.
883 855 1113 956 Hippolytus,
1135 857 1229 934 Ter·

149 989 323 1066 tullianus
349 988 443 1062 idem
464 1002 669 1072 senserunt,
689 1001 846 1085 actuque
873 987 984 1084 probe
1004 988 1235 1062 domonstra-

150 1129 244 1191 runt.
271 1115 409 1189 Auctor
436 1127 673 1189 veronoster
701 1115 770 1188 hoc
796 1116 915 1212 ipsum
943 1114 1085 1198 volens,
1115 1138 1229 1210 pecu·

146 1245 225 1318 liari
253 1266 340 1319 cura
368 1244 588 1339 perscrutari
623 1243 777 1327 studuit,
801 1267 895 1340 quae
921 1257 1065 1338 poetae,
1084 1244 1228 1337 graeci·

146 1395 217 1470 que
244 1370 450 1469 philosophi
478 1372 691 1456 docuerunt,
711 1386 750 1445 et
773 1394 866 1469 qnae
888 1370 1076 1452 haeretici,
1099 1383 1138 1443 ut
1171 1394 1228 1444 ur·

143 1516 241 1576 ctam
263 1501 358 1575 inter
381 1500 479 1597 ipsos
506 1500 709 1597 analogiam
729 1501 976 1574 confirmaret.
1005 1495 1080 1573 Nisi
1107 1500 1229 1597 quod,

143 1645 186 1704 ut
214 1628 305 1703 inira
324 1630 479 1714 dicetur,
509 1631 639 1703 tamin
669 1630 738 1703 hac
767 1629 988 1703 instituenda
1017 1629 1226 1714 concordia,

144 1770 255 1854 atque
276 1758 311 1831 in
340 1757 554 1832 haeresibus
580 1757 794 1843 refutandis,
814 1781 923 1856 quam
943 1758 979 1830 in
998 1757 1232 1854 disquirenda

143 1897 184 1956 et
215 1885 472 1981 propugnanda
499 1888 668 1967 veritate,
687 1909 769 1959 cnm
790 1885 905 1960 ceteri
924 1885 1128 1982 etquidem
1148 1907 1233 1957 sau·

142 2013 194 2085 cti
218 2012 384 2108 doctique
409 2013 474 2084 viri
503 2035 651 2109 scopum
672 2014 767 2086 bunc
787 2012 946 2110 perbelle
967 2013 1169 2110 attigerint,
1191 2027 1229 2086 et

147 2139 192 2212 de
211 2138 372 2214 Ecclesia
396 2138 584 2214 Catholica
616 2141 719 2215 valde
749 2139 869 2213 meriti
892 2140 990 2223 sint,
1011 2139 1223 2236 Anonymus
1307 2163 1312 2171 ’

145 2293 193 2342 ex
220 2268 373 2341 adverso
403 2268 437 2341 in
465 2282 618 2367 utroque
639 2270 791 2353 intuitu,
822 2282 901 2341 tum
927 2266 1137 2364 praemissis
1164 2267 1228 2341 de·

141 2397 281 2479 ficiens,
300 2419 383 2468 cum
403 2395 511 2470 aliter
530 2421 550 2470 a
570 2396 745 2493 praelatis
765 2395 1004 2493 scriptoribus
1023 2420 1063 2471 se
1082 2418 1227 2492 gerens,

145 2524 613 2621 mmmmmmm

250 2653 301 2726 Ac
331 2653 477 2727 interim
498 2654 586 2727 baec
620 2667 718 2740 sunt,
747 2677 839 2752 quae
867 2655 1040 2729 adsersus
1075 2653 1221 2749 Anony-

142 2805 244 2856 mum
274 2782 527 2878 pertractanda
561 2783 732 2879 suscipio.
765 2781 888 2858 Primo
917 2783 1092 2881 patefiet,
1121 2780 1224 2856 illurn
1271 2852 1276 2863 ,

111 2934 115 2939 ·
140 2932 369 3006 nequaquam
397 2911 584 3006 promissis
603 2911 751 2986 stetisse
772 2913 808 2984 in
828 2910 1036 2986 enarrandis
1058 2923 1096 2985 et
1124 2906 1224 2983 reiu-

142 3036 265 3109 tandis
290 3036 513 3121 haeresibus,
529 3038 634 3111 sicuti
660 3038 696 3110 in
715 3038 845 3134 Operis
864 3038 971 3112 titulo
992 3035 1224 3133 significavit.

141 3142 328 3248 Secundo,
349 3166 384 3238 in
411 3165 574 3262 analogia
604 3167 825 3251 instituenda
851 3167 945 3239 inter
964 3187 1114 3262 graecos
1141 3163 1223 3259 phi·

143 3292 316 3388 losophos
343 3305 380 3366 et
407 3294 502 3367 inter
530 3295 752 3381 haereticos,
781 3294 1039 3391 utplurimum
1075 3291 1225 3366 illusum

142 3417 267 3501 fuisse,
287 3419 377 3492 alias
399 3420 696 3518 philosophorum
717 3434 868 3520 pravato
890 3444 1022 3504 sensu,
1038 3418 1127 3492 alias
1147 3418 1224 3492 suis

139 3526 425 3620 discussionibus
453 3547 574 3620 minus
604 3571 736 3645 aeque⁵
753 3548 1040 3622 accommodato.
1074 3543 1225 3631 Tertio,

138 3697 413 3771 quaquaversus
441 3677 716 3773 circumspectis
754 3676 1065 3750 criminationibus
1094 3674 1224 3747 adver·

138 3825 203 3874 sus
231 3802 321 3876 duos
350 3801 544 3877 Pontifices
573 3803 816 3901 Zephyrinum
836 3819 874 3878 et
901 3803 1108 3885 Callistum,
1138 3801 1227 3873 istas

137 3931 346 4004 omnimode
375 3907 729 4016 falsitatelaborare,
751 3915 788 4006 et
809 3932 887 4005 ideo
909 3931 1002 4004 inter
1022 3928 1221 4003 calumnio-

136 4081 179 4132 sa
208 4074 415 4132 commenta
446 4060 696 4134 remittendas.
715 4057 866 4150 Quarto,
882 4059 1074 4133 absurdam
1098 4071 1224 4130 tenen·

138 4187 223 4258 (lam
255 4211 334 4261 esse
356 4188 501 4262 illorum
522 4189 740 4284 opinionem,
760 4192 819 4286 qui
849 4187 1015 4262 arbitrati
1037 4201 1136 4270 sunt,
1165 4184 1220 4259 vel
