2886 4784
922 194 941 231 ἢ

157 325 200 396 50

241 432 452 512 Respondeo,
477 437 589 518 ntiqn'e
622 433 848 500 Marcellinum
884 432 1015 499 adhibui
1046 440 1156 498 testem
1177 434 1204 500 in
1221 431 1249 500 iis

161 550 245 611 quae
266 534 297 594 in
319 533 481 599 Chronico
505 544 662 599 notantur
686 547 760 599 ante
792 554 911 598 annum
934 530 1004 601 534.
1030 534 1125 612 Quae
1148 555 1215 600 seso
1231 538 1253 598 in

162 651 201 694 co
224 634 378 710 teguntur
399 643 469 715 post
495 637 576 698 hanc
601 645 751 712 aetatem,
776 637 831 699 ubi
854 639 920 698 ait:
945 657 961 695 ts
980 635 1054 698 Post
1075 636 1252 699 consulatum

164 733 287 799 Basilii
304 752 334 799 u.
359 756 386 800 e.
411 735 510 800 XIII.
539 735 672 817 Vipits'sss
701 737 789 818 Papo
818 738 944 800 tondens
973 737 1011 798 ab
1040 736 1257 816 imperatoribus

165 837 308 901 remonis
328 847 356 902 et
376 859 397 901 u
418 837 520 904 Norae
541 840 577 901 de
598 839 697 902 exilio
717 840 906 912 relocatos,
928 857 998 901 cssm
1028 835 1162 916 Romans
1181 835 1259 901 rediss

166 937 329 1017 coepisset,
352 937 387 1001 iss
409 935 524 1003 Sicilia
544 939 649 1001 morbo
669 937 788 1002 celestii
808 948 912 1002 tuctsss
932 939 1074 1014 decessit,
1099 956 1161 1001 nou
1185 937 1259 1018 pesti·

165 1049 241 1102 nent
262 1041 301 1102 ad
325 1039 574 1105 Marcellinum:
593 1039 719 1117 «Quae
741 1042 890 1122 deinceps
913 1049 982 1120 post
1003 1038 1075 1106 534.
1098 1045 1259 1120 sequuntur

167 1143 290 1220 (scribit
305 1143 376 1207 lac.
392 1143 593 1208 Sirmondios
616 1145 646 1205 iu
668 1141 770 1207 Tosne
793 1142 833 1206 ll.
851 1162 882 1223 p.
898 1140 982 1219 268.)
1005 1143 1044 1204 ad
1069 1141 1163 1205 finem
1180 1157 1259 1220 usqne

170 1247 321 1324 principis
342 1244 542 1318 Justiniani,
562 1244 602 1306 ab
622 1245 688 1307 alio
711 1253 820 1323 postea
844 1247 996 1324 quopiam
1028 1243 1155 1324 adjecta
1187 1248 1258 1314 sunt,

171 1356 201 1408 et
227 1365 244 1407 a
270 1346 424 1410 Pansioio
452 1349 617 1428 primum,
640 1347 753 1410 deinde
775 1346 815 1408 ab
836 1348 929 1420 aliis,
953 1345 1046 1410 nullu
1074 1344 1259 1418 discrimine,

171 1465 234 1527 pso*
254 1445 508 1510 Marcellinianis
530 1448 614 1510 edita
638 1492 645 1510 .
670 1493 677 1511 .
703 1493 711 1509 .
738 1491 745 1509 .
768 1445 842 1523 Quo
866 1448 1077 1523 factumest,
1101 1453 1137 1508 ut
1160 1447 1190 1507 iss
1210 1441 1260 1506 seli·

168 1551 242 1626 quis
264 1549 302 1610 ati
327 1549 419 1612 ssuem
451 1569 554 1628 usque
584 1548 806 1630 panviniauam
835 1549 1007 1611 editionem
1036 1546 1130 1624 sequi
1159 1559 1260 1607 necesse

172 1649 283 1722 inerit,
306 1651 443 1728 demptis
464 1669 624 1714 annorum
647 1651 686 1711 ad
709 1650 830 1712 calcem
852 1649 1072 1730 epilogismis:
1089 1647 1176 1727 quod
1191 1644 1261 1707 idcir·

172 1771 212 1812 co
234 1751 537 1830 praetermittendos
558 1753 767 1826 censuimus,
789 1767 853 1830 qua
875 1751 954 1812 nihil
985 1752 1095 1827 ipsos,
1118 1764 1217 1826 neque
1231 1742 1259 1805 si

173 1849 356 1914 Marcellini
378 1853 562 1917 chronicon
584 1871 688 1932 neque
710 1854 748 1916 ad
782 1853 852 1934 eius
875 1850 1093 1930 appendicem
1126 1840 1261 1929 pertineri

173 1955 351 2016 constabat.
375 1974 390 2010 ss
413 1952 550 2018 Nomine
573 1972 650 2033 ergo
673 1957 829 2030 incertus,
857 1961 975 2025 aetate,
999 1960 1031 2013 et
1053 1950 1115 2012 fide
1136 1942 1261 2012 chronici

173 2054 402 2131 Contionatus,
425 2056 564 2119 incestos
586 2075 642 2118 nos
663 2074 795 2137 quoque
817 2055 983 2133 relinquis,
1003 2052 1116 2132 quanti
1140 2046 1258 2113 iacienda

174 2160 214 2220 sit
237 2159 334 2236 ipsius
359 2159 548 2220 auctoritas.
577 2154 730 2221 Ceterum
752 2157 791 2219 etl
814 2175 896 2237 quos
923 2159 982 2218 iste
1008 2155 1159 2233 respiciat
1182 2154 1258 2215 citans

174 2261 386 2338 imperatores
410 2278 571 2332 romanos,
589 2263 708 2335 nescio,
725 2279 762 2322 ac
783 2259 981 2322 tantumdem
1004 2256 1092 2336 qnod
1114 2256 1219 2339 scribit
1234 2250 1262 2313 tie

175 2357 333 2435 Nassete,
356 2362 413 2439 qui
443 2378 518 2422 cum
551 2359 703 2438 praelatis
724 2361 764 2422 ab
786 2361 887 2423 exilio
910 2356 1062 2436 Vigiiium
1094 2352 1259 2424 re'socssit',

177 2480 250 2523 cum
281 2463 348 2542 jam
381 2463 420 2523 ab
449 2481 532 2524 auno
565 2464 767 2541 praecedenti
799 2467 957 2541 pugnaret
989 2461 1020 2520 in
1052 2457 1147 2521 ltalia
1176 2460 1263 2520 conss

176 2563 316 2641 gotthos.

256 2659 334 2723 ltesn
356 2657 492 2731 Victor,
516 2662 545 2723 in
569 2671 729 2740 postrema
752 2661 903 2725 Chronici
925 2668 1016 2739 parte
1041 2661 1086 2721 ait
1119 2656 1262 2736 Pelagium

126 2793 128 2797 ·
175 2779 344 2823 romanum
367 2763 630 2825 archidiaconum
653 2774 745 2826 antea
769 2765 868 2825 trium
892 2760 1123 2841 Capitulorum
1145 2757 1264 2821 deieoso·

176 2881 243 2924 rom
266 2881 303 2924 ac
324 2862 396 2924 dein
417 2883 458 2926 ex
480 2862 652 2927 Justiniani
676 2867 884 2943 persuasione
912 2864 1156 2934 damnatorem,
1181 2855 1267 2921 rediis-

177 2985 211 3027 se
232 2965 273 3025 als
294 2965 393 3027 exilio
415 2962 559 3038 (Tomos
579 2964 633 3029 lV.
658 2986 688 3044 p.
711 2962 773 3031 290
788 2966 808 3043 i.
832 2963 1002 3026 Liberatus
1027 2980 1106 3026 seru
1129 2962 1211 3024 alter
1226 2953 1267 3021 Ct-

177 3066 357 3145 pitulorum
380 3065 530 3129 defensor
550 3075 663 3130 contra
684 3066 937 3128 commilitonem
958 3083 1068 3137 snum,
1091 3063 1205 3125 asserit
1227 3056 1267 3119 Pt-

178 3167 298 3245 legium
320 3169 404 3231 inter
425 3169 545 3246 primus
566 3168 781 3230 insurrexisse
808 3167 965 3228 adsersus
995 3182 1031 3226 ea
1065 3161 1223 3241 Capitula.
1241 3150 1269 3217 Ei

179 3271 221 3329 ita
246 3286 358 3330 resera
381 3278 449 3331 est:
474 3288 547 3332 nam
572 3267 758 3331 Ferrandus
780 3276 812 3330 et
834 3266 972 3346 Vigilius
989 3267 1018 3327 in
1034 3265 1153 3327 litteris
1168 3263 1206 3326 ad
1221 3257 1269 3323 liti·

178 3370 294 3431 sticum
316 3378 348 3432 et
369 3367 591 3432 Sebastianum
616 3370 709 3450 plane
732 3371 793 3431 hoc
816 3377 985 3438 testantur.
1001 3365 1069 3430 Cur
1085 3366 1158 3428 ideo
1174 3367 1203 3428 its
1221 3357 1271 3424 exi·

180 3473 259 3534 lium
284 3471 445 3549 relegatus
467 3469 566 3534 erat'?
588 3469 740 3534 Ceterum
763 3470 850 3550 quod
874 3469 913 3531 de
933 3466 1119 3548 appendice
1137 3471 1272 3545 auoopsst

179 3573 340 3636 Chronico
363 3570 545 3634 Marcellini
568 3571 674 3632 asldita
692 3573 813 3634 dictum
837 3577 897 3645 est,
920 3569 1002 3630 idem
1019 3556 1271 3629 innovantusoio

181 3673 320 3737 Victoris
335 3675 433 3748 libro,
451 3674 545 3754 cujus
567 3674 737 3735 novissima
762 3690 836 3751 pars
858 3671 952 3734 alteri
976 3687 1073 3750 qnam
1092 3670 1169 3732 huic
1184 3659 1272 3731 insoci-

182 3775 282 3837 bootia
305 3784 363 3837 est.
389 3775 434 3836 lbi
458 3776 539 3836 enim
564 3775 610 3837 bis
633 3774 751 3834 mentio
773 3774 883 3852 agitur
909 3773 948 3834 de
982 3769 1124 3849 Pelagio.
1151 3768 1272 3830 Primum

181 3879 262 3939 ‹lissit
285 3875 397 3939 Victor
419 3878 505 3941 isone
527 3877 566 3937 ab
588 3874 688 3939 exilio
713 3875 879 3948 reducem,
897 3872 1053 3934 damnatis
1076 3871 1181 3933 tribus
1202 3857 1272 3939 csse

183 3978 271 4049 tulis,
294 3977 416 4039 dudum
439 3987 530 4039 autea
554 3976 806 4040 constantissime
834 3975 995 4047 delensis,
1017 3990 1033 4032 a
1058 3969 1272 4050 praesaricsto·

184 4078 271 4138 ribus
290 4075 451 4140 Ecclesiae
467 4076 631 4139 Romanae
653 4074 853 4153 praelectum
877 4075 975 4137 inisse
998 4058 1272 4166 episcopumobb⁴

186 4177 284 4257 paulo
307 4189 377 4258 pust
399 4180 516 4243 iterum
540 4195 578 4240 ac
599 4177 788 4256 simpliciter
819 4176 917 4239 dicit:
943 4197 958 4234 ss
983 4174 1075 4236 Anno
1095 4167 1145 4235 33.
1171 4168 1273 4243 tmpsm
