2886 4784
38 459 217 537 contraria,
237 461 352 542 inquit,
369 460 520 542 loquitur
537 459 696 525 voluntati
720 477 824 536 meae,
840 460 936 525 debes
951 459 1158 524 adversarius

39 561 201 642 appellari
224 606 232 624 .
258 607 266 624 .
291 607 298 623 .
322 610 330 626 .
356 561 432 626 Vade
446 570 535 639 <retro
556 581 601 625 rac
622 571 747 627 sainna.
773 561 909 627 Diabulo
931 563 1062 636 dicitur,
1080 564 1157 626 cede

38 671 133 726 reiro.
152 662 266 726 Petrus
288 665 377 727 audit
392 666 469 728 cede
490 673 572 727 retro
592 685 651 741 me,
668 667 729 729 hoc
743 673 792 729 est
804 683 944 747 sequere
964 668 1156 729 sententiam

39 783 169 844 meam3
191 763 268 846 quie
288 783 354 828 noa
373 764 461 845 rapis
480 784 538 841 ec,
558 784 639 846 puae
663 763 719 828 Dei
737 774 836 844 eunt,
865 767 920 829 sed
949 784 1029 846 quae
1061 763 1159 828 domi·

40 881 121 928 aum
142 910 151 926 .
175 906 183 927 .
208 911 217 927 .
241 910 248 927 .
277 866 420 929 Prudens
442 866 547 929 lector
568 867 711 946 inquirat
733 867 898 947 quomodo
932 876 1004 948 post
1038 873 1158 931 tantam

42 967 293 1030 beatitudinem:
317 967 424 1031 dectus
445 987 474 1030 es
497 965 606 1032 Simon
628 965 774 1047 Bcrjoac
795 1014 803 1029 .
827 1013 835 1030 .
858 1015 867 1031 .
892 1015 899 1030 .
922 986 1006 1033 nuuc
1027 968 1156 1032 audiat:

39 1071 120 1132 node
139 1079 224 1131 retro
245 1088 292 1130 nae
312 1079 439 1146 setena,
455 1071 641 1133 scandalum
661 1067 740 1131 miti
760 1088 801 1132 es.
819 1088 836 1127 n
853 1068 901 1135 Ex
926 1072 986 1134 hac
1001 1068 1160 1153 Hierony-

38 1171 82 1234 mi
105 1171 300 1234 discussione
322 1172 499 1234 secundum
525 1169 674 1232 Valiarsii
697 1171 868 1234 editionem
892 1172 957 1236 duo
979 1181 1154 1236 eruuntur.
1271 1170 1274 1179 “

39 1269 186 1334 Primum
208 1273 295 1351 quod
320 1275 439 1334 frustra
464 1272 665 1351 praemiserit
685 1273 751 1334 duo
773 1283 931 1335 commata
947 1272 998 1338 22.
1013 1270 1063 1338 23.
1079 1291 1154 1336 cum

37 1366 76 1435 ea
100 1384 210 1452 postea
231 1375 351 1449 citarit,
373 1373 516 1452 singulas
537 1392 652 1436 eorum
676 1381 782 1454 partes
804 1374 988 1453 explanans.
1003 1371 1155 1437 Secundo

37 1474 127 1552 quod
151 1473 267 1536 ibidem
291 1474 476 1553 scripserit:
500 1475 576 1536 cede
596 1484 667 1552 port
687 1493 733 1536 are
752 1485 889 1549 setene,
912 1476 1040 1538 cumin
1064 1484 1156 1539 textu
1204 1522 1207 1527 ψ

37 1574 228 1656 Hieronymi
244 1575 395 1655 rogatura
411 1575 488 1638 code
502 1586 588 1638 retro
602 1595 647 1639 me
660 1584 788 1651 enteca,
804 1577 899 1641 sicuti
915 1577 991 1639 aiibi
1006 1578 1038 1639 in
1054 1596 1083 1641 c.
1100 1574 1155 1639 iV.

36 1671 89 1745 10.
113 1677 224 1740 eadem
248 1678 444 1756 inscripserit
467 1678 587 1740 rerba:
611 1679 689 1740 vade
709 1687 792 1740 retro
811 1695 859 1739 me
879 1687 1006 1741 setena.

120 1776 199 1841 item
216 1779 300 1858 apud
315 1775 511 1842 Vallarsium
526 1781 556 1841 iu
571 1800 598 1842 c.
611 1777 732 1842 xviii.
746 1780 854 1858 incipit
870 1797 886 1840 a
903 1798 931 1841 v.
944 1776 997 1845 ‘ete
1012 1788 1069 1843 «ei
1083 1798 1154 1842 curn

35 1876 185 1959 coepisset
211 1877 366 1942 rationem
395 1898 510 1959 ponere
537 1889 598 1943 etc.
621 1889 653 1943 ct
675 1882 778 1959 pergit
808 1881 973 1959 usquead
999 1900 1027 1943 v.
1044 1879 1095 1945 35.
1121 1879 1154 1942 in

37 1979 159 2048 Codice
182 1999 259 2042 vcro
275 1982 438 2045 Christian
463 1981 685 2044 tantummodo
706 1981 928 2044 inscribuntur
949 1982 1052 2044 dicta:
1068 1980 1153 2043 odia·

37 2093 91 2144 tare
112 2088 156 2143 est
176 2079 206 2144 ei
226 2099 325 2156 caus,
347 2079 405 2163 qui
424 2081 546 2143 debedat
566 2081 595 2142 ei
614 2082 715 2143 decem
735 2079 840 2144 rnildic
860 2081 991 2145 intente.
1016 2081 1056 2144 Et
1077 2101 1154 2147 sane

38 2181 260 2266 Hieronymus
283 2183 363 2246 haee
383 2183 490 2245 scium
513 2183 743 2263 interpretatus
764 2192 824 2258 est,
847 2186 971 2247 omissis
992 2184 1074 2246 aiiis.

121 2282 249 2346 Pariter
271 2285 302 2347 in
324 2304 353 2348 c.
379 2283 402 2346 Ι.
423 2281 475 2350 20.
498 2302 587 2346 sacra
622 2284 717 2345 verba
753 2283 928 2362 praemittit
951 2281 1150 2346 Vaiiarsius:

32 2384 148 2464 Jorept
167 2384 219 2465 fic·
241 2384 346 2448 David
366 2385 434 2450 noli
455 2384 716 2465 tirnereccer'pere
730 2383 871 2474 Mariam
885 2387 1048 2466 eonjcpem
1063 2395 1152 2448 tuem

34 2500 100 2550 etc.
122 2485 352 2550 Verumtamen
376 2489 533 2550 mediante
549 2488 813 2566 interpretatione
833 2487 956 2560 scribit,
972 2496 1004 2549 et
1019 2488 1149 2566 quidem

36 2608 157 2668 gracco
180 2591 283 2651 textui
307 2591 519 2670 propinquius
536 2614 544 2655 a
560 2589 672 2670 decept
684 2587 736 2670 fic·
751 2588 858 2652 David
878 2608 917 2652 ne
937 2588 1046 2653 timeus
1066 2589 1151 2653 ecci·

30 2708 108 2771 pere
129 2687 268 2754 Mariam
295 2709 425 2753 tenorem
457 2702 554 2755 tunm.
577 2691 669 2769 Quae
706 2694 801 2755 verba
833 2694 963 2756 iteravit
993 2697 1024 2757 iu
1054 2692 1152 2756 Libro

32 2792 185 2855 urlcersur
207 2789 405 2868 Heluidium,
424 2793 476 2854 ubi
499 2795 615 2871 septies
637 2794 699 2856 hoc
721 2793 826 2857 utitur
848 2791 1007 2856 vocabulo
1030 2802 1096 2856 tum
1119 2795 1150 2855 in

35 2903 130 2956 textu
151 2911 256 2966 sacro,
282 2905 349 2955 tum
372 2895 402 2956 in
424 2897 678 2958 commentario:
697 2916 713 2955 a
730 2895 780 2956 Ab
801 2893 916 2973 angeio
938 2896 1041 2974 inquit
1063 2914 1093 2956 u.
1116 2894 1147 2959 3.

34 2991 176 3056 Mariam
199 2992 393 3071 appellatam
418 3013 555 3056 uxorem
571 3003 602 3058 et
617 2994 835 3076 conjunctam.
853 3012 869 3050 u
888 2992 925 3056 Et
937 2995 967 3054 in
986 3011 1016 3054 n.
1031 2991 1061 3063 d.
1076 2995 1151 3056 sub·

33 3093 105 3155 dit:
129 3113 145 3152 c
167 3091 293 3171 Accepit
314 3112 444 3156 errorem
474 3093 737 3167 secundellum
771 3114 902 3158 tuotcrc
934 3095 1027 3158 debet
1057 3097 1149 3174 quasi

33 3211 77 3256 ex
100 3212 160 3269 eo,
191 3195 277 3272 quod
313 3210 398 3256 uxor
425 3197 607 3276 appellata,
630 3214 745 3277 sponsa
773 3215 842 3259 esse
864 3195 1016 3258 desierit:
1045 3213 1148 3275 quum

37 3293 123 3356 hanc
143 3313 211 3358 esse
232 3293 422 3375 Scripturas
443 3298 707 3362 consuetudinem
729 3302 938 3371 noverimus,
962 3304 997 3360 ui
1018 3315 1149 3385 sponsa-s

34 3393 181 3474 nppeiiet
203 3413 335 3460 uxores.
352 3417 369 3456 r>
392 3395 543 3462 Attamen
566 3417 777 3463 amanuenses
799 3402 830 3462 in
853 3404 945 3464 textu
966 3418 1060 3464 sacro
1082 3417 1152 3462 mu·

31 3505 146 3560 terunt
166 3496 280 3562 uxoris
312 3517 428 3563 nornen
461 3502 492 3563 in
523 3501 665 3565 aiterum
694 3500 840 3582 corticeis
869 3503 1048 3565 secundum
1072 3499 1151 3565 Vul-

32 3605 155 3680 gaiam.

114 3696 194 3762 item
216 3703 247 3764 in
269 3722 297 3767 c.
321 3701 361 3766 X.
384 3699 414 3770 9.
438 3705 659 3782 praemittitur
680 3704 799 3771 Christi
822 3704 1030 3768 mandatume
1051 3703 1149 3766 colite

24 3799 339 3882 possidendorum,
361 3823 459 3885 neque
481 3817 672 3887 arpentum,
694 3825 792 3888 neque
808 3805 977 3887 pecuniam
998 3806 1034 3869 ia
1055 3804 1148 3870 zonis

27 3900 156 3965 cestris.
182 3900 216 3965 in
237 3908 439 3982 expositione
463 3927 540 3970 vero
562 3908 705 3987 legitur:
734 3927 834 3989 oeque
865 3928 916 3972 cer
947 3907 983 3972 t'n
1009 3908 1148 3971 sacculis

27 4001 156 4067 cestris.
181 4001 216 4065 in
237 4022 266 4066 c.
289 4003 358 4069 XV.
380 4005 431 4078 24.
454 4005 614 4072 Noricum
636 4008 753 4072 scissus
775 4009 841 4073 nisi
868 4010 911 4073 ed
942 4029 1011 4073 ouer
1024 4053 1036 4084 ,
1065 4029 1148 4091 piace

19 4104 212 4186 perierunt,
235 4106 347 4170 domus
370 4107 470 4172 lsrael
482 4129 492 4168 .·
515 4111 598 4172 etin
621 4114 873 4175 commentarios
897 4131 961 4174 coa
981 4131 1051 4174 sera
1075 4109 1146 4173 tais·

23 4227 80 4270 sus
102 4204 170 4267 nisi
191 4207 233 4271 ed
253 4226 323 4272 acer
340 4209 483 4290 perditos
505 4211 614 4277 domus
635 4212 745 4278 lsrael.
774 4214 807 4277 lu
828 4233 856 4278 c.
874 4212 911 4277 V.
925 4213 975 4278 25.
992 4214 1063 4289 loco
1085 4223 1147 4274 esto
