2886 4784
163 330 206 406 il

241 435 449 510 Novissime,
473 451 547 498 cum
570 453 610 497 ox
643 431 825 513 praemissis
859 431 1049 496 testimoniis
1080 429 1276 499 ostendimus
1312 476 1314 480 -

159 539 255 607 Nocti
274 554 448 618 personam
471 545 502 598 ct
526 537 683 598 haeresim
708 535 835 613 triginta
860 533 928 596 lere
950 552 1049 595 annos
1065 542 1143 612 post·
1155 532 1277 599 Callisti

160 643 283 704 ohitnnr
305 642 334 699 in
360 638 433 700 alsia
457 639 697 711 insurrexisse,
721 652 784 697 nou
814 643 862 699 ast
894 638 1171 714 praetereundum
1193 635 1278 716 quod

159 752 249 804 notat
270 739 494 803 Tertullianus
516 740 555 798 de
580 737 704 798 Prason
728 738 876 799 eumdem
901 736 1047 816 prolesso
1061 755 1226 812 errorem,
1243 757 1278 802 au

157 845 243 905 circa
267 840 439 920 zephyrini
462 848 494 899 et
514 837 638 902 Callisti
661 847 800 898 aetatem
825 841 961 899 visente.
986 837 1065 899 Ater
1086 841 1172 899 enim
1192 838 1277 902 Sori-

160 952 237 1023 ptor
265 944 311 1005 ait
339 942 424 1002 huuc
449 939 608 1006 lirnxeam
632 957 785 1001 romanae
809 941 908 1000 humo
935 940 1137 1002 haereticum
1167 941 1279 1020 dogma

159 1043 317 1116 intulisse,
340 1043 522 1112 docentem,
547 1039 676 1102 Putrem
697 1039 887 1102 descendisse
908 1038 944 1100 t'u
973 1037 1132 1119 Virqiuem
1142 1083 1154 1113 ,
1175 1041 1278 1120 ipsust

157 1161 197 1205 eu
216 1164 253 1205 en
272 1151 397 1213 uotum,
419 1140 525 1219 ipsum
542 1157 687 1218 pessunt,
709 1140 842 1218 denique
863 1141 969 1221 ipsum
991 1159 1052 1203 esse
1065 1140 1174 1205 desum
1193 1141 1279 1206 curi·

158 1253 253 1306 stum.
277 1244 466 1326 Anonymus
490 1260 568 1302 vero
589 1242 674 1302 circa
698 1242 780 1303 idern
806 1252 930 1318 tempus
954 1246 1010 1315 ait,
1028 1262 1090 1306 non
1109 1244 1277 1323 Praxeam,

157 1346 211 1408 sed
237 1342 418 1422 Epigonum
440 1339 535 1403 Noeti
551 1342 745 1418 discipulum
763 1341 899 1404 Romam
915 1344 955 1403 ab
972 1342 1044 1403 Asia
1064 1342 1201 1416 senisse,
1219 1345 1271 1407 ubi

161 1448 242 1508 hanc
264 1446 393 1520 impiam
416 1444 595 1504 doctrinam
619 1442 783 1520 profudit:
807 1461 904 1521 qnam
928 1445 1018 1505 istius
1037 1446 1172 1506 auditor
1187 1443 1277 1509 Cleo·

160 1564 267 1609 menes
290 1544 478 1615 roboravit,
502 1546 636 1605 consciis
658 1553 689 1605 et
714 1543 925 1622 probantibus
947 1540 1133 1627 zephyrino
1156 1554 1189 1607 ct
1211 1545 1279 1608 usl-

161 1646 235 1708 listo
246 1665 257 1722 3
281 1644 381 1706 donec
403 1662 485 1705 noua
509 1644 650 1706 haeresis
671 1644 733 1705 sub
747 1642 873 1708 Callisti
891 1647 1018 1706 nomine
1037 1647 1136 1721 veuit,
1154 1645 1277 1726 luitque

161 1754 337 1827 propagata
362 1747 447 1807 ultra
473 1745 570 1825 hujus
595 1746 759 1808 pontilicis
782 1753 934 1807 aetatem.

242 1845 391 1909 Attamen
408 1864 482 1906 cnm
500 1847 577 1909 dicit
591 1845 779 1927 anonymus
793 1849 833 1907 de
847 1845 942 1909 Nocti
956 1846 1136 1925 discipulis,
1154 1849 1195 1910 de
1211 1846 1280 1929 upt-

163 1964 268 2027 gonn,
296 1949 352 2025 qui
376 1945 512 2008 Romam
541 1949 651 2021 venit,
674 1959 706 2009 et
727 1950 765 2010 de
782 1948 893 2009 altero
922 1951 978 2026 qui
1000 1950 1112 2026 impias
1135 1950 1189 2012 bic
1209 1958 1278 2012 suas

161 2047 307 2127 profudit
337 2049 525 2119 doctrinas,
560 2043 788 2109 Theodorctus
816 2048 945 2111 eosdem
977 2066 1168 2128 nuncupans
1197 2053 1279 2114 siros

165 2249 263 2300 meana,
283 2232 319 2287 de
337 2249 369 2287 eo
388 2231 502 2304 scripsit
519 2233 600 2306 cujus
619 2233 724 2289 mentio
742 2235 817 2306 apud
836 2235 1006 2290 Eusebium:
1023 2235 1114 2291 ‹Jnm
1131 2252 1198 2292 vero
1216 2236 1279 2293 Hie·

167 2342 303 2399 ronymus
315 2324 397 2397 plane
411 2324 562 2398 ignoravit,
576 2324 761 2381 clarissimum
771 2344 804 2382 ac
814 2314 884 2382 inite
896 2326 1018 2401 primum
1029 2326 1185 2383 Biblini-um
1204 2344 1278 2385 suar

167 2424 296 2484 retorem,
318 2400 503 2488 eumdemque
521 2415 775 2490 chronographum,
796 2419 877 2492 Cycli
897 2418 1038 2491 paschalis
1057 2419 1279 2489 conditoremm

167 2510 333 2583 theologum
351 2508 503 2582 insigniter
522 2510 653 2578 doctum,
674 2512 837 2584 episcopum
864 2519 893 2567 et
917 2519 1067 2586 martyrem
1094 2513 1278 2587 Hippolytum

169 2602 276 2657 Romae
295 2618 378 2656 secus
397 2600 571 2656 Tiburtinam
591 2603 777 2676 compositum
796 2604 934 2660 honorari.
955 2608 1079 2678 Apparet
1089 2605 1117 2660 id
1128 2605 1279 2677 luculenter

168 2712 203 2750 ex
223 2693 306 2749 Libro
327 2692 363 2750 De
380 2692 443 2749 viris
460 2692 611 2761 illustribus,
632 2713 716 2766 quem
728 2694 798 2768 ipse,
814 2714 886 2751 anno
899 2685 1055 2752 'christiano
1067 2692 1131 2752 392.
1146 2696 1278 2770 vulgarit.

168 2786 247 2842 Solet
264 2785 367 2858 quippe
384 2785 422 2840 ibi
441 2785 633 2859 Hieronymus
652 2787 754 2853 locum,
769 2805 824 2859 qno
838 2787 957 2860 quisque
970 2788 1099 2855 decessit,
1116 2788 1160 2845 vel
1172 2790 1225 2844 rito
1235 2787 1278 2844 de-

169 2880 279 2952 positus
294 2880 379 2952 jacet,
399 2896 504 2933 moram
523 2882 616 2946 etiam,
638 2897 720 2951 qnam
739 2889 871 2935 externus
890 2883 1008 2952 quisque
1027 2881 1146 2952 scriptor
1162 2882 1192 2936 iu
1208 2868 1278 2937 Uibu

168 2973 245 3040 iecit,
265 2973 356 3028 sicubi
374 2985 471 3028 notum
490 2973 538 3038 sit,
558 2991 781 3029 commemorare.
805 2975 910 3029 Verum
929 2983 961 3028 ut
978 2974 1013 3028 ad
1032 2974 1222 3048 Hippolytum
1238 2990 1278 3030 ve·

168 3066 212 3121 uit
229 3066 336 3121 nullam
353 3083 482 3121 romanae
500 3065 670 3139 depositionis,
692 3068 796 3122 nullam
815 3066 1042 3122 commorationis
1059 3069 1089 3122 in
1106 3067 1194 3136 Urbe,
1214 3067 1277 3124 uul-

168 3159 225 3214 lam
244 3159 370 3232 martyrii
388 3159 558 3214 mentionem
577 3159 671 3214 infert.
692 3159 785 3232 Igitur
802 3177 893 3231 neque
907 3159 1107 3232 Hieronymus,
1120 3177 1214 3232 neque
1230 3161 1280 3216 Da·

170 3267 276 3318 masus,
296 3266 403 3322 neque,
423 3250 496 3320 siqui
515 3249 628 3304 luerunt
648 3249 695 3303 alii
714 3249 808 3305 seculo
826 3249 875 3304 illo
897 3249 1048 3304 Annalium
1067 3250 1279 3308 Ecclesiastico-

169 3361 232 3399 rum
250 3343 380 3408 scientes,
400 3348 554 3413 martyrem
572 3340 735 3396 Tiburtinae
753 3341 912 3396 habueruut
930 3360 979 3413 pro
997 3343 1167 3416 cognomine
1178 3345 1280 3416 episco-

170 3455 217 3509 po,
237 3435 286 3508 qui
304 3434 447 3490 doctrinae
465 3432 551 3488 simul
569 3440 598 3488 et
616 3435 743 3508 martyrii
761 3433 843 3490 leude
862 3435 1001 3490 floruerat.
1022 3433 1118 3492 Deinde
1140 3434 1278 3493 muciudit.

170 3528 245 3583 Illud
264 3534 386 3582 statuere
405 3542 488 3597 posse
508 3525 576 3579 mihi
596 3526 699 3593 videor,
721 3527 795 3594 quod
815 3526 895 3581 initio
913 3527 1087 3599 propositum
1106 3525 1182 3596 fuit,
1199 3527 1281 3583 elium

169 3638 231 3677 esse
250 3617 439 3692 Hippolytum
457 3618 492 3673 ab
512 3616 594 3674 editis
613 3619 744 3690 operibus
763 3619 929 3693 insignem,
949 3619 1033 3675 elium
1052 3637 1116 3675 vero
1137 3620 1279 3695 Hippoly-

171 3719 233 3769 tum
251 3712 357 3766 Romae
375 3711 404 3764 in
423 3710 568 3766 Tiburtina
586 3711 728 3783 sepultum
746 3718 775 3766 et
792 3710 968 3766 honoratum.
991 3733 1003 3761 a

236 3804 308 3859 Item
320 3803 471 3860 Clarissimi
484 3803 535 3858 viri
547 3803 629 3860 Card.
644 3804 781 3859 Baronius
800 3813 828 3859 et
844 3805 965 3858 Minaeus
984 3803 1173 3878 Hippolytum
1186 3805 1282 3862 dicunt

172 3895 325 3953 clementis
343 3896 526 3951 Alexandrini
545 3897 715 3968 discipulum
733 3896 837 3965 fuisse,
865 3914 920 3951 non
938 3914 1002 3951 vero
1020 3915 1044 3952 s.
1066 3896 1184 3954 Irenaei.
1204 3895 1280 3954 utri

172 3987 255 4042 talem
274 3989 377 4043 vocarit
397 3988 513 4044 Photius
531 3988 562 4043 iu
580 4006 632 4044 sua
651 3989 833 4054 Bibliotheca,
853 3989 1022 4063 intelligitur
1039 4007 1096 4044 non
1115 3990 1150 4045 de
1168 4008 1193 4045 s.
1207 3989 1282 4062 Hip·

174 4078 265 4153 polyti
283 4080 317 4135 ab
336 4080 439 4136 Arabia
467 4079 588 4137 autentu
616 4083 646 4135 in
671 4080 777 4139 Gallias
805 4082 880 4156 apud
899 4099 923 4138 s.
943 4081 1124 4156 episcopum
1143 4081 1284 4156 estquod

173 4173 256 4230 istius
274 4175 376 4248 scripta
395 4175 515 4233 advertus
531 4175 643 4233 imanes
661 4175 762 4250 legarit
780 4192 812 4232 ac
829 4176 984 4234 traduxerit
1002 4175 1032 4233 iu
1051 4176 1168 4234 Librum
1186 4192 1280 4233 sunm.
