2872 4784
159 326 219 399 ddi

155 432 296 512 episcopi
312 441 343 493 et
359 433 520 516 martyris.
534 450 550 491 »
566 432 614 496 Hx
627 432 833 504 collectionis
847 433 1083 498 sirmondianae
1095 432 1199 496 Tomo
1213 432 1273 496 ΙΙΙ,

155 538 208 615 (p.
232 532 325 612 375.)
347 555 372 599 s.
397 535 584 599 Anastasius
609 537 641 597 iu
666 535 802 615 epistola
828 536 867 597 ad
894 532 1113 599 Theodosium
1141 536 1277 621 presby·

155 646 262 700 terum
285 655 493 716 gangrensem
515 638 671 700 adversus
694 637 911 711 monolelitas,
934 637 1015 698 haee
1037 637 1077 698 de
1097 657 1122 699 s.
1148 636 1276 722 Marty-

155 739 343 801 rescribit:
367 760 384 798 «
408 738 580 802 Praeterea
604 741 672 801 misi
695 738 735 801 ad
758 756 907 819 praesens
937 757 1012 800 eum
1042 739 1101 801 hac
1132 743 1272 820 epistola

156 858 225 902 mea
248 838 317 902 Deo
340 842 582 903 honorabilibus
600 842 702 918 robis,
719 849 751 904 et
773 859 831 920 per
847 860 903 903 vos
923 841 1141 903 sanctissimae
1162 851 1196 905 et
1219 861 1275 905 or·

157 942 334 1016 thodoxae,
357 961 441 1022 quaa
462 943 530 1005 illie
551 950 612 1019 est,
634 945 804 1018 ecclesiae,
829 943 971 1005 rotulam
991 943 1161 1005 habentem
1186 946 1276 1006 testi-

156 1045 262 1105 monia
284 1063 325 1107 ex
348 1045 440 1117 dictis
461 1064 485 1107 s.
504 1043 674 1126 Hippolyti
690 1045 831 1125 episcopi
847 1043 967 1107 Portus
983 1044 1119 1108 Romani
1134 1062 1172 1107 ae
1188 1062 1276 1108 mar·

155 1147 235 1230 tyris
258 1144 377 1210 Christi
400 1145 458 1209 Dei
479 1149 601 1209 nostri:
626 1165 692 1225 quo
710 1154 741 1210 et
762 1164 822 1226 per
836 1165 872 1210 ea
890 1163 981 1208 nosse
996 1146 1155 1222 habeatis,
1170 1164 1275 1226 quom

156 1248 362 1310 concorditer
383 1265 457 1310 eum
479 1247 551 1311 aliis
587 1249 736 1311 omnibus
767 1249 884 1310 sanctis
916 1247 1089 1323 Patribus,
1113 1248 1275 1312 etardus

156 1347 237 1410 duas
257 1347 436 1412 Salvatoris
457 1350 558 1410 nostri
579 1347 660 1412 Jesu
674 1348 792 1433 Christi
809 1349 971 1428 praedicet
986 1357 1131 1424 naturas,
1147 1357 1181 1411 et
1194 1366 1274 1428 ope·

157 1450 320 1526 rationes,
343 1448 472 1510 reiellat
492 1458 601 1511 antem
623 1468 700 1525 eos,
721 1452 776 1528 qui
799 1468 896 1513 unam
918 1451 1139 1528 operationem
1160 1456 1195 1512 et
1216 1466 1274 1511 na-

156 1557 265 1611 turam
281 1566 377 1612 uuam
394 1549 567 1614 divinitatis
583 1559 615 1612 et
629 1552 837 1613 humanitatis
852 1550 922 1630 ejus
937 1550 1155 1628 dogmatizant
1170 1559 1234 1614 eto.
1254 1569 1274 1609 o

157 1646 273 1713 Videas
294 1669 372 1730 crgo
393 1651 552 1730 siquando
574 1652 644 1714 fieri
666 1653 833 1732 potuerit,
854 1660 890 1714 ut
910 1673 937 1715 s.
961 1650 1157 1733 Hippolytus
1182 1660 1274 1716 tanta

154 1751 403 1831 blasphemarit,
417 1771 502 1833 quae
523 1756 554 1815 in
576 1753 674 1816 Libro
694 1772 855 1837 anonymo
870 1755 1026 1834 leguntur
1033 1771 1045 1832 3
1068 1760 1099 1816 et
1119 1771 1159 1814 an
1183 1759 1273 1818 tanta

154 1852 240 1930 eapti
260 1853 322 1915 sint
347 1854 498 1917 illusione
520 1854 655 1934 praeiati
679 1853 802 1932 Patres,
825 1859 882 1935 qni
903 1873 961 1916 sua
983 1854 1101 1932 scriptu
1123 1853 1271 1919 citaruut

154 1959 187 2013 ct
206 1952 392 2034 hujusmodi
414 1956 526 2035 elogiis
548 1956 759 2019 cumularunt
779 1975 804 2018 s.
829 1952 1023 2038 Martyrem.

238 2055 460 2133 Quamobrem
490 2075 594 2120 nonne
622 2057 762 2138 amplius
793 2057 866 2120 hine
899 2057 1079 2121 constiterit
1110 2057 1276 2142 Anonymi

156 2157 319 2239 perfidia?
339 2161 409 2238 qui,
430 2160 525 2222 sicuti
551 2158 682 2222 titulum
703 2158 819 2236 Operis
840 2165 873 2221 et
893 2159 1029 2238 gradum
1051 2159 1273 2239 episcopalem

155 2278 182 2324 s.
204 2260 331 2324 lrenaei
352 2261 411 2323 sibi
434 2261 608 2339 usurpavit
628 2261 659 2321 in
680 2259 890 2323 Reiutatione
921 2261 1116 2343 haeresum,
1138 2266 1177 2322 ui
1197 2259 1274 2323 inde

155 2378 241 2441 quae
261 2361 321 2424 sibi
346 2360 551 2436 ridebantur,
575 2361 626 2422 vel
646 2361 866 2436 subtraheret,
882 2368 940 2423 ant
954 2360 1100 2435 adderet,
1116 2361 1186 2422 sive
1201 2377 1276 2423 mu·

155 2469 239 2525 taret
260 2480 298 2525 ae
318 2479 417 2540 scopo
440 2462 631 2541 praesertim
653 2464 872 2539 mentiretur,
895 2465 940 2525 ita
962 2460 1076 2525 deinde
1097 2461 1275 2525 novissime

154 2565 300 2644 explevit
320 2564 351 2626 in
372 2582 451 2627 suae
472 2563 545 2624 iidei
567 2561 792 2642 contessione3
816 2564 870 2626 ubi
894 2581 954 2643 pro
974 2564 1082 2627 lubitu
1105 2580 1272 2629 commen·

154 2672 242 2728 tatus
263 2671 324 2740 est,
347 2664 523 2739 mutilavit,
547 2662 687 2738 falsavit,
704 2683 788 2744 qnae
805 2665 944 2729 fideliter
958 2673 991 2729 et
1002 2664 1097 2744 juxta
1113 2666 1275 2731 orthodo-

155 2781 233 2828 xum
254 2764 434 2828 doctrinam
455 2765 583 2845 scripsit
603 2763 688 2828 alter
708 2767 878 2846 episcopus
898 2785 924 2831 s.
949 2763 1145 2849 Hippolytus
1160 2766 1194 2829 in
1208 2765 1275 2832 fine

157 2863 245 2928 Libri
268 2865 430 2930 Adversus
452 2864 600 2930 haereses.
