2886 4784
1234 338 1276 409 83

161 465 265 512 aorem
288 444 429 526 primum
451 443 668 510 introduxisse
686 444 799 523 dogma
816 441 854 506 de
871 441 990 509 Christi
1006 444 1186 520 divinitate,
1203 465 1276 509 cor·

161 557 255 626 rupta
278 567 316 608 ac
338 554 471 624 provata
497 547 598 607 veteri
622 545 786 608 Ecclesiae
819 544 999 624 disciplina.
1024 546 1131 625 iuquit
1165 549 1272 609 enim:

158 647 278 711 «Cum
301 649 464 725 igiturex
488 654 713 709 totanuornm
746 647 850 724 spatio
880 647 1027 708 doctrina
1058 647 1276 711 ecclesiastica

161 768 237 811 vere
260 752 454 810 annunciata
478 749 590 825 inerit3
612 750 778 828 quemodo
801 749 870 810 sieri
893 757 1009 828 potest,
1034 758 1070 812 ut
1093 751 1140 810 illi
1164 747 1281 812 Patres·

157 853 212 931 qni
234 854 274 912 ad
300 848 438 912 Victoris
461 870 564 929 usque
589 850 685 912 vitam
710 851 951 927 produxerunt,
975 852 1030 925 ita,
1055 859 1090 913 nt
1112 854 1162 913 isti
1192 870 1276 914 asse·

157 961 246 1020 rnut,
273 949 516 1027 praedicarint?
539 950 606 1013 Aut
628 952 792 1030 quomodo
815 969 877 1013 non
899 971 953 1014 eus
976 951 1096 1032 pudet,
1121 954 1199 1016 haec
1222 949 1277 1012 Vi·

157 1053 239 1114 ctnri
265 1061 328 1114 tam
352 1052 433 1113 laiso
456 1051 620 1132 objectare
629 1072 640 1129 3
664 1055 853 1129 praesertim
876 1071 951 1116 cnm
974 1054 1144 1132 explorate
1169 1053 1278 1132 cogni·

160 1164 227 1215 tnm
251 1153 415 1224 habeant,
439 1150 626 1228 Victorem,
649 1152 853 1216 Theodotum
877 1156 970 1217 illum
993 1156 1168 1217 coriarium
1193 1155 1276 1233 (qui

158 1252 469 1334 primus·Christum
491 1255 599 1314 solum
623 1255 783 1316 hominem
807 1257 953 1333 dicebat)
977 1256 1091 1318 ducem
1123 1266 1155 1317 et
1183 1256 1276 1334 qnasi

159 1366 327 1434 parentem
351 1356 449 1435 hujus
465 1357 581 1434 impiae
596 1364 627 1417 et
642 1341 842 1418 execrandae
858 1377 874 1419 a
890 1357 952 1419 lide
964 1356 1165 1429 deiectionis,
1181 1355 1276 1420 Clari-

157 1464 244 1519 atum
269 1456 372 1518 ileum
397 1457 616 1536 pernegantis,
641 1456 813 1516 christiana
845 1459 1070 1519 communione
1091 1456 1275 1520 interdixis-

157 1557 219 1622 se'?
242 1557 340 1633 Quod
361 1559 386 1618 si
411 1555 522 1619 Victor
544 1558 655 1618 eadem
679 1575 752 1619 cum
775 1558 838 1618 illis
860 1559 978 1619 sentire
1003 1559 1087 1620 risus
1110 1565 1206 1632 esset,
1236 1557 1278 1620 si·

157 1663 225 1725 cuti
246 1658 446 1721 detestabilis
468 1663 604 1721 istorum
627 1659 787 1720 calumnia
810 1658 916 1734 docet,
934 1677 999 1738 qno
1015 1668 1122 1738 pacto,
1139 1667 1195 1721 aut
1210 1677 1275 1738 qua

157 1763 284 1825 ratione
306 1762 479 1836 adductus,
502 1760 706 1823 'theodotum
723 1761 829 1841 'hujus
851 1763 972 1822 erroris
998 1763 1211 1834 inventorem,
1235 1759 1276 1822 ab

158 1862 302 1927 Ecclesia
324 1863 443 1944 ejicere
466 1865 496 1924 in
518 1865 661 1925 animum
685 1860 837 1925 induxit?
862 1860 982 1924 Verum
1005 1861 1044 1924 de
1064 1860 1196 1927 Victore
1218 1862 1274 1923 ha·

157 1975 291 2027 clauus:
316 1965 372 2042 qni
396 1981 469 2027 curn
492 1965 602 2026 decem
625 1965 714 2025 annis
738 1960 900 2025 Ecclesiae
924 1964 1274 2042 ministeriopraeluis·

155 2075 215 2138 set,
239 2067 270 2126 iu
292 2065 364 2144 eins
387 2066 521 2137 locum,
545 2065 677 2126 circiter
699 2083 818 2126 nonum
842 2083 960 2126 aunum
982 2065 1110 2142 imperii
1131 2065 1271 2144 Severi,

153 2163 358 2246 zephyrinus
379 2166 543 2227 successit.
565 2165 712 2243 Scriptor
734 2165 789 2225 ille
812 2166 850 2226 de
865 2184 931 2243 quo
946 2184 1044 2242 snpra
1064 2165 1142 2239 dixi,
1161 2168 1217 2245 qni
1236 2166 1275 2226 li·

154 2267 250 2330 mum
265 2268 489 2346 supradictum
502 2275 614 2328 contra
631 2269 752 2328 erroris
767 2285 864 2344 snpra
881 2267 1089 2329 demonstrati
1102 2274 1272 2329 auctorem

156 2370 353 2446 composuit,
377 2368 473 2429 aliam
496 2368 591 2428 etiam
617 2385 682 2428 rem
706 2365 877 2447 zephyrini
903 2374 1046 2447 tempore
1062 2376 1183 2448 gestam
1199 2354 1273 2433 aarss

160 2479 211 2532 rat
233 2471 297 2532 laec
321 2477 426 2548 pactu.
927 2477 931 2484 ·

235 2567 419 2642 «Facinus,
443 2569 559 2647 inquit,
583 2567 666 2645 apud
691 2586 746 2629 nos
770 2568 957 2646 admissum,
980 2567 1132 2631 'fidelibus
1153 2570 1185 2631 in
1209 2567 1272 2631 Du·

155 2673 255 2744 mino,
277 2690 344 2750 quo
365 2672 440 2732 illus
461 2671 622 2740 erudiam,
645 2671 918 2732 commemorabo.
937 2667 1032 2745 Quod
1050 2672 1160 2746 credo,
1177 2673 1202 2732 si
1218 2670 1275 2737 Su·

156 2774 260 2837 domis
283 2774 368 2834 lorte
390 2782 515 2850 gestum
540 2773 672 2847 inisset,
695 2774 791 2834 etiam
815 2772 887 2833 illos
910 2773 949 2832 ad
971 2773 1093 2834 scelera
1116 2790 1174 2835 sua
1198 2791 1276 2851 poe·

157 2876 310 2936 pitantiae
333 2875 485 2957 lacrymis
501 2884 628 2936 mature
644 2875 780 2935 eluenda
798 2874 1027 2936 admonuisset.
1049 2874 1127 2936 Erat
1140 2873 1273 2955 qnidam

156 2973 308 3040 Natalius
331 2976 523 3050 confessor,
548 2993 609 3036 uon
630 2976 695 3054 jam
720 2975 867 3052 pridem,
890 2974 944 3037 sed
967 2977 1085 3035 nestris
1104 2976 1170 3056 iam
1193 2956 1275 3055 pene

156 3077 367 3154 temporibus.
392 3075 453 3136 lste
475 3076 514 3135 ab
538 3072 768 3154 Asclepiodoto
790 3084 821 3135 et
843 3075 947 3136 altero
969 3071 1137 3135 Theodoto
1168 3085 1274 3154 trape-

152 3179 219 3238 zita
237 3181 247 3247 t
268 3178 299 3237 lii
321 3178 450 3255 quidem
473 3178 568 3237 ambo
589 3174 746 3237 Theodoti
763 3177 908 3248 coriarii,
926 3176 981 3253 qui
996 3177 1119 3252 primus
1136 3183 1272 3254 propter

153 3279 247 3340 istam
269 3294 385 3338 novam
409 3277 639 3356 prudentiam,
664 3278 761 3337 immo
787 3294 864 3337 vero
890 3277 1088 3348 amentiam,
1113 3295 1153 3336 ex
1187 3275 1275 3337 chri·

150 3379 331 3438 stiauorum
354 3379 612 3439 communiones
630 3374 773 3449 Victore,
791 3385 826 3437 ut
842 3376 921 3447 dixi,
939 3378 994 3454 qui
1012 3385 1088 3438 tnnc
1105 3385 1175 3438 erat
1190 3375 1273 3439 Pon·

151 3477 245 3551 tifex,
268 3479 519 3550 excludebatur,
542 3479 690 3556 discipuli
713 3483 827 3553 erant)
844 3477 959 3540 iraude
975 3488 1007 3541 et
1021 3478 1097 3541 dolo
1112 3480 1270 3559 deceptus

150 3579 234 3642 luit:
258 3589 291 3640 et
312 3582 353 3640 ab
374 3581 436 3641 illis
459 3581 598 3653 dnobus,
623 3600 704 3660 quos
726 3601 823 3660 supra
848 3586 959 3660 posui,
982 3583 1104 3644 salario
1126 3581 1268 3661 quodam

152 3690 181 3743 et
204 3680 355 3743 mercede
378 3701 563 3759 persuasus,
587 3691 623 3744 ut
645 3683 732 3744 illius
755 3687 877 3747 erroris
893 3685 1063 3764 episcopus
1079 3695 1271 3760 crearetur3

151 3801 186 3843 ea
209 3784 282 3862 lege
297 3785 461 3857 nimirum,
480 3792 514 3843 nt
528 3792 657 3845 centum
672 3785 904 3864 quinquaginta
923 3784 1071 3847 denarids
1086 3793 1276 3846 menstruos
1314 3810 1321 3822 ·

151 3882 202 3944 isti
223 3884 254 3945 ei
276 3884 510 3960 persolverent.
535 3881 598 3959 Qui
622 3886 751 3964 quidem
774 3904 848 3948 cum
869 3905 904 3949 se
925 3888 956 3947 in
978 3886 1110 3947 illorum
1133 3885 1269 3946 societa-

153 3991 215 4044 tem
238 3982 401 4058 dedisset,
425 4002 482 4063 per
507 3987 642 4046 visiones
665 3986 820 4063 quasdam
845 4005 861 4049 a
886 3984 1022 4048 Domino
1044 3987 1083 4046 ad
1105 4004 1140 4046 se
1161 3984 1272 4048 dimis-

153 4100 215 4159 sae,
237 4101 492 4164 saepenumero
514 4087 696 4149 admonitus
721 4089 793 4150 luit.
819 4084 906 4149 Dens
927 4089 1011 4148 enim
1026 4087 1221 4161 misericors,
1234 4093 1274 4148 'ct

154 4178 306 4250 Dominus
329 4194 437 4249 noster
458 4185 553 4251 ,lesus
576 4185 724 4252 Christus
747 4196 925 4271 martyram
942 4201 979 4252 ct
1002 4196 1114 4254 testem
1130 4206 1274 4253 suarum-
