2886 4784
167 359 208 435 ⁴6
618 455 758 524 CAPUT
780 455 835 521 Vl.
933 469 934 472 ’
1029 466 1038 477 ’

167 661 328 745 Anonymi
349 661 434 725 dicte
455 668 623 723 censeatur
643 662 679 724 de
699 658 876 736 haereticis,
895 677 1029 743 quorum
1049 678 1170 724 errores
1190 659 1226 724 ire
1248 661 1287 724 tt·

207 767 273 832 iris
299 764 368 831 Vll.
390 775 418 827 et
445 761 532 827 Vtri.
553 762 687 844 expositi
707 772 736 826 et
755 761 891 843 refutati
910 763 949 826 alr
970 782 1004 824 eo
1026 762 1197 826 dicuntur,

170 1008 321 1131 Auctor
350 1067 380 1129 in
401 1086 429 1130 c.
460 1063 485 1126 l.
508 1084 540 1129 u.
569 1062 619 1130 19.
649 1065 749 1146 huius
773 1065 862 1130 Libri
891 1066 1049 1129 disserens
1074 1054 1113 1130 de
1135 1067 1282 1130 doctriua

169 1169 315 1232 Basilidis
337 1170 474 1249 ejusque
496 1168 643 1247 analogia
669 1186 743 1230 cum
767 1168 961 1243 Aristotele,
984 1169 1015 1228 in
1037 1170 1161 1230 eunctis
1183 1169 1284 1232 disce-

167 1272 213 1333 dit
235 1289 253 1332 a
277 1273 458 1332 testimonio
481 1288 507 1332 s.
533 1268 671 1344 lrenaei,
694 1267 899 1343 Tertulliani,
921 1277 991 1331 ets.
1011 1269 1191 1348 Epiphanii.
1216 1268 1283 1332 Ho-

75 1449 77 1453 γ
169 1390 242 1435 rum
266 1373 349 1433 enim
372 1371 495 1447 primus
518 1368 671 1433 irenaeus
699 1371 730 1430 in
747 1370 845 1433 Libro
868 1371 945 1432 le.
966 1368 1084 1432 xxiv.
1107 1380 1152 1432 n.'
1160 1367 1190 1434 3.
1213 1374 1280 1434 aits

170 1493 186 1532 a
209 1470 364 1533 Basilides
385 1479 510 1546 autem,
533 1480 568 1533 ut
589 1472 685 1534 altius
708 1472 829 1550 aliquid
847 1481 879 1533 el
895 1470 1110 1533 verosimilius
1124 1470 1283 1535 invenisse

170 1572 332 1644 videnlur,
355 1572 387 1632 iu
409 1572 598 1633 immensum
620 1572 763 1633 extendit
784 1572 971 1633 seutentiam
993 1570 1159 1632 doetrinae
1186 1589 1280 1646 snae,

168 1673 338 1734 ostendens
359 1687 430 1732 aare
451 1674 556 1751 primo
578 1672 618 1733 ab
641 1675 749 1735 innato
771 1683 882 1734 natum
906 1669 1013 1745 Patre,
1032 1671 1072 1732 ab
1094 1671 1155 1735 hoo
1170 1680 1282 1735 nutem

168 1784 280 1835 natum
304 1771 412 1850 iopen,
435 1773 548 1835 deinde
570 1789 587 1836 a
609 1774 679 1851 lopo
702 1771 910 1847 Phronesim,
940 1789 958 1832 a
987 1769 1145 1834 Plrcncsi
1171 1780 1281 1834 autem

169 1869 317 1951 Sophiam
328 1882 371 1951 et
392 1869 570 1950 Pyramia,
590 1892 608 1935 a
632 1872 771 1952 Dynami
784 1883 893 1936 autem
910 1881 941 1934 et
956 1868 1072 1950 Sopltic
1088 1869 1234 1934 Virtutes
1248 1879 1281 1936 et

169 1973 356 2052 Principes,
379 1975 599 2052 etnuge10s;
621 1993 703 2054 qnos
725 1984 757 2037 et
781 1976 901 2054 primos
925 1981 1019 2035 vocat
1039 1979 1072 2034 el
1092 1972 1132 2034 ab
1155 1974 1191 2036 iis
1214 1975 1278 2053 prl-

167 2086 256 2137 mum
278 2075 406 2137 coelum
430 2074 563 2138 laetum.
587 2073 711 2139 Dehinc
731 2077 772 2136 ab
793 2079 910 2138 luorum
940 2073 1166 2150 derivatione,
1195 2073 1277 2135 alios

165 2184 274 2238 antem
297 2175 423 2251 laotos,
447 2177 535 2238 aliud
558 2178 687 2239 eoelum
718 2179 821 2239 simile
844 2177 945 2255 priori
969 2175 1102 2252 lecisse;
1126 2184 1159 2236 et
1179 2174 1275 2238 simili

166 2275 262 2337 modo
283 2293 325 2337 ex
353 2294 468 2338 eorum
491 2277 689 2338 derivatione
712 2296 813 2357 quum
835 2277 889 2337 alil
920 2276 994 2337 lacti
1017 2282 1122 2336 essent
1141 2275 1277 2356 antitypi

165 2378 223 2449 eis,
246 2379 302 2456 qui
318 2395 417 2454 super
436 2396 490 2438 eos
510 2387 625 2451 essent,
644 2379 731 2441 aliud
752 2379 882 2439 tertium
904 2377 1101 2439 deformasse
1123 2376 1275 2453 eoelum;

165 2485 230 2538 eta
247 2479 343 2538 tertio
357 2478 509 2539 deorsum
525 2479 784 2540 descendentium
807 2486 975 2558 quartum,
1003 2486 1036 2538 et
1060 2478 1208 2553 deinceps
1229 2494 1277 2539 se·
1306 2475 1310 2485 '

163 2578 305 2640 cundum
328 2597 402 2641 enm
426 2580 556 2640 modum
579 2581 699 2640 alteros
717 2588 750 2640 el
773 2581 893 2640 alteros
910 2579 1071 2656 Principes
1085 2585 1119 2637 et
1132 2577 1273 2656 Angelos

163 2676 265 2740 iactos
278 2697 348 2741 esse
362 2678 473 2741 dicunt
485 2689 517 2741 et
532 2680 641 2741 coelos
651 2676 722 2742 365.
739 2677 950 2756 Quapropter
964 2687 995 2740 et
1012 2684 1059 2739 tot
1071 2677 1138 2740 dies
1153 2677 1273 2740 habere

30 2795 37 2810 ·
162 2796 282 2841 annum
303 2779 480 2841 secundnm
503 2797 674 2842 numerum
696 2782 863 2841 coelorum
886 2824 894 2839 .
919 2821 927 2838 .
951 2824 959 2841 .
984 2824 992 2841 .

243 2878 453 2958 «Principem
469 2899 584 2942 eornm
606 2882 662 2955 ait,
678 2882 734 2959 qui
748 2881 944 2961 judaeorum
968 2889 1103 2960 putatur
1126 2880 1213 2944 llens
1228 2899 1274 2944 es·

163 2999 209 3043 se.
226 2982 269 3043 At
289 2984 441 3059 quoniam
465 2981 595 3044 hiesuis
616 2983 811 3056 nominibus,
826 2982 908 3044 idest
922 2983 1049 3061 iudaeis
1071 2983 1176 3044 voluit
1199 2982 1274 3045 sub·

160 3081 262 3162 jicere
283 3091 407 3144 ceteras
434 3092 554 3161 gentes,
581 3084 726 3161 reliquos
750 3099 860 3144 omnes
884 3081 1047 3160 Principes
1076 3092 1187 3145 contra
1212 3092 1274 3144 ste·

168 3185 241 3245 tisse
262 3185 291 3246 ei
313 3194 345 3270 et
366 3193 477 3246 contra
500 3186 610 3263 egisse.
635 3172 843 3261 Quapropter
856 3192 888 3244 et
908 3184 1052 3260 reliquae
1074 3183 1275 3245 resiluerunt

166 3292 275 3360 gentes
308 3286 378 3364 eins
401 3287 497 3363 genti.
522 3303 539 3340 s
562 3283 682 3346 Deinde
704 3285 797 3347 docet
836 3287 981 3346 innatum
1007 3282 1133 3344 Patrem
1156 3285 1277 3345 misisse

159 3381 367 3457 Neronum,
390 3387 445 3462 qni
467 3391 516 3446 est
536 3383 696 3457 Christus,
719 3392 751 3446 et
773 3385 961 3470 apparuisse
987 3386 1019 3445 in
1045 3386 1141 3447 terris
1168 3384 1276 3463 specie

164 3492 257 3547 tenus
278 3487 455 3558 hominem,
476 3503 533 3546 nec
555 3486 627 3545 ideo
650 3503 777 3562 passum
799 3504 890 3564 esse3
913 3484 966 3547 sed
987 3483 1147 3547 Simonem
1163 3501 1276 3565 quem·

161 3585 235 3646 dam
251 3584 453 3667 Cyrenaeum
476 3595 620 3664 portasse
642 3603 772 3646 crucem
794 3585 878 3665 ejus,
895 3603 932 3648 ac
955 3603 1015 3662 pro
1037 3604 1076 3647 eo
1092 3585 1183 3646 eruci
1205 3584 1274 3649 ind·

163 3703 254 3747 xum.
278 3682 408 3745 Animas
429 3695 537 3747 autern
560 3686 766 3747 solummodo
787 3686 920 3758 salvari,
943 3694 975 3746 et
990 3702 1128 3765 corpora
1145 3685 1275 3748 minime

161 3795 400 3846 resurrectura.
418 3783 563 3848 Utuntur
584 3796 693 3848 aulem
710 3794 742 3847 et
759 3787 789 3847 hi
807 3789 908 3866 magia
927 3793 958 3848 et
973 3787 1163 3866 imaginihus
1178 3795 1210 3848 et
1230 3788 1276 3849 in·

159 3884 396 3945 cantationibus
418 3894 478 3947 etc.
505 3885 544 3947 m
561 3887 639 3948 haec
655 3886 830 3948 universim
855 3890 1062 3951 continentur
1089 3887 1120 3947 in
1147 3884 1275 3948 haeresi

157 3980 305 4045 Basilidis
326 3986 504 4048 secundnm
527 3987 688 4064 praefatos
709 3989 896 4064 scriptores.

238 4085 424 4167 Anonymus
447 4105 546 4166 porro
567 4089 714 4167 quamvis
736 4089 918 4167 longissima
952 4078 1150 4151 discussione
1172 4086 1271 4167 hujus

160 4180 321 4248 Haeretici
343 4197 473 4250 enarrat
494 4187 642 4267 dogmata
653 4207 665 4266 ;
690 4194 794 4251 tamen
816 4190 846 4250 io
869 4188 980 4251 multis
1002 4187 1190 4263 discordat,
1222 4185 1272 4250 vel
