2886 4784
184 471 318 544 partem
342 462 510 542 respondet
529 482 559 527 n.
577 458 607 534 i..
626 484 641 520 tt
661 458 705 525 ita
731 461 814 523 onim
835 461 981 542 proiecto
996 481 1065 527 sese
1083 485 1133 528 res
1150 465 1259 540 habet,
1275 479 1313 531 nt

187 575 266 646 post
289 567 408 657 Christi
430 571 461 630 in
482 568 594 631 orbem
618 576 781 631 terrarum
804 570 1002 646 adventum,
1026 588 1081 633 eos
1103 589 1231 646 omnes,
1253 571 1310 654 qni

188 680 268 751 post
288 672 413 749 priores
434 672 575 750 nuptias,
599 679 727 734 murina
750 689 869 744 uxore,
888 673 986 734 alteri
1008 691 1043 735 se
1065 676 1186 753 nuptiis
1207 675 1313 755 iiiiga·

189 771 271 843 rint,
292 773 490 834 sanctissima
514 770 571 834 Dei
594 772 759 851 disciplina
781 771 932 852 rejiciat:
956 784 1128 852 propterea
1151 775 1239 853 qnod
1265 776 1325 838 in»

190 872 358 936 credicitis
373 880 420 935 est
433 873 605 936 sacerdotii
627 875 733 937 honor
751 891 791 937 ac
812 873 958 954 dignitas.
979 875 1087 955 Atque
1104 875 1189 938 istud
1204 878 1310 956 ipsum

155 1008 166 1031 .
190 985 398 1038 sacrosancta
415 972 473 1038 Dei
490 973 633 1038 Ecclesia
656 992 731 1039 cnm
749 977 839 1038 omni
862 977 1063 1054 praevisione
1080 977 1232 1056 custodit.
1248 977 1311 1041 Sed

191 1095 269 1140 enm
290 1079 435 1155 insuper,
456 1077 512 1155 qni
533 1076 643 1139 adhuc
663 1077 696 1138 in
719 1079 925 1140 matrimonio
945 1077 1044 1157 degit,
1066 1095 1105 1141 ac
1124 1078 1235 1142 liberis
1255 1079 1313 1143 dai

190 1197 341 1257 operam,
366 1179 490 1241 tametsi
514 1181 612 1241 nnius
633 1180 746 1242 uxoris
766 1182 808 1242 sii
831 1180 893 1257 vir,
916 1197 1121 1260 nequaqnam
1145 1188 1251 1244 tamen
1271 1182 1312 1244 ad

191 1279 342 1352 diaconi,
366 1272 568 1369 presbyteri,
592 1283 751 1361 episcopi,
775 1290 831 1344 ant
854 1282 1067 1362 hypodiaconi
1088 1282 1235 1345 ordinem
1256 1282 1322 1344 ad··

191 1382 302 1445 mittit.
318 1379 380 1444 Sed
396 1401 471 1445 enm
487 1382 670 1457 dumtaxai,
689 1384 744 1462 qni
766 1382 807 1443 ab
830 1384 924 1446 unius
946 1385 1060 1448 uxoris
1078 1384 1312 1448 consuetudine

189 1502 225 1547 se
248 1483 469 1557 coniinuerit,
492 1494 548 1547 ant
571 1503 607 1546 ea
629 1486 670 1546 sit
691 1484 848 1547 ornatura
872 1485 958 1564 qnod
981 1486 1012 1547 in
1034 1486 1098 1549 iliis
1118 1485 1198 1562 iocis
1219 1503 1313 1566 prac-

189 1585 290 1666 cipue
305 1584 353 1657 di,
376 1585 432 1648 ubi
454 1585 661 1649 ecclesiastici
684 1604 820 1650 oenones
844 1596 998 1651 accuraie
1019 1596 1203 1652 serrantur.
1227 1605 1244 1646 s

274 1685 391 1764 Quoad
416 1706 494 1750 vero
515 1688 690 1750 secundam
713 1699 838 1767 partem
866 1690 905 1752 de
925 1689 1122 1773 presbyteris
1137 1707 1212 1753 cnm
1227 1707 1312 1754 uxo·

190 1808 228 1854 re
251 1788 435 1852 virentibus
457 1789 649 1870 respondet:
673 1811 691 1850 a
713 1808 776 1852 non
798 1791 880 1854 iiind
902 1810 942 1853 ex
965 1791 1160 1854 auctoritaie
1181 1791 1311 1855 canonis

189 1887 277 1963 deri,
300 1889 355 1952 sed
377 1899 513 1970 propter
535 1892 702 1955 hominum
725 1893 884 1972 ignasiam
897 1911 909 1972 ;
931 1909 1016 1972 qnae
1037 1893 1135 1954 certis
1157 1891 1311 1972 tempori·

189 1992 253 2055 bns
276 1992 478 2072 negligenter
498 2010 595 2071 agere
616 2012 654 2057 ac
676 1997 850 2057 connivere
870 1992 964 2064 solet,
980 1991 1023 2054 ob
1037 1992 1166 2054 nimiam
1188 1993 1312 2054 scilicet

190 2095 309 2176 popuii
332 2094 590 2169 multitudinem,
604 2114 679 2159 curn
696 2095 729 2170 it,
746 2095 802 2175 qni
824 2094 863 2157 ad
885 2113 940 2157 eas
960 2112 994 2157 se
1016 2094 1195 2156 iunctinnos
1208 2093 1313 2172 appii·
1374 2162 1377 2167 ,

188 2206 278 2270 cent,
300 2214 364 2258 non
386 2196 482 2259 iacilc
505 2197 728 2275 reperiuntur.
751 2194 847 2271 Quod
871 2195 910 2258 sd
934 2197 1034 2273 ipsam
1050 2194 1180 2272 quidem
1197 2191 1310 2256 Eccita·

186 2298 271 2361 siam
286 2298 411 2368 attinet,
430 2315 481 2370 ea,
499 2306 613 2375 ntpnte
627 2314 644 2358 a
660 2296 777 2361 Sancto
793 2296 914 2374 Spiritu
937 2295 1017 2357 bene
1038 2295 1184 2358 ordinata
1207 2302 1308 2373 atquc

188 2398 380 2469 constituta,
402 2397 488 2476 qnod
501 2397 678 2459 decentius
699 2406 746 2459 est
761 2395 910 2458 omnibns
925 2397 956 2457 in
972 2395 1068 2458 rebus
1089 2395 1307 2468 considerans,

188 2501 219 2564 ei
241 2501 291 2562 rei
312 2498 444 2562 studere
467 2500 666 2576 potissimum
692 2498 851 2575 institnii;
874 2506 909 2560 nt
932 2515 1016 2576 qnae
1046 2497 1155 2559 divino
1186 2498 1308 2560 numini

188 2601 369 2663 ministeria
388 2608 609 2678 praestantur,
632 2598 720 2660 nulia
746 2617 793 2671 ro,
816 2598 922 2678 quoad
946 2597 1016 2661 deri
1039 2606 1170 2675 potest,
1193 2599 1309 2660 distra-

189 2702 314 2763 itantur
335 2746 343 2761 .
367 2744 376 2762 .
402 2745 411 2763 .
436 2745 443 2761 .
465 2699 618 2764 Ceterum
635 2703 666 2763 in
682 2700 817 2778 popnio,
840 2707 975 2779 propter
989 2699 1060 2780 ejus
1075 2699 1306 2774 infirmiiatcm,

188 2799 326 2863 toierari
349 2799 432 2863 istnd
457 2808 578 2879 potest,
600 2808 639 2863 nt
659 2802 729 2880 qni,
753 2818 858 2862 uxore
880 2800 983 2879 prima
1005 2800 1146 2864 contenti
1161 2817 1307 2864 essenon

187 2910 340 2982 posenni,
361 2919 398 2964 ea
421 2913 566 2975 mortno,
587 2902 762 2964 secundam
785 2901 844 2963 sibi
866 2902 1032 2978 copulent.
1055 2920 1072 2959 u

269 3000 311 3065 Et
333 3005 364 3063 in
388 3003 435 3064 itis
456 3022 534 3065 sane
552 3001 720 3081 Epiphanii
737 3002 828 3064 dictis
842 3003 998 3065 adversus
1019 3003 1208 3066 novatianos
1221 3006 1310 3067 arni·

189 3112 259 3176 tnr,
280 3120 348 3182 qno
370 3104 501 3181 proprie
520 3111 648 3164 vertunt
669 3099 827 3185 Anonymi
850 3103 1101 3176 criminationes,
1115 3111 1149 3166 et
1170 3121 1308 3183 quomo·
1342 3128 1345 3134 ·

184 3203 230 3266 do
252 3202 421 3277 expositae
442 3204 504 3264 sint
525 3213 558 3264 et
578 3202 736 3266 adauctae
758 3212 869 3264 contra
893 3203 1046 3264 historiae
1066 3204 1248 3277 veritatem,
1266 3205 1308 3266 si·

188 3321 230 3365 ae
245 3303 349 3366 roiate
370 3304 409 3364 ad
434 3311 573 3381 tempus,
595 3303 663 3365 sire
683 3303 723 3364 ad
745 3303 831 3375 inca,
848 3304 916 3366 siae
931 3304 970 3364 ad
986 3320 1138 3382 personas
1158 3312 1190 3366 et
1210 3322 1308 3384 pecn-

184 3404 288 3466 iiares
310 3423 426 3468 casnsr
449 3423 552 3485 qnare
574 3406 640 3483 ipse
663 3406 789 3484 penitus
803 3404 921 3466 illusus
936 3411 996 3479 esi,
1014 3404 1090 3466 talia
1107 3404 1306 3485 redarguens

183 3504 218 3567 in
241 3502 366 3570 Callisti
386 3503 508 3567 achoia.
534 3503 659 3568 Nniiibi
681 3506 765 3566 enim
788 3504 910 3582 iegitur
930 3522 989 3568 nec
1010 3506 1071 3566 sub
1093 3521 1133 3567 co
1151 3502 1305 3568 Pontidce

184 3622 249 3669 nec
270 3605 334 3668 snb
354 3602 522 3680 Cornelio,
545 3622 604 3668 nec
623 3605 773 3683 deinceps
796 3604 951 3683 incepisse
975 3605 1061 3669 siros
1082 3607 1141 3668 etsi
1163 3605 1306 3682 bigamos

186 3706 242 3770 rei
266 3708 420 3787 trigamos
441 3708 657 3786 episcopatus,
680 3705 937 3788 presbyteratus,
963 3706 1013 3768 vei
1036 3707 1225 3769 diaconatus
1248 3706 1306 3769 mi-

186 3806 323 3871 nistcric
345 3806 457 3886 iungi3
479 3807 533 3868 sed
556 3806 653 3868 aiiter
675 3814 761 3884 potet
784 3803 950 3868 Ecclesiae
970 3824 1109 3869 canones
1123 3817 1307 3886 exapeste-
1363 3843 1365 3846 >

183 3907 252 3971 lica
277 3908 450 3971 iraditicne
470 3908 609 3970 tirmiter
632 3909 707 3970 huic
729 3908 775 3970 roi
799 3908 964 3981 restitisse,
987 3907 1158 3970 dumtaxat
1174 3908 1308 3987 quibus·

185 4007 265 4071 dam
285 4013 430 4090 exceptis
452 4010 580 4073 casibus
602 4019 633 4072 et
655 4010 755 4072 iocis:
788 4008 855 4084 nbi,
881 4016 918 4072 ni
939 4011 1044 4089 inquit
1063 4026 1089 4072 a.
1112 4006 1305 4089 Episcopus,

184 4111 386 4196 presbyteri,
408 4111 533 4176 diaconi
555 4120 587 4177 et
608 4111 835 4194 hypodiaconi,
857 4113 1006 4191 quamvis
1028 4110 1188 4174 uxoribus
1208 4113 1306 4176 coira-

183 4211 340 4293 bitanics,
362 4231 443 4295 onas
465 4224 559 4282 antea
581 4213 757 4289 duxerant,
780 4213 957 4278 ministerio
977 4231 1072 4278 sacro
1092 4211 1212 4278 dabant
1230 4231 1306 4292 ope·
