2886 4784
1121 297 1183 368 129

54 406 273 488 chronologia
296 408 422 488 imperii
444 401 613 472 Commodi
635 408 720 470 circa
745 408 836 471 istius
869 413 955 487 gesta
989 423 1064 485 erga
1097 408 1183 469 chri·

57 513 199 576 stiauoa·
1052 500 1055 504 ’

146 613 226 675 item
258 612 360 691 iuquit
386 609 599 692 donamus,
629 607 879 688 Carpophorum
911 607 1045 673 Callisto
1076 618 1183 689 utpote

55 712 237 778 christiano
257 731 417 777 summam
440 716 593 792 pecuniae
617 712 701 774 haud
725 728 857 790 parvam
880 711 1063 773 credidisse.
1088 711 1180 774 Atta·

59 834 136 878 man
158 816 256 895 paulo
278 802 348 894 post
370 833 480 878 eoram
505 811 663 876 Fusciano
687 812 775 875 urhis
801 811 965 891 praelecto
995 813 1180 875 obtestatur

59 917 306 996 Carpophorus,
323 916 491 981 Callistum
514 935 575 977 non
597 934 665 977 csse
681 915 902 977 christianum.
924 913 1058 993 iusuper
1074 917 1119 977 ait
1136 912 1179 975 A·

61 1037 233 1102 unnymus,
251 1018 514 1098 Carpophorum,
532 1036 606 1080 cum
621 1036 638 1079 a
655 1034 750 1079 servo
766 1015 900 1078 Callisto
918 1019 1066 1094 exigeret
1082 1032 1179 1094 pecu-

60 1120 148 1180 niam
170 1121 199 1181 ci
221 1120 436 1191 commissam,
460 1137 517 1180 uec
539 1119 672 1180 haberet
695 1118 779 1180 unde
802 1117 975 1192 redderet,
998 1116 1036 1177 ad
1060 1116 1180 1178 molam

60 1221 246 1299 damnasse;
262 1239 299 1282 ao
317 1222 442 1283 tandem
463 1223 601 1285 iretrnm
625 1222 773 1300 precihus
791 1221 910 1282 victum
926 1216 1177 1298 Carpophorum

60 1322 207 1403 jussisse,
231 1330 267 1384 ut
289 1340 305 1383 a
329 1340 429 1401 poena
452 1324 682 1385 exsolveretur
702 1320 869 1392 Callistus,
892 1338 909 1382 e
931 1337 1064 1383 carcere
1079 1318 1181 1380 abdu-

62 1430 148 1486 ctus.
170 1420 203 1484 Si
224 1423 352 1486 soldius
374 1422 435 1486 init
456 1442 474 1486 e
496 1424 629 1502 pistrino
651 1422 805 1486 Callistus
817 1442 828 1501 ;
851 1439 912 1484 our
932 1423 1053 1495 statim,
1077 1420 1181 1500 inquit

64 1524 277 1616 Anonymus,
293 1542 355 1587 nou
378 1529 520 1604 potuisse
541 1522 712 1588 Callistum
735 1523 860 1602 lugere,
876 1522 1018 1602 eoquod
1042 1522 1104 1584 suh
1125 1540 1182 1584 ou·

61 1624 167 1688 studia
191 1623 304 1702 toret?
327 1623 368 1687 llt
389 1625 540 1703 amplius,
563 1625 588 1686 si
612 1622 764 1688 Callistus
785 1642 802 1686 a
826 1623 1039 1704 Carpophoro
1071 1641 1184 1685 mauu·
1219 1647 1221 1651 ’

64 1726 204 1799 missus,
226 1744 420 1808 synagogam
441 1726 637 1807 judaeorum
659 1725 749 1787 adire
771 1727 888 1804 potuit,
910 1743 1048 1805 eamque
1072 1724 1182 1786 turha·

62 1844 126 1906 re;
149 1829 307 1907 potuisset
327 1845 459 1908 qnoque
473 1829 498 1890 si
517 1828 671 1889 voluisset
687 1827 796 1905 lugam
813 1828 982 1906 arripere,
998 1826 1125 1904 longius
1141 1823 1181 1885 ah

63 1929 150 1990 urhe
171 1928 348 2003 discedere,
369 1938 401 1991 et
421 1947 455 1991 se
476 1929 669 1991 subtrahere
690 1945 707 1988 a
730 1928 849 1991 domiui
871 1928 921 1988 sui
946 1926 1180 1988 vexationibus.

66 2027 256 2102 Praeterea,
279 2032 303 2091 si
327 2030 571 2110 Carpophorns,
594 2037 698 2108 utpote
717 2026 884 2107 deniquae,
910 2028 1059 2106 precihus
1085 2022 1185 2089 Calli·

62 2131 104 2195 sti
123 2132 238 2203 victus,
252 2129 349 2210 jussit
370 2149 443 2192 eum
460 2131 600 2205 dimitti;
619 2148 681 2192 cnr
696 2136 805 2207 postea
824 2136 886 2188 tam
900 2128 982 2189 dure
998 2144 1108 2188 coram
1125 2127 1181 2188 tri·

62 2231 177 2295 hunali
198 2231 354 2295 adversus
375 2248 506 2293 serrum
527 2248 623 2293 snum
640 2231 769 2304 clamat,
789 2238 823 2291 ut
840 2247 940 2308 poena
959 2228 1131 2303 multetur,
1148 2236 1182 2291 et

64 2333 270 2407 obtestatur,
300 2351 374 2395 eum
405 2350 466 2393 nou
497 2351 565 2394 esse
593 2329 832 2394 christianum?
854 2331 1020 2410 itemque,
1043 2333 1068 2392 si
1098 2329 1183 2392 chri·

63 2436 189 2497 stianus
210 2452 273 2496 nou
289 2441 359 2495 erat
375 2431 539 2506 Callistus,
560 2442 638 2495 teste
654 2432 867 2513 Carpophoro
884 2434 1013 2496 domiuo
1033 2450 1105 2503 sno,
1122 2449 1183 2494 cor

65 2532 182 2598 Victor
205 2532 289 2613 l'apa
312 2533 437 2596 Callisti
461 2552 574 2595 nomen
598 2534 628 2594 iu
650 2535 900 2597 christianorum
922 2552 1060 2596 numero
1079 2534 1182 2605 siluit,

63 2653 130 2698 uon
151 2635 238 2715 qnod
255 2643 384 2709 putaret
400 2652 474 2697 eum
491 2654 552 2697 uon
574 2653 642 2697 asse
663 2636 884 2709 christianum,
902 2636 955 2697 sed
973 2635 1060 2715 qnod
1082 2636 1182 2713 ipsius

63 2735 208 2797 novisset
230 2732 398 2798 facinora?
421 2733 459 2796 Et
482 2754 542 2800 cur
558 2735 670 2798 Victor
686 2746 749 2800 tam
765 2736 902 2798 sollicite
924 2755 958 2797 se
980 2737 1074 2814 gessit
1095 2735 1180 2796 circa

67 2838 177 2901 virum
200 2836 365 2898 ethnicum
380 2846 412 2897 et
428 2837 595 2915 pravum?
618 2838 655 2900 Et
671 2837 834 2917 quomodo
853 2837 965 2898 deinde
981 2834 1182 2918 Zephyriuns

67 2938 176 3000 virum
198 2955 357 3016 paganum
373 2939 430 2998 sihi
446 2941 547 3001 sociat
562 2943 593 3000 in
608 2937 773 3001 Ecclesiae
789 2940 954 3016 regimine,
974 2937 1075 2998 donec
1093 2936 1179 2999 Petri

65 3036 263 3102 Cathedram
296 3050 366 3118 post
394 3039 465 3118 ejus
496 3039 619 3102 ohitnm
652 3040 830 3102 ascenderit
861 3040 891 3098 in
926 3038 1181 3114 profanationem

67 3139 161 3203 illins
182 3141 341 3214 nominis,
365 3142 422 3219 qui
445 3131 665 3205 aano'dtxn:
687 3159 780 3218 posce
800 3158 870 3200 oves
891 3134 1004 3200 meas?

149 3239 285 3319 Insuper
305 3242 470 3320 singulare
492 3261 567 3304 sane
599 3251 793 3321 reputatur,
823 3258 881 3302 nec
906 3239 978 3300 ideo
1009 3239 1183 3318 transigen-

64 3341 159 3415 dum,
175 3341 262 3420 quod
278 3351 389 3405 narrat
405 3341 594 3424 anonymus
610 3362 637 3405 c.
658 3341 697 3404 ll.
715 3362 746 3404 n.
762 3341 793 3405 2.
811 3342 850 3402 de
872 3341 970 3421 hujus
986 3341 1183 3402 callistianae

63 3453 175 3506 sectae
197 3442 319 3505 Romae
340 3449 416 3506 ortn
438 3454 470 3505 et
492 3445 741 3524 propagatione:
766 3445 819 3506 cni
840 3461 949 3505 omnes
966 3444 996 3503 iu
1013 3441 1093 3504 urhe
1109 3444 1183 3518 (ea-

65 3543 167 3625 captr's
187 3542 276 3606 nodis
298 3547 337 3608 de
357 3565 391 3608 se
413 3545 478 3623 ait)
501 3546 731 3608 adhaerebant.
755 3545 796 3608 Et
816 3546 858 3607 oh
885 3546 947 3606 hoc
970 3543 996 3607 is
1019 3545 1108 3606 solus
1138 3551 1184 3604 te-

62 3654 176 3709 statur
194 3665 228 3708 se
250 3647 410 3725 impavide
433 3658 627 3726 pugnantem
651 3649 732 3710 hanc
749 3647 907 3710 refutasse
925 3647 1094 3708 haeresim.
1113 3644 1183 3724 lpse

61 3749 157 3812 solus
180 3749 368 3830 anonymus
391 3750 420 3808 in
443 3749 547 3809 medio
571 3750 659 3810 urhis
685 3766 793 3809 veram
816 3739 912 3808 fidem
928 3746 1094 3809 confessus
1110 3754 1183 3821 est3

62 3866 143 3911 cnm
166 3850 264 3910 ceteri
287 3845 488 3931 Zephyrium
507 3848 590 3927 Papa
607 3856 639 3910 et
654 3850 774 3922 clerus,
794 3849 967 3927 cunctique
985 3847 1097 3907 fideles
1112 3843 1185 3907 Cal·

60 3948 134 4010 listi
156 3948 280 4010 haeresi
302 3948 534 4011 inficioreutur.
560 3946 650 4011 Unus
671 3950 712 4009 ab
734 3949 823 4009 initio
855 3947 956 4010 seculi
982 3945 1035 4007 lll.
1061 3943 1183 4006 Romae

57 4049 284 4126 orthodoxus,
306 4059 338 4112 et
360 4051 478 4129 reliqui
502 4052 665 4113 haeretici.
690 4048 780 4121 Unus
803 4049 958 4128 pugnavit
981 4056 1093 4109 contra
1115 4064 1184 4108 om·

59 4168 134 4212 nes.
159 4147 300 4230 ideoque
322 4168 363 4213 ex
384 4151 439 4213 illa
462 4151 579 4230 ingenti
598 4151 718 4215 Romae
734 4150 986 4214 christianornm
1003 4145 1183 4209 multitudi-

979 4245 999 4310 9
