2886 4784
1228 371 1284 451 ¹85

157 479 321 556 locutus,
345 479 507 560 apostolos
530 498 659 562 sompes·
681 498 758 545 vcra
780 481 889 544 dicore
911 477 1112 543 affirmavit?
1136 478 1283 561 reliquos
1383 553 1387 561 ¹

162 603 248 646 seco
272 591 465 663 tractatores
487 585 517 645 in
543 583 736 664 qssihnsdam
759 590 796 645 ut
818 583 961 644 homines
984 579 1204 643 abcccacc‘l»
1236 579 1279 644 Et

162 688 244 766 quid
269 687 412 758 mirum,
435 688 460 748 si
483 689 555 749 idco
578 689 602 748 is
624 697 657 749 ut
681 688 777 747 homo
800 689 830 748 in
853 686 914 745 hoc
940 681 1127 756 abortavit,
1150 696 1225 745 cum
1248 683 1279 744 in

160 791 282 852 ceteris
304 796 335 849 et
357 787 557 867 potissimum
580 791 610 850 in
632 789 732 850 sactis
747 787 923 865 scripturis
947 784 1143 864 exponendis
1165 783 1286 846 Docto·

162 908 234 953 rem
256 890 434 951 maximnm
467 891 631 969 praedicet
654 888 828 952 Ecclesia?
852 887 963 950 Nonne
995 886 1139 966 ejusdcm
1171 884 1286 948 Eccle-

165 993 235 1054 siae
256 991 384 1053 decoris
406 992 505 1071 magis
528 995 672 1063 interest,
689 999 726 1053 ut
748 1008 831 1052 unns
853 1009 893 1052 ex
916 988 1067 1052 Patribus
1089 988 1210 1066 aliique
1232 1005 1290 1066 po·

164 1102 234 1154 stea
258 1111 334 1155 com
356 1112 395 1155 eo
417 1102 448 1155 et
469 1111 528 1172 pcc
549 1111 622 1155 cum
645 1094 795 1155 dicantur
815 1093 925 1165 illusi,
948 1108 1045 1171 quam
1069 1097 1173 1152 tantos
1196 1088 1283 1150 viros

168 1196 319 1258 doctrina
343 1202 373 1256 et
395 1196 513 1274 pietate
535 1197 682 1269 eximios,
706 1213 778 1258 reos
800 1194 831 1255 in
849 1193 1008 1274 judicium
1034 1209 1150 1257 vocare
1173 1199 1209 1254 ut
1231 1191 1288 1252 im·

169 1300 329 1377 pietatum
353 1295 550 1376 magistros?
1126 1362 1129 1366 ,
1165 1360 1169 1366 ,

251 1396 394 1478 ideoque
414 1401 456 1461 oh
478 1400 592 1462 oculos
614 1406 741 1461 nostros
763 1398 827 1460 huc
849 1397 955 1460 denuo
982 1395 1201 1461 revocandum
1224 1403 1286 1469 est,

167 1498 257 1577 quod
281 1500 321 1559 ah
344 1501 434 1562 initio
456 1498 547 1561 'lomi
572 1499 595 1560 l.
612 1502 721 1572 citavi,
736 1497 855 1563 Gelasii
881 1497 985 1579 Papae
1008 1497 1033 1559 l.
1054 1498 1223 1560 decretum
1243 1495 1286 1558 Da

165 1598 381 1663 anathematis
402 1600 555 1664 vineato:
581 1623 597 1660 a
621 1600 764 1674 urrann,
787 1603 843 1675 ait,
866 1600 1009 1680 praelixa
1033 1607 1079 1663 est
1103 1600 1285 1662 damnatio·

170 1704 219 1762 nis
242 1720 343 1781 poena
367 1747 374 1763 .
400 1749 408 1766 .
433 1747 441 1764 .
465 1749 471 1762 .
495 1702 566 1766 Non
589 1704 710 1766 erranti
735 1720 812 1764 ccco
833 1720 892 1763 nec
917 1720 1018 1781 poena
1051 1720 1120 1764 esse
1154 1708 1286 1780 potest,

167 1821 254 1883 quae
277 1824 338 1866 non
362 1806 482 1868 erranti
505 1825 567 1868 non
590 1804 727 1868 debetur
750 1804 873 1865 inlecti.
892 1803 960 1868 Nec
976 1811 1124 1866 mutatur
1139 1803 1195 1865 illa
1218 1821 1287 1864 om·

169 1907 266 1982 nino;
291 1907 524 1980 nesscimus,
547 1925 631 1986 qssac
653 1905 790 1968 debetur
821 1903 954 1966 erranti.
972 1903 1007 1966 ln
1037 1923 1097 1967 suo
1127 1921 1204 1983 crgo
1240 1909 1286 1964 te·

166 2024 248 2067 unco
269 2006 323 2067 illa
337 2007 490 2085 'praelixa
515 2019 584 2069 est:
609 2010 638 2069 in
660 2025 720 2071 suo
738 2007 814 2087 jure
837 2025 898 2068 non
916 2014 1020 2085 potest
1034 2008 1164 2069 omnino
1184 2004 1286 2067 cesol-

171 2107 212 2167 vi.
240 2104 274 2167 ln
296 2126 358 2169 nnn
380 2124 440 2170 sun
464 2116 595 2180 tenore,
617 2127 700 2189 quae
722 2126 790 2170 esso
811 2125 873 2169 uon
895 2117 1022 2186 potest,
1046 2105 1113 2187 jam
1146 2104 1285 2166 docetur
1389 2184 1393 2191 .

169 2223 242 2268 csse
263 2214 442 2269 evacuatas
466 2216 496 2268 et
515 2208 569 2288 ins
591 2208 658 2270 illic
679 2208 804 2286 penitus
827 2224 889 2269 non
913 2205 1055 2283 hahere,
1078 2205 1133 2268 ubi
1155 2222 1286 2269 causam

171 2322 237 2368 nou
260 2306 357 2368 habet
378 2308 545 2370 existendi.
569 2327 585 2365 n

251 2405 293 2471 lit
315 2409 442 2472 honest
465 2409 552 2490 quod
574 2427 615 2472 ox
638 2407 790 2488 praetatis
812 2407 1062 2473 discussionibus
1084 2407 1284 2472 domonstra-

171 2515 243 2571 tnm
266 2517 335 2581 est,
358 2518 394 2571 ut
413 2510 489 2590 iure
511 2518 692 2577 evacuetur
720 2510 887 2573 decretum
916 2508 1128 2572 damnationis
1152 2508 1285 2590 Origeni

169 2607 322 2681 indictae,
345 2611 510 2672 monachis
531 2611 699 2691 aegyptiis,
722 2609 858 2690 aliisquo
873 2609 1019 2691 cujusvis
1032 2612 1158 2685 aetatis,
1173 2611 1230 2690 qui
1245 2609 1286 2672 ad

170 2709 254 2772 hane
274 2728 379 2790 usque
399 2710 483 2774 diem
505 2709 637 2790 Origeni
659 2713 851 2792 patrocinati
873 2712 958 2775 sunt.
982 2710 1055 2774 Non
1077 2711 1160 2773 enim
1190 2711 1286 2774 hahet

171 2810 247 2873 talis
268 2828 370 2890 poena
392 2829 524 2875 causam
545 2821 577 2875 et
595 2812 650 2891 jus
671 2813 828 2876 existendi
851 2814 882 2874 io
905 2814 954 2888 iis,
970 2813 1025 2892 qni
1041 2829 1103 2874 non
1119 2819 1284 2885 errarunt,

169 2925 231 2973 nec
252 2913 373 2974 erranti
395 2922 636 2975 consenserunt.

252 3011 436 3077 Novissima
465 3015 568 3105 absit,
591 3023 628 3078 ut
660 3015 732 3078 idco
754 3017 783 3075 in
804 3013 967 3077 oblivione
988 3016 1115 3095 penitus
1138 3013 1286 3076 desecan-

173 3117 229 3171 tua·
250 3109 470 3194 chrysostomi
493 3114 667 3194 appellatio
690 3115 727 3175 ad
751 3114 950 3189 Concilium,
973 3123 1006 3177 et
1028 3113 1202 3176 innocentii
1226 3113 1286 3176 Pa·

174 3231 235 3291 pac
256 3213 423 3278 decretum
446 3236 506 3295 pro
534 3217 663 3301 Synndo
692 3214 940 3280 Thessalonicae
971 3215 1141 3279 adunanda
1169 3223 1282 3277 contra

171 3311 387 3393 Theophilum
398 3336 409 3395 3
430 3317 483 3379 uhi
506 3327 537 3379 ct
559 3316 701 3397 ejusdem
718 3315 849 3380 ioannis
865 3327 894 3378 ct
916 3315 1147 3380 monachorum
1164 3324 1196 3378 et
1211 3312 1285 3378 hinc

172 3417 354 3477 necessario
376 3417 475 3495 ipsius
496 3415 646 3496 Origcnis
666 3419 813 3498 quaestio
835 3417 1062 3498 pertractanda
1083 3426 1174 3496 ccat;
1207 3434 1281 3479 cum

170 3524 201 3575 ct
225 3522 300 3576 ante
321 3523 351 3576 et
374 3525 444 3594 post
468 3516 641 3580 iunocentii
663 3517 787 3581 obitum
823 3519 971 3597 impedita
1007 3517 1107 3581 tuerit
1140 3527 1208 3580 tum
1240 3517 1283 3579 oh

169 3611 540 3695 Theophiliambitum,
562 3637 637 3682 cum
659 3619 701 3681 ob
726 3620 838 3682 ltaliae
863 3620 1063 3682 calamitates
1083 3630 1115 3681 et
1144 3619 1284 3681 maxime

170 3716 406 3794 donatistarum
429 3720 576 3780 schisma.
594 3717 699 3794 hosii,
726 3723 869 3800 inquam,
898 3730 935 3784 ut
956 3723 986 3784 in
1009 3721 1171 3783 oblivione
1193 3719 1286 3783 dere-

167 3816 361 3895 linquatur,
384 3820 470 3898 quod
490 3819 569 3900 jure
594 3823 776 3900 meritoque
807 3821 1057 3904 chrysostomus
1088 3822 1208 3902 aliique
1240 3821 1283 3898 pii

167 3919 311 3997 episcopi
335 3937 393 3997 pro
414 3938 470 3993 se,
500 3939 560 3998 pro
593 3923 757 3984 monachis
778 3930 810 3984 et
832 3941 891 4001 pro
912 3924 1052 4002 Origene
1074 3923 1114 3984 ab
1136 3921 1282 3986 Ecclesia

167 4015 336 4080 Catholica
361 4021 568 4098 postularunt
590 4023 620 4083 iu
645 4000 799 4102 pechdiae
831 4023 1007 4100 ultionem,
1030 4024 1061 4086 in
1084 4023 1283 4087 innocentiae

167 4122 329 4191 tutamen,
351 4128 382 4181 et
404 4121 434 4182 in
454 4120 598 4200 justitiae
619 4121 803 4187 decorem(

247 4215 309 4282 Sed
332 4222 409 4300 quid
430 4221 504 4287 dico
524 4222 747 4309 chrysostomi
765 4226 1013 4309 appellationem
1029 4228 1068 4291 ad
1085 4226 1279 4304 Concilium,
