2886 4784
162 463 242 528 tioni
264 480 440 527 comonnm
464 471 529 536 cst,
552 462 621 538 illl,
644 465 700 545 qni
723 466 764 527 ob
787 465 903 528 Christi
925 467 1090 546 sequelam
1113 483 1176 529 nna
1199 484 1273 550 cnm

160 575 253 643 petre
275 573 308 626 et
330 572 432 628 matre
454 563 521 627 odit
542 582 675 644 quoquc
698 584 835 629 uxorem
858 573 890 626 et
911 565 951 626 ab
965 584 1000 628 ea
1017 575 1201 644 separatur,
1218 583 1275 629 ne·

159 683 327 745 quaquam
343 665 384 727 ob
400 665 481 726 harre
496 665 730 742 separationem
753 664 980 745 comprehendi
1003 665 1128 728 licitum
1152 685 1273 730 novum

162 767 365 848 coniugium.
389 763 488 830 Secns
511 766 595 828 enim
616 768 819 845 arguendum
841 772 936 837 esset,
958 763 1131 829 Dominum
1156 767 1276 832 dixisse

162 868 331 948 discipulis
352 868 439 932 suist
463 869 520 948 qui
541 868 658 943 oderit,
676 868 743 929 siue
767 867 1000 931 renuntiaverit
1021 869 1117 948 patri,
1135 871 1227 934 matri
1244 877 1277 936 et

161 970 262 1034 nxori
284 975 419 1048 propter
441 986 504 1043 me,
527 967 628 1030 alium
651 976 792 1047 patrem,
814 977 952 1030 matrem
966 979 1007 1030 ‘et
1029 988 1166 1032 uxorem
1193 969 1277 1034 accl-

162 1073 230 1152 piet
252 1071 283 1134 in
305 1071 366 1135 hac
387 1071 465 1137 uita.
489 1068 561 1133 Hoc
581 1079 691 1133 antem
713 1089 776 1132 non
798 1070 911 1132 docuit
931 1068 1102 1150 Christus3
1133 1071 1188 1134 sed
1222 1090 1276 1134 ne·

161 1175 345 1236 cessitatem
365 1173 532 1252 discipulis
552 1173 619 1236 suis
640 1173 818 1235 inculcavit
838 1190 968 1235 manere
984 1172 1024 1234 ab
1038 1174 1187 1237 omnibns
1211 1180 1274 1237 ter·

164 1277 253 1340 renis
272 1294 311 1336 ac
332 1274 428 1337 etiam
449 1272 491 1335 ab
514 1292 620 1336 uxore
640 1275 772 1348 diuisos,
795 1274 927 1353 qnando
948 1282 1111 1353 oporteat,
1128 1274 1170 1336 ob
1186 1273 1279 1338 Clari·

159 1377 205 1439 sti
227 1374 334 1438 iidem.
357 1373 438 1438 item
459 1393 477 1439 a
501 1375 570 1453 pari
592 1375 797 1452 intelligitur,
821 1376 907 1453 qnod
931 1375 1046 1437 ibidem
1077 1377 1170 1439 docel
1194 1367 1280 1444 Besi-

161 1479 290 1544 liusde
310 1479 513 1557 separatione
536 1479 631 1542 nnius
651 1477 796 1557 conjugis
818 1478 858 1538 ab
880 1479 985 1541 altero
1011 1490 1145 1558 propter
1178 1481 1279 1546 iorni·

162 1581 347 1652 ostionem,
378 1579 473 1642 sicuti
504 1579 690 1643 luculenter
721 1581 751 1640 io
774 1578 974 1645 Conone-21.
998 1581 1152 1659 epistolae
1175 1580 1215 1645 ll.
1238 1586 1280 1648 si·

163 1681 353 1760 unificavit:
376 1679 427 1744 eir
447 1699 532 1757 vero,
555 1683 725 1760 iuquiens,
745 1681 899 1759 pollutam
920 1679 1079 1743 adulterio
1098 1702 1119 1744 c
1139 1683 1281 1749 domibus

161 1780 237 1844 ruis
257 1779 413 1854 dimitte&
435 1783 513 1862 quin
536 1790 642 1846 tameo
662 1783 771 1845 uentri
785 1782 888 1845 liceat
908 1780 997 1844 alind
1019 1802 1180 1862 quaerere
1206 1805 1282 1851 con·

164 1885 314 1947 nubium.

180 2025 184 2035 ·
250 1983 307 2046 His
330 1987 372 2046 ita
395 1984 560 2064 expositis,
574 2003 616 2046 ex.
637 1985 742 2064 primo
756 1983 866 2048 Titulo
883 1987 989 2064 quoad
1008 1986 1138 2048 thalami
1152 2007 1283 2068 separe·

170 2088 291 2149 tianeus
314 2087 357 2147 ob
379 2087 578 2149 adulterium
601 2094 633 2148 et
654 2089 780 2166 pietatis
803 2064 1081 2166 impedimentum]
1096 2107 1159 2151 non
1174 2091 1280 2154 solnm

164 2190 297 2252 eruitur
318 2183 427 2252 Basilii
448 2189 594 2250 doctrina
615 2184 654 2249 de
676 2189 795 2267 nuptiis
816 2187 1059 2264 insolubilibus,
1082 2192 1135 2252 sed
1159 2200 1191 2253 et
1212 2210 1280 2256 am·

167 2292 271 2372 plius,
291 2291 378 2370 quod
402 2293 614 2370 quaerimus,
634 2290 792 2368 originale
816 2288 970 2352 Matthaei
995 2275 1212 2355 testimoninm
1234 2315 1282 2357 se·

166 2395 312 2458 cundum
332 2402 492 2458 vetustam
507 2393 676 2457 lectionem
692 2411 749 2454 seu
773 2392 802 2453 in
825 2413 853 2456 c.
871 2391 909 2455 V.
930 2394 979 2455 uel
995 2391 1080 2456 xlx.
1097 2394 1285 2476 paleamque

166 2493 331 2560 dimiserit
350 2514 482 2559 urrerem
503 2515 605 2572 auom,
622 2505 749 2574 excepta
763 2493 984 2576 fornicationis
997 2516 1109 2573 causo,
1123 2497 1201 2577 facit
1216 2518 1284 2562 ram

158 2594 335 2666 momdori.
360 2597 565 2678 Proindeqne
586 2616 714 2668 eorum
738 2616 822 2674 qnae
842 2608 1027 2677 sequnntur
1047 2601 1258 2664 immediate
1247 2621 1283 2663 an

164 2700 281 2783 Capite
303 2699 329 2762 l.
347 2699 495 2777 (alterins
516 2700 686 2777 scriptoris
706 2709 739 2761 et
760 2703 874 2763 aetatis
895 2677 1080 2780 opnsipars
1097 2704 1196 2778 prima
1216 2706 1285 2768 nni·

166 2802 286 2866 versim
309 2801 459 2864 convenit
482 2801 587 2864 titulo.
614 2801 692 2864 Pars
717 2820 794 2863 vero
816 2801 969 2878 secunda,
994 2803 1048 2864 nbi
1071 2813 1215 2867 conserta
1237 2813 1287 2869 ert

166 2902 305 2982 vulgata
327 2904 425 2966 lectio
448 2905 600 2973 uersiculi
616 2901 651 2969 9.
666 2920 696 2964 c.
713 2900 801 2965 xlx.
822 2904 921 2965 ueluti
937 2904 1037 2965 inanis
1060 2907 1210 2983 repetitio
1231 2926 1285 2968 an·

165 3005 344 3068 decedentis
358 3008 529 3076 sermonis,
548 3005 746 3084 reprobatur
760 3005 801 3065 ab
819 3003 1003 3067 Editoribus
1025 3007 1196 3068 maurinis:
1214 3009 1286 3088 qni·

165 3108 231 3173 bns
254 3107 478 3186 suffragantur
498 3107 565 3169 dno
586 3107 734 3181 codices,
758 3106 929 3184 inquibus
961 3124 997 3168 ea
1023 3107 1120 3169 uerba
1152 3108 1280 3173 desunt.

255 3207 291 3270 ln
306 3207 454 3273 'illalum
471 3227 549 3272 vero
564 3209 755 3281 seeundum,
769 3208 823 3269 ubi
841 3207 989 3270 absolute
1005 3208 1083 3270 dicit
1094 3227 1118 3271 s.
1130 3207 1286 3272 Basilina:

163 3331 187 3369 u
209 3309 295 3388 quod
315 3327 381 3370 uou
402 3308 475 3372 lieet
495 3305 667 3372 dimittenti
687 3325 818 3370 uxorem
838 3303 1059 3394 sermotiem
1079 3309 1212 3371 ducere.-
1233 3327 1286 3370 ne·

163 3426 228 3493 quc
249 3409 413 3475 dimissam
435 3432 455 3473 a
476 3409 546 3473 uiro
566 3412 604 3472 od
625 3409 691 3473 clio
712 3407 790 3470 duci
802 3452 813 3481 ,
835 3416 866 3470 et
888 3409 949 3471 hoc
969 3409 1148 3473 seeundum
1177 3409 1285 3476 Lucae

163 3517 410 3578 testimouium:
433 3512 622 3626 quicumque
642 3510 775 3575 dimittit
763 3523 920 3574 tumorem
932 3530 1026 3575 suum
1039 3521 1069 3573 et
1082 3513 1130 3575 cit
1118 3524 1215 3577 terum
1229 3517 1288 3578 du·

165 3610 224 3691 cit,
247 3616 442 3691 moechetur,
456 3627 484 3679 et
485 3613 560 3715 qui
580 3614 743 3678 dimissam
758 3635 778 3675 o
789 3611 858 3675 viro
871 3613 973 3685 ducit,
990 3614 1182 3689 moechetur,
1198 3617 1285 3681 dno·

160 3710 286 3802 nymns
301 3720 376 3778 inc
393 3717 425 3780 2.
433 3734 477 3779 ea
495 3720 738 3797 interpretatus,
751 3719 908 3777 aduersus
926 3717 1082 3778 dictatum
1099 3725 1129 3777 et
1146 3729 1283 3782 urentem

167 3815 282 3880 Basilii
303 3829 336 3881 et
352 3816 577 3899 Euangelistae
597 3819 841 3882 subintroduxit
863 3804 913 3906 μή
940 3808 992 3885 lai
1015 3811 1147 3916 depuisa
1167 3838 1230 3880 uon
1253 3822 1288 3882 oi

168 3915 435 4000 fornicationem·
458 3938 544 4000 qnae
567 3921 664 3984 verba
686 3922 871 4000 etquidem
894 3925 1010 3986 merito
1031 3941 1056 3983 s.
1071 3922 1193 3984 lloctor
1208 3926 1288 3983 omi-

164 4022 234 4098 sit,
258 4039 317 4084 nce
338 4022 496 4085 ulllmode
518 4022 734 4086 connectenda
756 4032 850 4086 erant
871 4025 991 4104 qnippe
1012 4034 1106 4086 extra
1127 4027 1287 4087 sermonis

165 4122 315 4186 ordinem
337 4141 355 4185 a
377 4142 412 4187 sc
434 4124 572 4188 instituti
594 4126 633 4188 de
656 4127 860 4189 matrimonio
883 4127 914 4188 io
937 4127 1084 4208 praelato
1107 4125 1232 4242 Titulo,
1255 4138 1287 4191 et

164 4225 309 4306 amplius
333 4233 408 4290 tnnc
434 4225 583 4293 Patribus
607 4228 729 4308 graecis
751 4229 871 4308 ignota.

995 4329 1130 4397 -26
