2886 4784
161 321 201 391 in

159 426 357 499 cumulatis,
384 423 497 487 deinde
523 423 616 486 motis
648 421 732 485 aeris
760 416 935 500 vaporibus
964 415 1273 495 ventos'genarari.

159 525 278 590 ltema
304 533 388 587 terra
413 523 594 586 remittente
619 539 678 595 aa,
710 538 795 601 qnae
823 539 865 583 ex
895 518 1033 582 nuhihus
1062 518 1143 581 inira
1170 520 1275 582 solem

158 628 333 705 acceperit,
351 625 494 703 pluvia-m
511 625 639 685 venire:
663 621 797 702 fulgura
818 597 936 684 entend
951 621 1114 699 operanti
1137 621 1277 683 illaben-

160 731 200 791 tis
222 730 252 789 iu
275 728 387 800 nuhaa,
410 743 530 804 easque
552 725 795 802 disrumpentis.
820 742 836 780 n

238 827 287 890 lle
308 835 416 890 autem
441 845 528 901 vera,
552 826 792 888 Anaximander
810 825 905 904 juxta
931 822 1099 885 Plutarchi
1132 822 1277 884 testimo·

157 930 246 992 nium
268 931 299 992 in
314 928 410 991 Libro
428 926 463 989 V.
484 927 525 988 Da
537 925 667 1005 placitis
680 924 949 1004 philosophorum,
964 924 1063 987 aliter
1078 941 1176 1003 quam
1196 941 1274 1002 sup·

157 1030 266 1109 posuit
288 1028 488 1110 Anonymus,
511 1027 623 1090 docuit
643 1028 745 1105 prima
768 1028 940 1088 animantia
963 1028 994 1088 in
1018 1025 1158 1087 humore
1179 1031 1272 1098 nata,

158 1131 334 1194 corticibus
355 1136 506 1192 contexta
528 1128 675 1206 spinosis,
698 1127 862 1189 adultiora
885 1135 994 1189 antam
1018 1125 1102 1187 iacta
1126 1125 1165 1186 ad
1182 1124 1276 1188 sicei-

161 1240 257 1294 tatem
280 1231 471 1307 descivisse3
494 1235 658 1307 ruptoque
681 1229 876 1293 corticanou
893 1227 1033 1291 multum
1051 1229 1204 1305 temporis
1218 1242 1274 1288 su-

160 1333 359 1412 pervixisse:
384 1350 399 1387 n
422 1328 632 1408 Quapropter
653 1345 748 1390 nona
768 1329 940 1406 vaporibus
956 1329 1032 1390 solis
1051 1328 1187 1390 exalatis
1208 1328 1275 1388 ori·

129 1416 132 1420 Α
161 1436 190 1495 ri
211 1432 382 1495 animantia
404 1438 497 1510 putat
520 1428 772 1504 Anaximander,
794 1429 849 1491 sed
865 1446 907 1490 cx
923 1427 1113 1491 humiditate
1124 1427 1274 1506 produci,

159 1539 312 1596 contexta
333 1530 510 1594 corticibus
532 1531 682 1608 spinosis,
698 1528 812 1590 deinde
833 1545 980 1592 crescere
994 1539 1026 1591 et
1040 1528 1197 1616 exsiccari
1210 1534 1273 1590 etc.

161 1633 328 1697 Immerito
350 1633 450 1709 igitur
472 1629 660 1711 Anonymus
680 1627 865 1709 Philosophi
881 1631 1062 1709 opinionem
1079 1630 1118 1692 de
1131 1631 1276 1691 animan·

161 1736 242 1796 tium
264 1732 386 1810 origine
408 1731 525 1809 repetit
545 1748 587 1792 ex
609 1730 686 1792 solis
709 1733 908 1809 vaporibus,
934 1749 1009 1795 cum
1032 1731 1075 1792 ita
1097 1749 1159 1792 non
1181 1737 1276 1810 putet

160 1832 410 1898 Anaximander.
436 1829 540 1892 Error
560 1840 669 1892 antem
692 1829 854 1916 Anonymi
880 1831 1077 1921 repetendus
1105 1836 1155 1895 est
1174 1847 1201 1891 a.
1217 1848 1273 1893 vo·

158 1932 276 1996 cabulo
297 1927 405 2016 ζώδια
435 1930 568 1992 zodiaca
594 1929 689 2009 siqua
717 1929 887 1995 coclmtia:
919 1950 1004 2012 qnae
1031 1931 1127 1994 aliter
1158 1939 1275 2010 putans

161 2034 294 2097 iudicari
315 2033 384 2118 ζῶα
405 2032 589 2097 animantia
611 2043 749 2107 terrena,
769 2035 957 2113 insipienter
977 2035 1096 2097 horum
1118 2036 1276 2115 originem

159 2144 272 2204 statuit
292 2160 333 2202 ex
358 2142 532 2218 vaporibus
562 2158 579 2202 a
608 2141 677 2204 sole
704 2142 848 2203 elevatis.
872 2142 1062 2224 Anonymus
1084 2159 1164 2203 vero
1191 2143 1274 2204 adeo

159 2242 276 2306 illusus
297 2249 402 2303 estut
424 2243 488 2304 huc
509 2243 646 2304 alteram
670 2242 858 2322 Philosophi
878 2245 1069 2305 sententiam
1095 2245 1181 2304 circa
1215 2243 1274 2305 ho·

163 2343 253 2405 minis
276 2343 370 2420 primi
393 2352 501 2404 ortum
525 2361 565 2404 ex
589 2343 739 2420 piscihus,
763 2344 976 2417 transtulerit,
1000 2345 1140 2422 cogitans
1156 2343 1274 2407 ibidem

160 2445 211 2521 agi
233 2443 272 2504 de
292 2445 502 2506 animantium
524 2444 707 2504 creatione:
731 2462 806 2506 cum
828 2444 993 2508 Cedrenus
1018 2445 1196 2508 secuudum
1218 2464 1276 2507 ex·

161 2544 325 2622 positionis
347 2545 491 2605 ordinem
514 2543 552 2603 ad
577 2543 728 2605 ultimum
749 2544 859 2607 locum
882 2546 1043 2607 remiserit
1064 2545 1145 2606 hanc
1159 2547 1198 2604 de
1215 2545 1276 2608 ho·

160 2645 254 2706 minis
275 2644 365 2705 initio
389 2643 546 2719 lahulam,
569 2642 652 2705 idest
673 2654 843 2724 postquam
866 2645 905 2707 de
927 2645 1034 2719 astris,
1057 2645 1097 2707 de
1120 2646 1276 2710 lentisci

160 2745 200 2807 de
222 2745 331 2823 pluvia
354 2762 535 2806 sermonem
557 2746 680 2808 hahuit.
703 2745 830 2822 Quihus
851 2748 1018 2825 expositis,
1033 2765 1095 2808 non
1111 2755 1158 2809 est
1172 2748 1275 2811 ambi·

160 2845 298 2926 gendum
320 2846 359 2906 de
382 2846 542 2924 Anonymi
563 2863 677 2908 erroro
696 2848 727 2908 in
750 2848 998 2910 transcribendis
1021 2856 1053 2911 ot
1075 2849 1274 2926 exponendis

162 2944 394 3009 Anaximandri
417 2946 632 3024 opinionibus.

241 3045 287 3107 lla
305 3043 494 3108 Parmenide
508 3056 540 3109 et
552 3046 717 3126 Leucippo
730 3048 920 3130 Anonymus
934 3049 1044 3112 eadem
1061 3057 1148 3113 notat
1162 3067 1179 3110 a
1198 3047 1274 3115 Diu·

98 3164 100 3168 ⁴
159 3156 238 3224 gene
262 3144 390 3209 Laertio
412 3148 573 3227 repetitor
597 3167 680 3226 quae
705 3157 809 3211 tamen
831 3151 873 3211 uh
896 3151 1085 3212 brevitatem
1107 3168 1145 3212 ac
1165 3160 1274 3232 synta-

161 3247 210 3307 xis
232 3246 394 3311 deiectum
417 3250 461 3310 ita
483 3249 621 3311 ohscura
652 3257 748 3324 sunt,
781 3259 818 3312 ut
845 3252 902 3312 nisi
933 3250 1081 3331 Diogenis
1105 3243 1301 3331 suppleret

162 3353 269 3411 textus
292 3347 472 3426 originalis,
496 3351 612 3411 hurum
637 3351 905 3429 philosophorum
929 3354 1182 3416 lateretsensns.
1199 3353 1276 3419 Sino

161 3464 261 3524 porro
275 3449 374 3527 loqui
396 3449 435 3510 de
457 3453 573 3512 ceteris
595 3447 795 3524 Democrito,
818 3450 1027 3531 Xenophane,
1051 3453 1219 3533 Euphanto
1241 3462 1275 3518 et

161 3542 321 3625 Hippone,
345 3567 486 3627 quorum
510 3552 684 3612 universim
700 3545 810 3615 eadem
826 3570 864 3614 ac
878 3531 1034 3632 Diogan‘es
1050 3555 1089 3616 de
1104 3554 1273 3619 creatione

163 3649 289 3726 profert
310 3651 497 3732 Anonymns
520 3651 663 3714 breviter
685 3671 723 3716 ac
737 3640 889 3716 consueta
905 3654 1056 3717 laborans
1070 3655 1272 3720 confusione.

163 3749 258 3826 Quod
281 3751 320 3812 de
341 3747 489 3830 Hippone
511 3753 651 3814 maximo
675 3754 753 3816 vidit
774 3750 962 3816 Bruckerus
985 3774 1027 3817 ex
1053 3754 1116 3817 illis
1141 3756 1272 3819 verbis:

165 3873 181 3909 a
203 3851 353 3913 Animam
375 3851 456 3914 dixit
477 3848 585 3931 Hippo
607 3853 702 3915 modo
724 3853 895 3914 cerebrum
918 3872 999 3929 esse,
1021 3855 1118 3917 modo
1139 3872 1272 3934 aquarn.

160 3949 309 4028 Namque
330 3968 437 4012 semen
460 3950 489 4012 id
512 3953 599 4030 quod
622 3953 711 4013 nohis
732 3960 866 4030 apparet
887 3970 956 4014 esse
977 3971 1019 4016 ex
1040 3954 1191 4030 humore,
1213 3972 1271 4017 un·

161 4051 201 4113 de
222 4054 266 4112 ait
294 4051 431 4113 animam
463 4055 558 4132 gigni.
583 4073 598 4111 n
627 4051 719 4128 Quae
741 4054 771 4114 lu
793 4050 939 4116 Scationa
968 4052 1010 4115 ll.
1038 4056 1077 4118 de
1105 4054 1272 4133 discipulis

167 4148 368 4232 Pythagorae
391 4147 415 4227 S.
440 4150 480 4214 ll.
505 4170 536 4213 u.
565 4151 594 4215 3.
618 4154 661 4215 ita
680 4152 831 4216 amendat
845 4195 854 4231 ,
887 4139 1055 4232 inquiens=
1084 4176 1100 4213 n
1123 4151 1275 4219 Animam
