2886 4784
160 361 219 526 rige
248 460 477 525 restitutionem
511 462 709 526 admiserint.
736 460 776 525 Et
806 480 909 541 quare
943 482 972 526 c.
1003 461 1127 527 Censor
1156 459 1258 546 Cyriiia

159 564 316 627 monacho
337 573 369 626 et
392 560 533 642 Evagrio
555 561 755 626 Schoiastieo
778 565 864 626 circa
887 563 1021 628 Conciiii
1044 561 1084 624 V.
1102 572 1185 635 aeta,
1207 579 1258 624 cre·

159 665 239 727 didit
268 668 376 741 notius
404 683 503 744 quam
528 669 680 744 (praeter
708 665 874 743 praeclara
911 663 1103 728 Pontificum
1137 665 1259 726 testimo·

159 767 232 842 nia)
257 765 379 829 Victori
400 776 433 828 et
456 765 630 839 Facundo,
653 784 795 846 quorum
821 767 913 828 vaide
936 768 1093 828 intererat
1114 766 1145 826 in
1167 764 1260 826 odium

158 864 321 929 Theodori
345 866 482 929 ascidae
504 865 653 946 Origenis
680 865 934 931 condemnatio?
956 868 1110 929 Attamen
1130 867 1183 927 isti
1204 882 1262 927 coa·

158 967 232 1030 iessi
253 976 345 1041 sant,
370 969 430 1029 tria
453 968 659 1032 soiummodo
681 968 829 1047 Capituia
853 970 952 1032 inisse
973 987 990 1030 a
1015 968 1169 1031 Patribus
1191 983 1262 1030 cour·

159 1071 247 1132 muni
271 1071 404 1132 decreto
426 1071 709 1144 anathematizata,
723 1079 754 1132 et
775 1071 913 1132 aiteram
936 1070 1106 1132 exclusam
1128 1066 1262 1147 Origenis

156 1170 467 1233 condemnationem.
493 1167 657 1233 Victorem
680 1171 763 1244 dico,
787 1171 842 1249 qui
866 1173 896 1232 in
919 1169 1098 1245 Chronico,
1125 1170 1167 1230 ab
1188 1168 1262 1230 initio

162 1268 372 1335 Pontiticatus
394 1267 503 1349 vigilii
527 1290 630 1350 nsque
650 1271 689 1333 ad
712 1273 860 1345 exitum,
882 1271 1071 1351 singiliatim
1104 1280 1216 1333 notans
1239 1275 1264 1331 et

160 1372 321 1436 Pontificio
349 1380 381 1436 et
412 1371 621 1453 imperatoris
646 1392 705 1450 nro
728 1391 927 1453 unoquoque
958 1391 1042 1434 anuo
1076 1381 1189 1450 gesta,
1217 1386 1263 1433 nes

158 1473 323 1556 synodum
346 1491 404 1535 nco
425 1475 593 1536 decretum
614 1475 747 1554 aliquod
769 1475 925 1537 adversus
946 1472 1124 1553 Origenem
1158 1490 1261 1535 mauro·

161 1585 222 1637 rat.
246 1572 382 1637 Domum
404 1576 589 1637 summatim
618 1576 738 1654 icquar
771 1575 811 1638 dc
840 1576 939 1657 hujus
970 1573 1089 1656 Gyriiii
1121 1572 1259 1652 scriptia:

162 1676 213 1738 ael
235 1676 260 1738 is
283 1684 416 1754 prorsus
439 1676 568 1754 ignarus
591 1674 653 1739 iuit
674 1677 829 1740 historiae
850 1675 984 1740 Consilii
1002 1672 1040 1737 V.
1059 1675 1113 1739 rel
1126 1673 1260 1737 interie-

159 1777 303 1840 tensores
326 1780 423 1840 trium
447 1776 672 1857 Capitulorum
695 1778 913 1840 numerandus
935 1787 995 1851 est,
1012 1778 1083 1856 qui,
1108 1777 1182 1838 data
1198 1791 1257 1854 ope·

160 1894 209 1951 ra,
233 1876 320 1938 iliius
342 1884 412 1939 acta
438 1875 577 1940 iaisarit.

239 1974 286 2040 De
307 1980 444 2051 ceteris,
468 1995 552 2057 quae
573 1979 612 2040 ad
637 1976 743 2057 Vigiiii
769 1981 865 2040 vitam
895 1986 927 2040 et
958 1976 1208 2055 assumptionem
1224 1969 1253 2033 ad

159 2073 398 2150 Pontificatum,
418 2077 467 2138 vei
490 2076 529 2138 ad
552 2087 622 2142 acta
640 2077 774 2141 Concilii
793 2076 830 2138 V.
845 2096 902 2141 seu
918 2077 958 2139 ad
981 2076 1158 2141 iustiniani
1180 2072 1252 2135 tidem

159 2179 330 2256 pertinent,
346 2177 537 2242 conteratur
551 2177 671 2243 Tomos
694 2176 748 2241 tv.
768 2181 823 2243 ubi
838 2180 994 2242 distinctis
1015 2177 1175 2257 capitibus
1193 2188 1250 2237 aaa·

159 2287 209 2338 cta
231 2276 457 2341 enucleantur.
