2886 4784
1234 330 1275 400 83

157 434 314 499 sermonis
336 431 481 514 pertibus
502 432 673 511 expensis,
706 433 934 511 dignoscetur,
959 433 1115 496 Matthaei
1139 452 1272 514 scopum

161 538 290 599 variare
320 534 561 614 aliquantulum
595 534 635 594 ab
666 533 771 606 attero
797 531 902 598 Marci
925 543 956 598 et
979 535 1096 598 Lucae.
1120 535 1210 611 Quos
1233 545 1278 599 te·

162 655 235 699 men
260 643 443 716 opportune
465 635 505 697 de
527 636 588 698 hoc
609 641 801 715 argumento
825 641 977 711 tractans,
993 636 1177 701 conciliarit
1192 636 1278 716 Apo·

159 738 276 803 stolus.
300 735 448 816 Uterque
469 736 552 798 enim
576 733 709 799 Marcus
731 744 762 799 et
785 735 889 800 Lucas
915 737 955 799 de
989 738 1194 801 matrimonio
1215 737 1277 800 dis·

160 848 318 915 serentes,
341 839 491 901 absolute
513 839 595 902 iliud
619 839 733 918 quavis
756 838 794 900 de
823 857 920 900 causa
954 839 1125 902 insolubile
1159 839 1277 902 docue-

163 948 254 1014 runt,
278 941 359 1003 adeo
381 948 419 1002 nt
440 939 672 1002 moecharetur
692 939 759 1002 sive
783 940 832 1001 vir
852 941 920 1002 sive
944 959 1030 1002 uxor
1050 943 1089 1012 si,
1106 941 1209 1021 primo
1232 942 1277 1003 di·

163 1043 262 1105 misso
283 1041 434 1123 conjuge,
457 1041 546 1104 aiiud
568 1050 743 1120 quaereret
765 1042 973 1104 concubium.
990 1039 1175 1106 Matthaeus
1199 1061 1278 1105 vero

165 1162 230 1208 non
255 1152 378 1207 tautum
401 1142 542 1223 conjugii
564 1151 683 1204 statum
707 1144 923 1206 consideravit
945 1144 1051 1223 quoad
1074 1145 1144 1225 ejus
1167 1163 1279 1225 pereo·

165 1263 207 1308 ne
232 1244 412 1319 vinculum,
435 1245 490 1307 sed
512 1255 544 1306 et
566 1244 661 1306 eiiam
685 1243 837 1323 expendit
858 1246 1133 1308 circumstantiam
1160 1247 1280 1324 speciu-

164 1348 231 1410 iem
254 1347 294 1408 ab
315 1347 386 1408 aliis
409 1346 692 1426 praetermissam
725 1347 808 1408 idest
838 1346 915 1425 quid
949 1347 1108 1427 agendum
1136 1355 1219 1411 esset
1239 1348 1279 1409 de

164 1467 274 1514 uxore
294 1448 456 1512 adultera.
483 1444 577 1522 Quae
598 1449 839 1509 circumstantia
872 1466 913 1511 ex
946 1450 1119 1526 praemissa
1142 1450 1277 1526 genuina

168 1551 333 1614 lectione:
354 1549 411 1629 qui
433 1547 590 1612 dimiserit
609 1567 743 1611 exorem
770 1567 880 1625 suum,
903 1558 1030 1628 eccepto
1058 1547 1282 1630 fornicationis

161 1667 277 1726 eumn,
291 1648 372 1729 fucit
385 1666 453 1709 eum
467 1645 638 1720 moechari,
653 1649 849 1727 peculiarem
868 1650 1010 1729 postulet
1031 1649 1275 1723 discussionem,

165 1761 203 1815 nt
224 1751 395 1829 perspicue
417 1757 536 1828 pateat,
553 1767 614 1811 our
630 1750 788 1829 pharisaei
806 1751 886 1812 hanc
901 1751 1098 1828 protulerint
1120 1754 1281 1830 quaestio·

165 1870 253 1927 nem,
276 1862 309 1914 et
329 1870 390 1913 cnr
412 1852 491 1913 haec
513 1850 577 1912 iliis
601 1853 801 1929 responderit
823 1851 930 1914 lesus.

245 1949 297 2014 Ab
318 1951 408 2012 initio
430 1951 600 2027 repetenda
621 1959 708 2023 sunt,
733 1969 817 2030 quae
842 1948 972 2035 Moyses
996 1952 1158 2013 mandarit
1182 1952 1280 2013 isree-

161 2055 230 2117 iitie
244 2055 277 2114 in
292 2071 321 2116 o.
337 2049 454 2114 xxiv.
472 2051 726 2116 Deuteronomii.
742 2049 778 2116 Si
792 2053 944 2131 deceperit
958 2054 1059 2125 domo,
1076 2056 1132 2126 ait,
1148 2071 1281 2114 uxorem

161 2166 193 2218 et
213 2153 356 2217 induerit
376 2172 443 2216 eum
455 2197 468 2229 ,
498 2164 526 2216 et
555 2172 619 2216 reon
648 2153 805 2216 inverterit
832 2156 973 2234 pretium
992 2165 1064 2217 arete
1085 2157 1191 2216 ocutos
1212 2152 1279 2234 ejus

158 2266 293 2338 propter
313 2254 457 2336 ntiquom
487 2255 663 2337 foeditatem
684 2267 712 2318 et
732 2254 895 2336 scripserit
915 2254 1054 2319 libellum
1085 2254 1235 2335 repudii,
1257 2267 1284 2318 et

161 2354 283 2420 dederit
302 2355 340 2419 ire
360 2376 458 2420 munte
479 2378 553 2434 suu,
567 2368 596 2421 et
616 2357 770 2421 dimiserit
790 2378 857 2421 eum
878 2361 914 2422 de
939 2361 1028 2422 domo
1048 2378 1130 2422 seu:
1152 2376 1282 2440 cumque

161 2478 304 2539 epressu,
318 2460 455 2522 aiterum
476 2460 626 2524 meritum
648 2459 797 2540 dueerit3
818 2471 846 2523 et
867 2461 922 2524 iiie
942 2478 1063 2541 quoquc
1082 2460 1182 2523 oderit
1201 2480 1281 2534 eum,

162 2559 345 2640 dederitque
364 2560 392 2623 ei
414 2559 551 2623 tideiium
573 2560 712 2642 repudii,
733 2571 761 2624 et
781 2562 936 2627 dimiserit
955 2563 992 2624 de
1012 2562 1102 2623 domu
1128 2579 1213 2636 suo,
1233 2563 1282 2623 vei

164 2674 247 2726 certe
268 2673 412 2725 mortuus
430 2662 552 2743 suerit:
573 2681 639 2726 uere
656 2664 773 2744 poterit
789 2664 883 2744 prior
903 2660 1039 2727 moritus
1060 2662 1194 2742 recipere
1216 2682 1285 2726 eam

166 2766 380 2840 indecorem,
403 2765 481 2845 pteiu
499 2766 624 2845 polluto
645 2775 689 2828 est
710 2776 765 2828 etc.

247 2867 284 2928 lu
306 2869 368 2934 hoc
388 2876 510 2930 statuto
534 2878 598 2931 tres
618 2868 774 2945 speciales
792 2871 1053 2931 circumstantiae
1076 2871 1279 2933 consideran·

168 2971 229 3032 dae
250 2978 335 3033 sunt.
355 2969 461 3032 Prima
484 2970 709 3035 consideratur
730 2971 760 3030 iu
785 2986 889 3032 uxore
911 2970 1039 3032 dimissa
1060 2989 1078 3032 a
1102 2974 1218 3033 marito
1239 2971 1281 3034 ob

126 3103 130 3112 1
170 3090 240 3135 rem
265 3072 416 3152 turpem:
439 3090 525 3152 quae
547 3081 651 3134 tamen
673 3071 814 3133 dimissio
846 3090 887 3134 ex
919 3081 1010 3149 parte
1041 3075 1147 3135 mariti
1179 3073 1281 3133 iibere

166 3185 259 3252 erat;
277 3193 335 3236 nec
357 3173 486 3255 Moyses
509 3174 672 3236 mandavit
694 3174 916 3236 dimittendam
932 3192 950 3235 a
969 3175 1038 3236 viro
1060 3192 1210 3236 uxorem.
1228 3172 1283 3236 Se·

167 3277 274 3340 cunda
296 3276 522 3338 consideratur
543 3277 575 3336 iu
598 3275 770 3339 traditione
783 3272 886 3336 libelii
904 3275 1028 3353 repudii
1049 3275 1158 3347 uxori,
1176 3275 1218 3335 ita
1242 3283 1278 3337 ut

167 3379 220 3441 sni
240 3376 324 3457 juris
345 3384 429 3438 esset
450 3375 505 3438 alii
530 3377 599 3439 viro
626 3377 748 3440 nubere
772 3374 823 3440 vel
845 3393 918 3438 non.
932 3372 1051 3438 Tertia
1084 3392 1184 3454 porro
1206 3394 1279 3438 con·

168 3477 335 3541 sideratur
361 3477 446 3539 circa
478 3494 616 3539 uxorem
639 3495 657 3538 a
680 3475 822 3538 secundo
855 3476 971 3539 marito
1003 3475 1228 3553 repudiatam,
1252 3477 1283 3536 in

167 3595 228 3643 tna
252 3579 374 3656 pariter
404 3578 554 3640 libertate
587 3586 767 3640 manentem
797 3576 899 3639 coicis
929 3576 1086 3654 nubendi3
1108 3576 1205 3639 sicuti
1228 3577 1277 3638 vir

166 3676 330 3741 dimittens
355 3679 387 3740 in
418 3678 530 3741 eadem
566 3679 755 3743 versabatur
787 3679 980 3742 conditione.
1002 3675 1072 3741 Nisi
1100 3676 1187 3757 qnod
1212 3679 1281 3737 viro

168 3777 256 3840 hand
279 3778 393 3841 liceret
414 3776 453 3839 ad
477 3779 620 3858 priorem
644 3797 805 3857 uxorem,
828 3797 926 3858 qnam
949 3778 1155 3858 repudiavit,
1177 3796 1281 3856 eaque

168 3878 266 3940 alteri
282 3887 449 3958 nupserat,
466 3881 588 3944 reverti
604 3888 635 3944 et
652 3881 799 3944 vicissim.
816 3879 1050 3956 Quamobrem,
1068 3880 1186 3943 traditu
1203 3897 1284 3942 uxo·

169 3979 200 4040 ri
223 3979 433 4042 dimittendae
452 3980 568 4044 libello
590 3981 739 4061 repudii,
762 3999 820 4044 nec
846 3981 915 4055 vir,
952 3997 1010 4042 nec
1042 3980 1145 4043 multo
1178 3980 1282 4041 minus

169 4079 291 4143 muiier
325 4082 396 4144 aliis
431 4083 718 4162 adstringebantnr
752 4082 918 4163 conjugiis.
958 4079 1162 4161 Proindeque
1193 4079 1281 4142 aliud

170 4183 304 4260 quidem
326 4193 375 4248 est
397 4185 538 4248 dimissio
562 4188 674 4250 uxoris
695 4186 735 4248 ob
757 4185 900 4264 aliquam
923 4184 1129 4247 foeditatem:
1148 4190 1179 4244 et
1195 4182 1284 4244 aiiud

169 4292 222 4350 est
243 4286 435 4368 repudiatae
455 4286 608 4368 conditio,
631 4294 663 4352 et
685 4286 894 4368 repudiantis.
919 4282 1024 4350 Unum
1047 4284 1129 4346 euim
1151 4283 1217 4346 sine
1238 4282 1283 4345 ai·
