2886 4784
160 329 201 396 26

240 430 283 494 Εῑ
303 430 458 512 quidem,
481 432 605 496 eunctis
627 431 692 494 huc
714 430 852 495 redactis
873 431 1221 510 animadversionibus,
1243 436 1274 499 io

162 535 224 595 hoc
249 532 377 612 capite,
400 532 494 596 sicuti
517 535 547 595 in
570 531 783 612 praecedente
810 534 933 596 exactis
962 533 1049 596 cirea
1079 533 1277 599 Periarclron

158 633 352 706 doctrinam,
375 635 562 706 invenitur,
586 632 665 695 salsa
688 634 854 697 retinenda
877 652 945 697 esse
965 633 1118 715 Origenis
1145 646 1274 714 errata,

158 753 242 816 quae
258 733 398 797 lluetius
422 734 494 796 inde
517 735 751 813 interpretatus
773 741 832 807 est,
850 734 936 797 hunc
956 734 1157 815 redarguens
1179 757 1278 816 quam

159 835 301 897 maxime
323 836 362 896 de
384 833 608 913 pelagianismi
634 835 683 896 rel
706 834 1012 915 semipelagianismi
1045 838 1225 900 seminibus
1245 842 1276 902 in

159 935 225 996 suis
246 935 339 996 libris
360 935 489 1014 sparsis.
512 932 603 996 Adeo
628 952 705 1019 vero
728 936 940 998 Adamantius
961 935 1001 997 ab
1023 936 1072 998 his
1104 939 1275 1001 erroribus

160 1034 347 1107 abhorruit,
370 1044 418 1109 nt,
442 1034 567 1097 cunctis
587 1035 715 1097 collatis
737 1037 925 1109 sententiis,
947 1054 1031 1116 quae
1057 1035 1278 1117 frequentissi-

161 1154 233 1198 mae
253 1143 435 1199 occurrunt
459 1138 489 1197 in
512 1135 747 1217 multiplicibus
768 1138 835 1200 suis
865 1137 1068 1213 tractatibus,
1091 1141 1118 1200 si
1143 1141 1277 1202 seorsim

160 1236 393 1317 quodcumque
414 1237 503 1300 illius
527 1238 743 1299 testimonium
766 1238 1020 1316 expenderetur,
1039 1239 1092 1301 rel
1115 1239 1220 1303 relate
1240 1241 1276 1302 ad

160 1339 333 1401 arbitrium
351 1339 500 1413 hominis,
516 1355 573 1400 seu
597 1338 635 1399 ad
659 1339 786 1401 divinae
806 1341 927 1416 gratiae
948 1339 1109 1402 auxilium
1127 1343 1161 1402 iu
1180 1342 1278 1405 virtu·

160 1449 230 1508 tum
252 1441 460 1512 exercitium,
485 1438 653 1501 videretur
674 1439 746 1517 plus
769 1438 826 1501 Dei
849 1441 972 1518 gratiae
985 1440 1163 1514 efficaciae,
1180 1460 1275 1520 qnam

160 1541 262 1605 nostri
283 1540 408 1601 arbitrii
423 1541 593 1617 potentiae
615 1540 820 1603 concessisse.
845 1541 904 1602 Ast
935 1559 1049 1603 revera
1074 1537 1134 1602 Vir
1166 1544 1276 1606 ortho-

159 1641 278 1712 doxus,
301 1640 443 1701 medium
464 1648 573 1701 tenens
596 1642 668 1713 iter,
692 1639 759 1703 Deo
782 1647 814 1702 et
836 1640 969 1712 homini,
986 1640 1166 1721 unicuique
1180 1661 1275 1705 suum

161 1741 347 1818 assignavit,
370 1741 413 1801 ita
438 1749 474 1802 ut
495 1741 622 1804 nullum
645 1752 755 1820 putem
778 1760 819 1803 ex
836 1742 949 1818 priscis
966 1740 1117 1804 Patribus
1136 1743 1277 1822 (audeu-

161 1845 225 1904 tius
247 1842 397 1921 inquam)
423 1850 485 1903 tam
509 1841 661 1917 fideliter,
679 1851 741 1904 tam
760 1843 909 1920 ingenue,
928 1851 991 1903 tam
1007 1844 1181 1922 perspicue
1197 1845 1275 1908 hauc

71 1973 74 1980 ·
160 1961 382 2024 propugnasse
404 1944 595 2006 doctrinam.

242 2044 466 2124 Quapropter,
482 2046 576 2107 sicuti
600 2063 777 2124 numquam
793 2043 903 2108 lluetii
925 2046 1054 2108 somniis
1071 2049 1275 2124 conveniam,

161 2149 246 2210 unde
267 2147 416 2225 Origenis
439 2149 566 2224 putavit
587 2147 787 2225 redarguere
815 2148 996 2227 sphalmata
1026 2148 1066 2210 de
1094 2150 1276 2213 animarum

160 2249 424 2327 praeexistentia,
447 2247 486 2307 de
507 2264 621 2308 earum
643 2247 738 2326 lapsu
759 2266 777 2308 e
800 2249 899 2309 coelis
914 2250 957 2311 ob
971 2248 1085 2326 culpas
1101 2248 1146 2308 ibi
1162 2250 1278 2312 admis-

160 2366 234 2422 sas,
257 2349 296 2410 de
318 2348 506 2410 earumdem
528 2346 683 2409 descensu
706 2357 738 2409 et
759 2365 894 2411 ascensu
925 2352 1103 2412 secandum
1138 2351 1281 2428 philoso-

163 2451 258 2529 phiae
274 2468 410 2530 graecae
428 2449 557 2528 placita,
571 2449 610 2509 de
629 2448 861 2528 pelagianismo
877 2470 933 2513 seu
947 2449 1279 2530 semipelagianismm

162 2566 195 2616 et
216 2555 255 2614 de
277 2553 348 2614 aliis
371 2551 470 2630 hujus
499 2552 623 2628 generis
646 2552 862 2613 vanitatibus:
894 2554 991 2613 ita'et
1013 2555 1131 2615 ceteris
1166 2571 1282 2616 conre-

161 2657 231 2718 nire
253 2672 403 2733 nequeo,
426 2654 481 2732 qui
507 2654 654 2714 arbitrati
684 2665 783 2727 sunt,
812 2653 984 2732 Origenem
1011 2655 1116 2732 ipsum
1147 2656 1281 2718 illusum

164 2757 262 2820 inisse
284 2757 316 2816 in
338 2757 487 2834 dogmate
509 2756 547 2816 de
570 2754 673 2817 libero
696 2756 832 2818 arbitrio
865 2766 897 2818 ct
927 2756 967 2818 de
998 2757 1124 2817 divinae
1157 2758 1281 2836 gratiae

162 2858 351 2921 necessitate
373 2859 403 2917 in
420 2857 548 2920 homine
563 2857 665 2935 lapso.
683 2855 750 2919 Nec
770 2859 854 2918 enim
872 2875 1013 2935 unquam
1031 2856 1279 2934 pelagianorum

162 2968 219 3021 aut
242 2958 582 3036 semipelagianorum,
606 2959 673 3019 sive
696 2958 916 3035 gnosticorum
942 2958 1090 3036 dogmata
1114 2958 1282 3038 protessus

162 3069 209 3123 cst
230 3059 398 3138 Origenes.
423 3059 456 3120 ln
480 3061 540 3122 hac
562 3061 750 3138 quaestione
773 3069 931 3138 perpetuo
953 3060 1138 3122 orthodoxe
1159 3062 1279 3135 sensit,

164 3261 213 3310 aut
231 3271 300 3326 erga
316 3253 515 3326 hospitalitatis
533 3252 760 3308 sollicitudiuem.
781 3251 859 3307 Haeo
878 3270 946 3326 ergo
965 3253 1078 3326 singula
1098 3252 1198 3310 divisit
1217 3255 1279 3308 uni·

165 3349 267 3422 cuique
286 3349 364 3404 Deus
384 3347 540 3403 seeundum
560 3363 720 3402 mensuram
742 3347 816 3401 fidei.
837 3345 895 3403 Sed
915 3349 939 3401 si
960 3345 996 3414 is,
1019 3347 1068 3419 qui
1086 3348 1198 3419 aceepit
1217 3365 1280 3420 gra-

165 3441 255 3508 tiam,
280 3451 314 3496 ut
337 3441 373 3496 de
397 3457 454 3494 uno
477 3439 570 3510 aliquo
595 3439 695 3495 horum
719 3445 848 3513 saperet,
875 3458 931 3495 uon
953 3440 1095 3513 intelligat
1118 3458 1281 3497 mensuram

165 3533 273 3605 gratiae
291 3531 344 3587 sibi
362 3531 452 3598 datae,
467 3529 516 3587 sed
535 3531 602 3585 velit
620 3550 717 3604 sapere
734 3533 769 3588 de
788 3533 926 3604 sapientia
938 3533 1000 3600 Dei,
1021 3531 1056 3586 de
1073 3532 1158 3588 verbo
1177 3533 1281 3588 doctri·

165 3643 226 3695 nae,
245 3626 280 3681 de
299 3624 488 3699 profundioris
508 3625 641 3680 scientiae
661 3628 782 3693 ratione,
804 3627 833 3680 in
855 3644 910 3698 quo
932 3627 1053 3698 gratiam
1073 3643 1130 3680 non
1149 3625 1279 3698 accepit,

162 3726 190 3774 et
210 3735 267 3772 uon
284 3724 343 3772 tam
362 3717 468 3772 discere
489 3717 564 3782 velit,
585 3735 668 3788 quam
687 3719 785 3773 docere
805 3735 875 3788 quae
896 3717 986 3773 nescit
997 3739 1005 3784 ;
1025 3718 1078 3772 iste
1098 3735 1164 3772 cum
1184 3716 1279 3773 minus

164 3811 273 3884 sapiat,
297 3811 362 3882 plus
380 3809 441 3866 vult
458 3828 554 3882 sapere
573 3827 657 3881 quam
675 3817 804 3882 oportet,
830 3820 882 3866 etc.
905 3832 918 3860 a
939 3811 1015 3866 Hinc
1038 3812 1184 3879 cernitur,
1210 3828 1280 3866 num

157 3905 221 3977 jure
242 3902 434 3973 corripiendus
451 3903 488 3958 sib
506 3903 644 3975 Origenes
663 3903 738 3974 quod
758 3902 1033 3977 semipelagianismi
1049 3905 1157 3959 semina
1176 3903 1281 3959 fuderit

165 3997 196 4050 in
215 3994 274 4050 suis
296 3994 382 4050 libris.
407 3996 490 4051 Porro
508 3995 676 4051 vocabulum
696 3995 756 4069 fides
774 3997 803 4050 iu
821 3995 876 4051 hoc
894 3996 955 4053 loeo
972 4013 1022 4068 pro
1039 3995 1211 4052 charismate
1234 4014 1282 4051 su·

162 4088 267 4152 mitum
287 4104 358 4159 quae
374 4088 460 4143 veluti
478 4105 564 4144 causa
581 4093 641 4143 erat
658 4087 717 4143 sive
736 4087 836 4156 radix,
861 4088 936 4145 unde
952 4089 1028 4143 varia
1045 4088 1092 4143 illa
1110 4087 1279 4142 charismata

166 4178 305 4246 fidelibus,
325 4179 386 4236 aliis
405 4179 469 4248 alia,
488 4196 539 4251 pro
557 4179 609 4234 Dei
627 4179 741 4235 arbitrio
763 4181 947 4250 provenirent.
968 4180 1011 4236 Ita
1029 4179 1265 4253 chrysostomus
