2886 4784
161 379 303 566 dlljum,
333 471 389 546 rel
410 468 670 568 Hippolytum,
696 468 749 544 rel
770 467 1048 553 Tertullianum,
1076 486 1139 546 aut
1159 470 1242 547 ori-

158 624 302 699 genem,
332 601 407 676 sire
435 598 603 697 quemvis
624 622 670 672 ex
697 599 879 674 veteribus
905 597 1090 672 Ecclesiae
1118 599 1242 673 Patri-

160 729 228 804 bus
257 730 352 802 hunc
380 729 614 802 concinnasse
640 726 786 801 librum.
816 726 964 815 Quinto,
995 727 1077 801 lidei
1106 716 1243 824 proles-
1321 726 1323 729 ’

160 856 300 931 sionem
323 857 369 930 ab
390 854 582 952 Anonymo
602 855 774 930 emissam
794 857 830 928 in
853 854 1050 927 novissimo
1070 853 1177 928 Libro
1196 854 1240 928 X.

159 1005 289 1056 ranam
321 984 495 1081 probatur
524 983 770 1081 gnosticorum
800 984 876 1056 sire
904 982 1239 1078 ncoplatonicorum

159 1135 288 1208 capere
315 1112 532 1197 doctrinam,
553 1136 595 1185 ac
614 1112 759 1210 penitus
779 1111 854 1185 suis
873 1110 1053 1184 contraire
1078 1110 1244 1215 obtesta-

159 1238 318 1315 tionibus
344 1241 379 1313 in
409 1239 507 1313 Libri
532 1240 561 1312 l.
591 1240 741 1316 exordio
760 1239 917 1313 emissis.
939 1237 1051 1312 Sexto
1078 1238 1240 1324 demum,

160 1368 267 1443 simul
296 1368 559 1465 comprehenso
585 1371 698 1443 totius
727 1367 913 1441 doctrinae
940 1389 1026 1440 suae
1056 1381 1241 1462 systema·

163 1511 214 1582 te,
234 1497 522 1572 concludendum
541 1520 637 1582 esse,
659 1498 890 1593 hnonymum
919 1496 1015 1568 inter
1035 1495 1242 1592 plagiarios.

162 1625 401 1708 detractores,
430 1626 576 1711 insciae,
597 1625 729 1700 nullius
759 1625 862 1711 fidei,
880 1623 1085 1720 nulliusque
1115 1637 1240 1697 aucto·

162 1752 282 1828 ritatis
310 1767 514 1850 compotes,
529 1759 611 1846 jure
632 1753 863 1850 inscriptum,
883 1752 1047 1838 stultam,
1068 1753 1241 1849 impiam·

161 1903 231 1978 que
260 1905 532 1957 consummasse
561 1905 709 1979 operam
741 1875 808 1979 (l).

269 2008 317 2083 Et
342 2010 431 2083 haec
455 2011 575 2084 omnia
596 2011 813 2093 successive,
835 2032 900 2083 suo
922 2008 1024 2092 loco,
1052 2021 1089 2082 et
1118 2009 1242 2103 singil-

159 2137 262 2211 latim
292 2138 542 2235 expediemus,
568 2139 727 2210 maxime
752 2135 871 2210 fontes
893 2136 1123 2234 perscrutati,
1145 2137 1237 2211 unde

162 2263 375 2362 Anonymus
408 2267 530 2340 hausit
553 2289 619 2340 suo
644 2242 763 2340 studio
784 2265 912 2339 utilia:
947 2263 1111 2360 quamvis
1131 2286 1242 2362 saepo

160 2417 226 2467 nec
253 2407 445 2480 auctores,
475 2417 541 2468 nec
569 2394 780 2468 eorumdem
809 2392 933 2489 libros,
955 2416 1020 2466 nec
1048 2415 1243 2489 argumen-

159 2508 238 2592 tum
268 2521 445 2593 indicarit.
475 2517 683 2608 Quinimmo
711 2521 825 2594 alienu
855 2543 920 2592 sua
949 2518 1107 2604 faciens,
1136 2521 1171 2591 in
1202 2520 1245 2591 il-

162 2646 280 2720 lorum
309 2662 386 2720 sata
416 2648 618 2723 inconsulto
638 2649 800 2745 perrexit
812 2671 824 2734 3
843 2661 880 2721 et
908 2671 1157 2745 quaecumque
1179 2647 1239 2720 illa

161 2774 294 2861 forent,
315 2777 521 2873 rapsodiam
537 2777 764 2850 coacervavit
780 2777 988 2874 opinionum
1008 2777 1102 2849 inter
1119 2799 1157 2848 se
1178 2776 1246 2848 dis·

161 2905 328 2988 sitarum,
356 2928 399 2978 ao
428 2904 638 3002 plerumque
668 2918 794 2978 mutuo
823 2928 862 2979 se
892 2904 1164 2988 collidentium,
1193 2905 1244 2978 ita

162 3046 202 3104 ut
229 3033 344 3128 magis
372 3057 414 3106 ac
444 3034 558 3130 magis
587 3034 700 3129 ipsius
728 3033 879 3130 patefiat
907 3033 1127 3129 ignobilitas.

264 3159 443 3258 Deinceps
472 3161 591 3235 obiter
612 3161 895 3256 praenotandum
917 3174 987 3244 est,
1009 3158 1108 3232 Libri
1126 3174 1246 3233 auoto-

158 3310 257 3372 rem,
277 3311 342 3362 seu
361 3290 588 3363 redactorem
619 3313 689 3362 non
719 3288 859 3386 plures,
882 3288 1077 3362 sedunum
1100 3286 1244 3369 haberi,

159 3419 219 3513 qui
237 3416 417 3490 variorum
439 3418 659 3513 scriptorum
676 3415 821 3513 collegit
835 3417 911 3496 sive
932 3438 1054 3488 sacros
1070 3416 1150 3495 sive
1162 3439 1245 3510 pro·

158 3543 261 3616 fanos
289 3543 422 3616 diversi
448 3544 590 3640 generis
616 3568 771 3627 sensus,
801 3544 908 3617 modo
934 3542 1115 3625 breviter,
1149 3565 1245 3613 nunc

132 3670 269 3743 'latius
288 3693 486 3766 exponens.
508 3672 563 3744 hb
584 3672 686 3745 initio
705 3672 801 3744 enim
825 3669 919 3743 libri
941 3669 968 3742 l.
991 3671 1064 3742 ait:
1090 3695 1106 3738 u
1130 3691 1174 3741 se
1199 3670 1244 3740 de

160 3798 298 3894 graecis
326 3810 506 3882 acturum,
535 3802 595 3897 qui
616 3797 882 3896 philosophiam
903 3797 1091 3894 physicam
1112 3796 1245 3868 docue-

250 4019 285 4092 (l)
307 4019 372 4093 Ipse
391 4020 467 4076 Libri
487 4021 586 4076 titulus
611 4035 729 4092 graecus
756 4018 985 4093 Philosophumeno
1011 4016 1158 4090 peregriua
1178 4033 1246 4070 voce

159 4129 325 4183 expressus,
346 4113 389 4170 rel
408 4114 469 4169 aliis
491 4113 557 4170 huic
576 4111 715 4168 similibus
733 4111 851 4187 dopmoto
867 4110 1109 4185 philosophumenon:
1130 4107 1242 4164 haeresis

156 4203 409 4279 philosophumenon,
431 4206 499 4262 satis
519 4205 588 4260 mihi
608 4204 662 4260 hoo
679 4203 790 4260 videtur
808 4202 937 4259 indicare.
