2886 4784
236 467 272 510 re
295 447 413 510 Filium
436 464 453 508 a
477 445 585 521 Patre,
610 445 663 508 sed
689 451 868 525 utrumque
894 461 956 508 uon
972 446 1079 509 solum
1095 445 1358 525 snbstantia,sed

234 553 331 613 etiam
363 548 510 629 subjecto
534 566 648 623 unum,
670 549 846 610 secundum
869 551 1023 628 quasdam
1041 550 1280 630 intelligentias,
1296 570 1357 614 non

238 654 416 715 secundum
442 652 636 734 hypostasim
659 650 803 712 diversos
825 653 886 712 dici
912 652 1042 715 Patrem
1065 660 1096 714 et
1120 652 1239 715 Filium
1251 672 1264 730 3
1295 652 1357 714 illis

239 755 435 834 respondere
458 754 622 826 debemus,
639 754 670 814 in
688 755 797 830 primis
815 755 948 834 quidem
971 773 1007 816 ca
1037 755 1148 828 verba,
1164 772 1250 834 quae
1266 771 1358 834 prae·

236 858 332 936 cipue
354 857 522 917 adstruant
545 855 644 916 alium
669 875 737 916 esse
763 853 883 917 Filium
907 873 923 915 a
951 855 1061 931 Patre,
1086 864 1118 916 et
1139 857 1228 934 quod
1252 873 1357 918 neces-

238 960 325 1021 sario
349 954 450 1018 Filius
472 957 512 1017 sit
535 955 638 1018 Patris
660 955 782 1030 Filius,
805 963 836 1018 et
862 956 958 1017 Pater
980 954 1051 1017 Filii
1077 957 1118 1018 sit
1146 957 1264 1034 Pater3
1288 965 1355 1022 tum

239 1075 317 1121 aero
339 1076 403 1120 non
426 1057 603 1118 absurdum
627 1076 720 1131 esse,
742 1075 838 1131 enm,
862 1059 918 1136 qui
942 1058 1087 1120 latentur
1107 1076 1141 1119 se
1163 1057 1244 1120 nihil
1266 1077 1356 1138 posse

157 1165 159 1168 ‘
237 1157 367 1232 iacere,
391 1157 449 1218 nisi
472 1156 559 1234 quod
595 1157 711 1217 viderit
744 1156 871 1218 Patrem
906 1157 1099 1230 lactentem,
1125 1158 1249 1237 quique
1273 1158 1356 1221 dicat

236 1256 396 1341 quidquid
408 1255 624 1318 antemPoter
643 1255 735 1336 facit,
757 1255 905 1318 similiter
925 1255 1021 1319 etiam
1047 1254 1152 1318 Filius
1172 1255 1266 1336 sarit,
1288 1277 1358 1321 cor·

237 1380 309 1441 pus,
333 1361 419 1440 quod
444 1371 609 1422 mortuum
633 1367 716 1434 erat,
739 1360 917 1435 excitasse,
942 1358 1038 1422 Patre
1063 1360 1125 1422 hoc
1147 1360 1195 1424 illi
1218 1361 1354 1425 donante

235 1472 297 1528 etc.
320 1483 335 1521 n

318 1562 400 1627 Hinc
422 1564 567 1642 colligite
589 1563 699 1626 ambos
723 1569 819 1626 testes
844 1559 1086 1626 Tertullianum
1118 1570 1150 1628 ct
1181 1561 1353 1643 Origenem

236 1684 337 1727 unum
360 1685 401 1728 ex
425 1663 533 1729 Africa
557 1673 588 1727 et
609 1665 749 1725 alterum
772 1664 812 1724 ab
827 1661 914 1737 Asia,
936 1664 1084 1742 quamvis
1107 1663 1191 1725 inter
1210 1681 1246 1725 se
1266 1663 1354 1725 dissi·

237 1776 298 1841 tos,
322 1785 417 1829 unam
443 1776 547 1829 tamen
571 1765 642 1827 fidei
666 1766 813 1842 regulam
836 1767 923 1827 circa
946 1764 1073 1826 divinae
1097 1763 1264 1827 Trinitatis
1284 1763 1353 1844 My·

234 1869 370 1932 sterium
403 1868 546 1947 profiteri
579 1868 759 1930 secundum
792 1867 1005 1945 apostolicam
1038 1874 1072 1928 et
1103 1866 1351 1929 eeclesiasticam

235 1970 448 2032 traditionem.
473 1966 532 2031 Ubi
554 1968 719 2045 speciatim
738 1969 932 2028 conveniunt
954 1966 1117 2028 docentes:
1133 1964 1352 2028 Tertullianus

234 2090 360 2152 nempe,
382 2073 512 2133 unicum
537 2068 646 2140 Deam,
669 2069 722 2129 suh
744 2069 802 2131 hac
824 2078 927 2129 tamen
953 2066 1188 2147 dispensatione
1206 2076 1245 2130 ut
1263 2065 1353 2130 uniri

233 2172 294 2235 Dei
313 2171 355 2235 sit
369 2182 397 2234 et
415 2171 519 2234 Filius
540 2180 568 2231 et
589 2168 694 2233 Sermo
715 2166 819 2248 ipsius
840 2187 879 2229 en
900 2189 933 2231 eo
950 2171 1165 2248 procedentes,
1186 2188 1243 2248 per
1264 2189 1352 2250 quent

234 2273 342 2338 ornnie
361 2277 448 2355 socco
468 2283 555 2336 sunt.
579 2272 676 2336 Hunc
708 2272 841 2336 missurn
862 2295 883 2337 a
907 2270 1003 2334 Putre
1035 2270 1071 2335 in
1099 2271 1260 2352 Virpinem
1291 2282 1351 2337 etc.

234 2376 329 2440 Alter
353 2397 429 2438 vero
451 2377 620 2454 Origenes,
643 2378 704 2438 sub
726 2377 836 2437 eadem
859 2377 1046 2438 oeconomia
1062 2375 1169 2449 docet,
1189 2374 1294 2438 alium
1308 2393 1350 2436 es·

231 2498 263 2540 se
284 2477 405 2541 Filiam
426 2498 446 2539 α
471 2478 585 2539 Patre:
607 2478 741 2558 ecquod
761 2476 937 2540 necessario
959 2474 1067 2537 Filius
1097 2474 1139 2539 sit
1167 2475 1277 2540 Patris
1300 2476 1352 2540 Fi-

236 2579 313 2654 lins,
334 2588 362 2641 et
385 2579 479 2641 Pater
499 2578 584 2640 Filii
604 2577 645 2640 sit
667 2578 773 2641 Pater.
799 2583 832 2642 ln
855 2597 919 2659 qua
944 2578 1105 2650 doctrina,
1129 2581 1351 2657 apostolorum

233 2682 327 2766 fidem
350 2683 444 2743 ambo
465 2681 620 2759 Origenes
638 2692 670 2742 at
695 2679 918 2743 Tertullianus
939 2681 1057 2755 secuti,
1086 2679 1265 2744 Ecclesiam
1290 2680 1351 2745 Ro·

235 2775 361 2844 manant
385 2802 461 2862 prae
483 2785 598 2845 ceteris
631 2783 728 2862 hujus
762 2784 942 2845 traditionis
974 2783 1143 2845 custodem
1173 2791 1204 2845 et
1235 2786 1351 2847 serite·

236 2884 274 2945 tis
296 2887 478 2962 magistram
502 2886 633 2948 reveriti
656 2891 749 2955 sunt,
777 2903 858 2945 unus
881 2884 920 2944 ab
944 2882 1095 2966 Aegypto
1118 2882 1191 2946 ideo
1213 2884 1279 2945 huo
1301 2903 1351 2946 re·

234 2986 322 3047 niens
344 2987 404 3047 sub
426 2983 608 3066 zephyrino
632 2985 729 3065 Papa,
750 2991 782 3046 el
803 2984 887 3046 alter
909 3003 1052 3045 asserens
1079 2984 1253 3046 ecclesiam
1275 2983 1351 3046 alri-

234 3105 345 3149 cauam
367 3088 512 3148 eamdem
536 3096 611 3149 tunc
634 3105 671 3148 ac
697 3085 873 3147 Romanam
899 3086 1042 3165 profiteri
1073 3085 1166 3146 iidem
1193 3086 1348 3148 adversus

236 3186 394 3250 Praxcam
417 3189 587 3250 haereseos
610 3188 916 3265 patripassianorum
941 3186 1152 3246 defensorem.

317 3289 386 3352 Hae
403 3291 503 3367 igitur
526 3291 701 3368 praemissa
726 3274 1019 3366 odet'protesstone
1038 3296 1111 3348 ante
1133 3296 1163 3348 et
1187 3297 1259 3366 post
1280 3286 1350 3352 Cal·

232 3392 297 3454 listi
312 3403 449 3454 aetatem
469 3392 611 3469 undique
627 3392 714 3451 orbis
731 3391 898 3452 christiani
915 3398 1046 3469 accepta
1063 3398 1094 3452 et
1111 3389 1259 3467 probata,
1272 3406 1351 3469 quo

234 3492 330 3554 modo
353 3491 623 3569 praesumendum
646 3498 711 3562 est,
735 3490 795 3552 hoc
819 3489 976 3550 mediante
998 3508 1101 3565 aevo,
1125 3488 1297 3553 Callistum
1320 3490 1351 3550 in

235 3591 379 3656 Ecclesia
404 3591 546 3653 Romana
571 3590 666 3652 aliter
680 3592 812 3652 sensisse
828 3609 866 3652 ac
883 3591 1043 3665 docuisse,
1060 3599 1255 3653 statuentem
1272 3589 1351 3653 Ver·

236 3696 312 3758 hum
336 3713 404 3756 esse
426 3694 530 3772 ipsum
554 3691 671 3754 Filium
696 3701 726 3754 et
749 3694 897 3754 eumdem
925 3692 1053 3755 Patrem
1077 3694 1279 3772 nuncupari,
1302 3692 1351 3755 ul-

234 3796 264 3857 la
288 3796 409 3874 absque
433 3795 611 3875 hypostasis
643 3793 873 3869 distinctione,
899 3795 996 3856 immo
1029 3811 1129 3855 unam<
1155 3802 1351 3857 statuentem

233 3915 302 3959 esse
324 3914 492 3974 personam
517 3895 619 3958 Patris
640 3904 672 3957 at
696 3894 765 3956 Filii
779 3894 795 3957 'l
816 3914 890 3957 cum
912 3916 952 3958 ex
975 3897 1113 3960 adverso
1128 3886 1194 3976 ips'e
1220 3895 1352 3960 Tertul-

235 3998 339 4058 lianus
361 3996 401 4056 ab
423 3997 483 4058 hac
513 3995 654 4059 Ecclesia
688 4005 833 4074 repetens
862 3996 1066 4072 doctrinam,
1095 4016 1153 4076 per
1178 4014 1250 4060 eam
1277 3999 1350 4060 hae·

236 4098 352 4159 reticas
372 4098 528 4169 corinellit
549 4098 718 4169 novitates,
741 4105 773 4159 et
801 4098 884 4160 horte
912 4099 1014 4177 ipsum
1044 4099 1188 4161 Praxeae
1213 4107 1245 4162 et
1271 4116 1347 4161 suae

233 4197 364 4262 scholae
385 4217 558 4273 errorem,
582 4203 622 4261 dc
642 4217 707 4278 quo
732 4199 921 4282 Anonymus
944 4201 1051 4280 arguit
1074 4199 1294 4283 zephyrinum
1316 4206 1346 4263 et
