2886 4784
1215 351 1274 418 titt

156 453 242 514 clas:
266 452 353 531 q'uod
376 453 452 513 satis
474 457 532 513 cst.
558 451 605 518 Ac
627 449 756 513 deutrum
778 469 908 527 omnes,
933 453 988 530 qui
1012 460 1197 533 pugnarunt
1219 454 1274 516 ad·

161 572 278 616 versus
302 555 362 615 tria
385 553 547 631 Cupitula.
566 551 606 632 (i)

240 654 383 733 ideoque
404 655 632 726 concludatur,
651 663 798 726 cunctos,
813 657 868 734 qui
894 657 990 718 variis
1011 655 1051 718 do
1073 659 1177 720 causis
1199 657 1275 719 Ori·

161 773 274 835 gcucm
298 756 484 818 refutarunt
506 755 545 814 ab
563 756 707 834 ejusdcm
730 766 835 818 aetate
852 775 955 833 usque
976 758 1016 819 ad
1037 759 1184 821 seculum
1202 755 1273 819 Vtt.

161 859 200 919 ad
222 857 358 920 ciasscm
390 857 549 934 pertinere
578 858 805 931 ethnicorum,
838 861 1035 935 impiorum,
1067 859 1272 933 invidorum,

163 958 387 1037 perfidorum,
411 959 662 1034 imperitorum,
688 959 950 1035 haereticorum,
972 960 1273 1033 schismaticorum,

161 1069 194 1123 ct
216 1062 300 1123 bona
323 1059 384 1120 tito
406 1059 593 1122 illusorum.
617 1059 724 1122 Ceteri
749 1078 848 1135 vcro,
872 1063 928 1142 qui
949 1060 1122 1140 Origenem
1144 1062 1277 1139 dogma·

164 1163 203 1224 tis
231 1161 384 1224 catholici
416 1162 603 1238 magistrum
626 1171 658 1223 ct
679 1162 709 1223 in
732 1161 877 1225 Ecclesia
906 1164 957 1242 pic
985 1173 1151 1226 mortuum
1175 1162 1277 1224 vindi·

163 1270 306 1336 carnut,
329 1263 437 1324 ccccii
458 1279 498 1324 ex
522 1262 634 1340 priscis
656 1268 869 1327 monumentis
891 1267 921 1325 in
943 1263 1062 1330 Christi
1093 1270 1276 1345 martyrum

161 1372 195 1428 ct
215 1363 438 1427 confessorum
459 1371 589 1426 coctum
611 1374 819 1445 cooptantur.
843 1365 994 1442 Quorum
1017 1374 1104 1446 gesta
1136 1372 1169 1429 cl
1198 1365 1276 1428 tides

164 1468 341 1529 universim
363 1466 553 1530 eiuccscuut
574 1468 671 1529 sicuti
693 1468 725 1529 in
749 1469 863 1531 divinis
891 1469 1046 1531 scientia:
1074 1475 1107 1532 ci
1133 1485 1277 1548 quorum

164 1569 239 1630 iibri
262 1584 336 1629 sana
364 1567 509 1632 doctrina
545 1568 703 1643 conferti,
740 1570 910 1650 hucusque
936 1580 1065 1636 manent
1092 1589 1153 1651 pro
1177 1587 1212 1634 so
1243 1576 1276 1630 ct

165 1686 227 1748 pro
249 1669 391 1748 Origene
414 1677 520 1733 testes.

244 3447 278 3521 (⁸)
297 3447 336 3503 Et
346 3448 391 3503 hic
403 3445 583 3519 reputandum
594 3452 647 3512 est,
661 3443 735 3517 quod
744 3444 803 3517 jam
815 3442 908 3498 notavi
919 3442 948 3495 in
962 3438 1048 3495 Tomo
1061 3437 1112 3496 tv.
1126 3456 1151 3496 o.
1166 3439 1273 3496 XXIV.
1311 3484 1313 3488 Α

167 3558 203 3598 οι
220 3536 359 3599 Ootclcrio
376 3539 538 3600 Monumentc
555 3541 684 3600 Ecclesiae
700 3556 806 3614 praecor
824 3541 910 3596 Tomo
924 3541 975 3595 ΙΙΙ.
990 3540 1038 3596 ubi
1056 3541 1160 3612 inquit,
1180 3542 1279 3616 Cyriili
1321 3615 1323 3620 Ι

170 3623 318 3693 historiam
335 3635 366 3689 iu
385 3636 441 3690 vita
459 3651 484 3690 s.
504 3635 613 3691 Sabbaa
631 3643 660 3689 et
682 3633 829 3708 Euthymii
852 3635 978 3709 ¹falsatam
1000 3634 1088 3688 fuisso
1113 3634 1285 3690 c‘Simconc

170 3727 373 3801 Motaphr'astc.
392 3727 471 3784 Haec
488 3746 569 3800 porro
587 3729 696 3784 falsatio
715 3730 839 3801 apprime
856 3727 1043 3801 distinguitur
1060 3745 1095 3783 cx
1119 3728 1285 3784 narrationis

169 3819 347 3876 confusione.
367 3819 458 3886 Quam
476 3819 590 3893 quidem
608 3820 803 3878 confusionem
820 3819 967 3877 coufessus
985 3827 1081 3875 auctor
1098 3821 1169 3892 ipsa,
1186 3821 1286 3876 asserit

169 3918 267 3970 tamen
292 3931 324 3970 sc
347 3930 379 3970 cc
402 3929 513 3987 sttpctnc
537 3913 633 3971 oisionc
654 3913 727 3969 hanc
755 3913 900 3969 confusam
927 3916 1104 3986 compegisse
1130 3913 1284 3969 historiam.

169 4006 349 4078 Quapropter
366 4024 423 4062 nou
441 4013 486 4063 est
507 4007 728 4080 ambigendum,
751 4006 968 4080 origenistarum
990 4005 1125 4061 haeresim
1143 4014 1172 4062 et
1190 4024 1286 4064 corum

170 4097 394 4168 multitudinem,
413 4099 553 4158 mediante
572 4101 667 4158 scoulo
685 4100 733 4157 Vl.
754 4117 917 4157 evanescere
934 4099 1007 4156 iuter
1024 4100 1147 4156 visiones
1170 4107 1287 4158 noctur-

171 4194 226 4250 'uas
246 4193 375 4266 ejusdcm
393 4192 503 4269 cyrilli.

1132 4287 1173 4354 23
