2886 4784
161 460 247 520 terat
271 453 423 534 ignorare
444 455 550 535 ipsum
573 453 775 529 Eusebium,
797 453 895 534 cujus
915 455 1034 532 scripta
1057 455 1185 520 assidue
1209 475 1282 520 ver·

162 564 306 633 raserat,
329 556 361 618 in
382 574 442 620 suo
465 555 564 619 Libro
586 554 640 618 vt.
664 555 746 618 Hist.
769 553 860 619 Eccl.
884 573 913 618 c.
936 553 1088 618 Xlllllll.
1111 566 1222 636 aperte
1238 566 1283 621 te·

163 659 284 721 staria
310 675 344 720 se
372 666 405 721 et
434 666 640 722 sacrosancto
672 667 815 739 martyre
843 657 1012 734 Pamphilo
1035 658 1282 736 Apologeticum

164 775 226 838 pro
248 756 399 837 Origeuis
421 758 606 821 defensione
628 759 792 821 communi
812 757 921 820 studio
943 766 1041 838 atque
1063 777 1161 838 opera
1185 760 1284 824 luisse

164 859 374 924 elaboratum
397 869 459 922 etc.
485 879 501 917 s
524 857 638 940 ltaque
660 859 826 922 concludit
847 856 1085 943 Hieronymum
1108 862 1186 924 nihil
1210 881 1285 941 pro·

163 960 278 1024 iecisse
299 968 413 1045 contra
437 961 569 1024 Eusebii
590 964 841 1037 auctoritatem,
865 962 921 1040 qui
944 962 1006 1025 hoo
1027 961 1118 1041 Opus
1139 983 1164 1026 s.
1191 964 1282 1026 Pam·

164 1062 256 1143 philo
279 1063 451 1142 inscripsit.

247 1162 330 1227 Gum
352 1165 451 1244 igitur
473 1164 594 1227 trustra
626 1165 784 1228 laborarit
806 1183 831 1227 s.
854 1164 1074 1247 Hieronymus
1107 1166 1145 1227 ad
1179 1167 1283 1231 immi·

164 1264 329 1327 nuendum
351 1265 551 1344 Apolegctici
573 1274 795 1340 momentum,
819 1268 850 1327 in
871 1284 929 1328 sua
963 1266 1144 1345 integritate
1177 1276 1284 1332 manet
1392 1275 1395 1280 '

166 1365 342 1444 genuinum
365 1384 390 1428 s.
415 1363 573 1447 Martyris
597 1368 814 1429 testimouium
838 1368 932 1431 ‘circa
964 1365 1113 1446 Origeuis
1145 1378 1282 1432 mortem

162 1465 194 1527 in
216 1454 363 1529 Ecclesia
385 1465 564 1530 Catholica.
588 1466 629 1530 Et
650 1468 780 1548 quidem
804 1469 903 1548 magis
926 1471 957 1532 in
980 1469 1146 1547 proposito
1168 1479 1280 1533 nostro

164 1560 386 1645 proficiemus,
408 1568 486 1630 dum
508 1570 627 1631 scimus
651 1567 855 1648 Pamphilum
878 1585 1083 1648 nequaquam
1105 1572 1283 1649 suscepisse

163 1663 313 1745 Origeuis
334 1676 465 1745 partes,
487 1668 579 1746 quasi
603 1687 642 1729 eo
664 1686 768 1746 usque
792 1669 1001 1731 dubitaretur
1032 1669 1071 1733 de
1100 1671 1198 1750 ipsius
1227 1689 1283 1735 no-

164 1767 298 1829 rissima
319 1769 351 1828 in
373 1766 529 1833 Ecclesia.
553 1767 667 1830 Absit:
691 1769 836 1831 huonon
854 1769 925 1831 vult
940 1769 1141 1849 Apologista.
1159 1769 1218 1834 Sed
1234 1789 1282 1833 se·

162 1881 221 1927 cus
244 1865 375 1928 dimicat
395 1868 427 1929 in
448 1866 597 1946 Origeuis
620 1876 840 1944 accusatores,
863 1869 999 1932 miratus
1020 1887 1081 1933 cur
1104 1879 1179 1932 tunc
1204 1888 1283 1934 uon·

163 1967 247 2031 nulli
271 1974 393 2030 temere
415 1970 444 2032 ei
465 1969 689 2032 adscriberent
702 1987 801 2050 prava
818 1970 980 2049 dogmata,
997 1989 1073 2034 cum
1088 1973 1154 2050 ipse
1169 1972 1201 2033 iu
1219 1971 1278 2035 Ec·

162 2067 260 2130 clesia
277 2067 443 2132 Catholica
465 2071 621 2145 senuerit,
638 2077 732 2134 testes
754 2089 809 2134 eos
829 2071 939 2134 fideles
956 2089 1086 2147 vocans,
1102 2073 1158 2151 qui
1175 2073 1280 2137 oculis

160 2172 229 2235 suis
253 2169 411 2248 viderant,
430 2172 480 2234 nel
502 2173 639 2236 auribus
659 2175 726 2236 suis
747 2173 942 2237 audiverant
963 2173 1051 2254 pium
1067 2172 1214 2254 Origeuis
1237 2194 1280 2240 cx

159 2272 224 2335 hac
248 2272 310 2333 vita
334 2273 469 2335 exitum.

242 2371 352 2437 Testes
374 2393 428 2438 eos
453 2382 568 2449 vocat,
591 2375 646 2454 qui
674 2393 749 2437 eum
778 2373 970 2438 audiverant
991 2375 1179 2451 docentem,
1202 2394 1277 2441 suo·

161 2492 227 2554 que
250 2475 426 2538 novissimo
446 2477 621 2539 adstitere:
646 2484 676 2538 et
695 2475 771 2555 jure
793 2476 933 2555 quidem.
950 2475 1042 2542 Circa
1065 2495 1184 2540 sunum
1205 2475 1276 2547 249.

161 2576 243 2638 obiit
258 2575 413 2654 Origenes
435 2575 513 2658 Tyri
523 2597 535 2655 ;
557 2585 589 2639 et
610 2577 695 2638 circa
718 2592 837 2638 annum
858 2572 929 2642 306.
946 2578 1075 2657 scripsit
1093 2575 1279 2656 Pamphilus

160 2696 226 2740 non
247 2678 346 2758 longe
367 2679 407 2739 ab
429 2695 466 2740 ea
488 2680 620 2742 civitate
644 2678 836 2757 Apologiam
859 2679 1014 2742 adversus
1036 2679 1135 2758 ipsius
1160 2679 1281 2742 doctri·

161 2798 221 2844 nae
244 2780 456 2842 detractores.
481 2779 540 2844 Ubi
563 2784 594 2843 in
617 2781 727 2858 primis
750 2781 988 2859 conqueritur,
1010 2781 1096 2858 quod
1126 2781 1276 2845 nonnulli

160 2882 312 2946 eumdem
342 2883 539 2961 increparint
567 2889 758 2955 errantem,
792 2884 848 2960 qui
881 2883 1034 2959 magister
1065 2883 1280 2946 ecclesiarum

160 2985 283 3058 extitit,
299 2993 330 3046 et
352 2985 402 3062 pie
424 2993 573 3047 mortuns
595 2991 676 3045 erat.
700 2982 853 3048 Ceterum
877 2982 1098 3045 tantummodo
1120 2985 1194 3045 anni
1216 2986 1279 3048 cir·

160 3087 243 3149 citer
263 3086 428 3165 sexaginta
455 3084 496 3146 sb
525 3086 615 3147 obitu
650 3083 797 3164 Origeuis
830 3086 1026 3146 transierunt
1047 3102 1150 3162 nsque
1172 3085 1212 3147 ad
1234 3083 1278 3148 Α·

159 3187 334 3266 pologetici
356 3194 505 3247 aetatem.
532 3184 669 3261 idcirco,
692 3186 749 3248 nisi
765 3204 789 3248 s.
808 3183 937 3268 Martyr
953 3183 1114 3247 adstiterit
1127 3184 1278 3264 Origeuis

160 3286 281 3349 ultimo
303 3285 391 3365 lato;
414 3285 561 3363 proiecto
584 3285 658 3348 illos
681 3284 760 3348 vidit
780 3293 813 3348 ct
834 3303 907 3349 cum
930 3285 967 3347 iis
984 3290 1130 3347 versatus
1146 3291 1206 3359 est,
1222 3286 1279 3365 qui

158 3386 335 3464 Origenem
357 3386 521 3466 uiderunt,
537 3386 723 3460 audieruut,
740 3386 876 3465 ejusque
891 3386 1016 3448 exitum
1033 3393 1207 3448 noverunt.
1228 3385 1278 3447 ln·

158 3505 262 3565 super
282 3489 349 3566 ipse
371 3486 558 3565 Pamphilus
579 3489 623 3549 ait
644 3505 678 3549 se
700 3489 835 3566 genuina
858 3484 1007 3566 Origeuis
1028 3488 1147 3566 scripta
1172 3487 1278 3567 perle-

157 3588 262 3666 gisse,
285 3604 389 3666 eaque
421 3589 657 3666 transcripsisse
679 3586 717 3647 ad
742 3605 836 3649 usum
858 3588 1091 3649 ecclesiarum:
1115 3588 1158 3649 ita
1182 3595 1218 3650 ut
1241 3588 1299 3648 in.

157 3687 361 3768 praelatione
381 3687 454 3750 ideo
476 3689 630 3751 alacriter
650 3688 825 3767 loquatur:
844 3709 861 3748 u
878 3686 938 3751 Ubi
953 3687 1148 3767 autem-ejus
1163 3688 1275 3768 ipsius,

156 3789 217 3866 qui
239 3799 425 3862 accusatur,
445 3788 576 3852 vocibus
599 3790 738 3862 utimur,
759 3798 792 3850 et
812 3788 850 3850 ad
874 3806 983 3850 omues
1004 3788 1202 3867 objectiones
1224 3804 1276 3851 ac·

155 3897 349 3950 cusatorum
372 3893 439 3951 suis
462 3889 566 3951 verbis
588 3906 676 3963 eum,
699 3907 762 3950 non
784 3897 892 3951 nostra
922 3890 1112 3961 assertione,
1134 3886 1277 3950 delendi-

156 4006 248 4059 mus‚
269 4006 353 4066 quae
375 3989 461 4051 ultra
485 3989 623 4069 relinqui
648 3996 753 4068 potest
779 3989 1009 4053 criminationis
1041 3988 1191 4063 occasio,
1213 3987 1276 4048 sal-

154 4099 224 4151 tem
249 4089 296 4150 bis
319 4091 416 4170 ipsis,
439 4091 495 4170 qui
519 4109 580 4153 nou
605 4094 673 4153 veri
694 4091 825 4167 studio,
848 4091 901 4152 sed
926 4091 1017 4152 velut
1037 4089 1168 4150 libidine
1193 4107 1272 4168 qua-

152 4192 232 4252 dam
255 4192 406 4271 culpandi
428 4210 556 4272 semper
578 4191 770 4272 agitantur?
792 4192 833 4257 Et
861 4193 1013 4272 qnoniam
1048 4191 1087 4254 de
1118 4210 1158 4254 eo
1190 4207 1276 4254 nunc
