2886 4784
265 351 308 422 liz

268 464 372 536 ptum,
395 469 413 515 n
437 449 619 516 sacerdotio
639 449 724 514 idem
746 454 930 514 amovetur.
952 445 1045 524 Quae
1067 447 1134 512 dno
1158 447 1292 513 decreta
1316 463 1378 511 ma·

266 555 381 621 niieste
407 553 591 615 indicantur
611 553 642 614 in
671 554 775 615 citatis
805 548 995 633 Hieronymi
1023 551 1151 630 verhis3
1182 551 1277 632 prius
1308 569 1379 616 cum

268 652 544 732 dicitsOripeoes
564 655 741 717 damnatur
761 670 782 716 o
804 650 977 715 Demetrio:
1000 662 1109 733 postea
1131 653 1210 719 dum
1232 654 1292 729 ait,
1313 671 1384 717 coa·

268 764 352 818 ctam
374 772 438 818 non
461 752 607 831 Romae,
631 755 686 818 sed
711 753 929 816 Alexandriae
959 753 1120 836 synodum
1140 752 1290 835 ejusdam
1311 771 1384 817 eon·

267 859 403 922 sensisse
422 854 630 920 damnationi.
654 853 814 918 Eusebius
835 861 869 916 et
896 853 1086 933 Pamphilus
1116 857 1150 917 in
1171 854 1384 936 Apolopetiso

268 956 437 1043 praeclare
458 961 632 1032 testantur,
657 954 875 1019 Alexandriae
896 955 1002 1018 omnia
1026 961 1152 1036 patrata
1168 955 1330 1021 adsersus
1342 953 1384 1020 0·

272 1059 437 1137 ripsuem,
459 1074 545 1136 quae
564 1059 598 1120 in
617 1056 774 1136 praetatis
793 1058 911 1121 litteris
932 1055 1056 1120 Romae
1075 1064 1147 1121 aeta
1177 1075 1249 1121 esse
1277 1058 1383 1121 dicun·

273 1163 351 1222 tur:
374 1176 413 1222 ae
432 1158 635 1237 potissimum
657 1159 809 1239 inspectis
830 1158 975 1240 ejusdem
998 1157 1153 1222 Demetrii
1179 1160 1384 1238 rationibus,

272 1260 391 1338 quihus
411 1259 443 1321 in
467 1258 574 1322 virum
595 1258 737 1338 prohnm
758 1259 905 1323 intectus
925 1264 984 1321 est.
1007 1257 1059 1322 Oh
1073 1258 1226 1323 invidiam
1241 1260 1384 1340 iuquam,

272 1378 338 1440 qua
361 1359 542 1440 Episcopus
563 1361 703 1422 maxime
724 1365 757 1423 et
776 1359 833 1423 alii
853 1367 1059 1435 aestuarunt,
1077 1362 1154 1424 satis
1174 1362 1298 1437 conscii
1319 1361 1384 1424 nhi-

272 1478 338 1540 qua
359 1459 507 1539 origenis
532 1476 649 1522 nomeu
677 1461 860 1537 celebrari,
894 1461 1039 1542 undique
1066 1461 1106 1524 ad
1138 1461 1210 1542 ejus
1242 1461 1385 1525 scholam

272 1561 518 1624 adventantibus
548 1559 698 1625 fidelihus
719 1572 752 1626 et
772 1562 953 1626 infidelibus
976 1562 1054 1626 viris
1077 1562 1201 1626 doctis:
1231 1564 1290 1644 qui
1317 1561 1385 1644 eju

274 1664 454 1726 doctrinam
474 1661 626 1724 admirati
644 1672 722 1727 sunt
743 1672 777 1728 et
795 1666 985 1743 sapientiam
1010 1668 1055 1730 in
1072 1662 1385 1743 divinisScripturis

272 1764 470 1846 exponendis
489 1770 523 1828 et
543 1765 726 1828 christianis
748 1764 955 1829 enucleandis
976 1767 1162 1850 mysteriis,
1187 1773 1222 1828 et
1241 1765 1386 1846 ejusdem

276 1867 362 1930 vitae
390 1864 586 1946 probitatem
608 1872 641 1929 et
661 1866 881 1946 evangelicam
914 1867 1155 1947 perlectionem.
1177 1864 1386 1947 Quapropter

220 2037 222 2041 .
275 1985 339 2030 uon
359 1964 476 2032 Clarus
497 1983 653 2030 romanus
678 1967 721 2030 oh
741 1968 1027 2050 invidtampnod
1058 1967 1147 2032 iarre
1175 1985 1243 2032 nun
1263 1971 1387 2048 poterat

273 2069 438 2132 seientiam
459 2076 493 2132 et
513 2067 651 2146 gloriam
666 2068 872 2149 eloquentiae
885 2089 978 2146 suae,
989 2070 1114 2154 synodo
1127 2069 1285 2144 adunata,
1300 2067 1384 2133 data·

60 2214 66 2233 ,
153 2189 159 2194 ’
273 2171 363 2234 navit
382 2164 583 2251 Origedem5
601 2171 656 2233 sed
689 2181 820 2236 senatus
850 2172 1107 2249 alexandrinus,
1129 2179 1270 2252 urgente
1295 2169 1385 2234 valde

273 2268 428 2334 Demetrii
447 2271 578 2345 invidia,
601 2272 766 2334 damnavit
786 2289 849 2335 non
870 2273 1004 2350 solum„
1024 2273 1079 2337 sed
1107 2271 1148 2334 ah
1171 2271 1326 2354 Aegypto
1349 2268 1384 2339 il·

273 2371 343 2435 lum
364 2373 498 2436 amovit.
522 2369 596 2436 Nou
617 2373 649 2434 iu
669 2374 782 2436 schola
804 2393 951 2451 romana,
973 2377 1044 2454 ipso
1065 2374 1251 2454 disputante
1275 2380 1310 2437 et
1332 2372 1384 2435 do·

276 2483 381 2547 ceute,
403 2473 458 2536 sed
480 2474 512 2535 in
533 2473 644 2536 schola
667 2474 900 2549 alexandrina,
922 2475 1064 2555 undique
1086 2474 1167 2538 illuc
1188 2473 1385 2539 consolanti·

277 2575 336 2636 hus
358 2573 557 2654 philosophis
579 2574 617 2636 ad
641 2575 733 2637 illum
756 2575 965 2652 audiendum,
991 2585 1110 2639 tautam
1125 2576 1317 2654 sapientiam
1331 2576 1384 2640 mi·

276 2676 350 2751 rati,
375 2676 533 2752 tacebant,
550 2678 688 2756 etquasi
709 2677 790 2739 muti
813 2678 1022 2756 putahautur'.
1040 2677 1152 2754 Quare
1172 2678 1282 2740 litore
1303 2678 1384 2758 capti

276 2774 460 2839 Demetrias
481 2775 628 2858 aliique,
651 2778 902 2841 commotisunt
930 2785 1043 2841 contra
1064 2795 1139 2841 eum
1169 2795 1234 2840 nou
1256 2786 1384 2859 proper

274 2878 433 2940 haeresim
457 2877 508 2941 sel
530 2879 717 2959 dogmatum
733 2881 910 2942 novitatem
930 2880 984 2943 sed
1007 2879 1050 2943 oh
1070 2880 1235 2946 insidiam.
1257 2878 1301 2945 Et
1314 2897 1383 2945 stuc

277 2978 517 3054 Alexandriae,
541 2981 596 3044 uhi
618 2999 764 3060 eousque
786 2981 919 3055 docuit,
943 2981 1005 3044 hoc
1031 2980 1161 3044 iactum
1177 2998 1249 3046 esee
1268 2982 1384 3062 legitur
1407 2978 1410 2983 ’

274 3100 338 3144 non
360 3080 484 3146 Romae
506 3083 562 3146 ubi
584 3100 647 3147 non
668 3083 804 3158 docuit,
829 3100 933 3163 neque
955 3083 1028 3147 ideo
1048 3084 1190 3162 suspicio
1211 3103 1321 3166 nepus
1338 3101 1385 3148 ae·

276 3179 401 3245 cusatio
424 3181 467 3244 oh
489 3183 648 3246 haeresim
668 3183 700 3245 iu
722 3180 895 3261 origenem
916 3181 1029 3246 inferri
1051 3190 1191 3262 poterat·

354 3279 486 3363 Utique,
509 3288 681 3366 antequam
703 3282 745 3344 ah
767 3282 915 3366 Aegypto
936 3283 1117 3347 discederet
1130 3290 1165 3346 et
1176 3283 1386 3350 damnaretur

276 3403 293 3446 a
316 3397 430 3450 senatu
452 3385 680 3461 alexandrino,
703 3385 853 3463 Romam,
877 3383 1061 3468 zephyrino
1076 3385 1175 3465 Papa,
1197 3404 1234 3450 se
1255 3386 1389 3455 contulit

278 3486 506 3550 Adamantius:
531 3505 646 3567 quum,
670 3495 750 3551 teste
772 3488 926 3565 Eusebio,
941 3490 1000 3552 sihi
1023 3490 1055 3551 in
1076 3490 1195 3569 optatis
1215 3499 1289 3554 erat
1310 3490 1386 3556 hsut

278 3589 397 3651 visendi
420 3585 610 3664 Ecclesiam,
627 3607 689 3652 non
711 3590 845 3652 docendi
866 3590 921 3652 sed
938 3590 1078 3654 discendi
1093 3607 1204 3668 cansa,
1219 3609 1280 3656 neo
1298 3592 1386 3657 rehu

276 3690 341 3751 lam
362 3690 517 3770 erigendi,
539 3698 588 3753 ast
610 3691 708 3772 hujus
731 3689 894 3754 Ecclesiae
918 3694 1154 3756 vetustissimae
1175 3693 1385 3774 apostolicam

275 3792 464 3874 assequendi
485 3792 700 3856 traditionem.
721 3792 857 3868 idcirco,
875 3793 1011 3858 admissa
1027 3793 1159 3858 Eusebii
1180 3798 1385 3881 auctoritate,

275 3897 301 3956 si
323 3897 451 3960 dicatur
471 3896 571 3958 semel
594 3902 717 3959 tautum
742 3895 878 3959 Romam
902 3898 1024 3960 venisse
1036 3940 1049 3972 ,
1069 3904 1101 3960 et
1122 3897 1255 3978 quidem
1278 3896 1385 3962 Eccle-

275 3997 354 4058 siam
385 4004 516 4074 regenta
540 3994 746 4079 zephyrino,
770 4004 847 4062 tuuc
874 4005 1015 4063 errasset
1041 3996 1283 4080 Hieronymus,
1308 4015 1387 4073 asse·

267 4115 351 4159 rens
376 4096 508 4162 Romam
535 4102 731 4165 consensisse
760 4096 956 4164 damnationi
984 4099 1154 4182 Origenis,
1181 4116 1199 4162 a
1226 4097 1387 4164 Demetrio

211 4224 218 4237 ’
277 4206 368 4262 antea
393 4199 610 4266 Alexandriae
633 4201 847 4283 subscriptae,
870 4220 946 4266 cum
968 4203 1028 4266 hac
1051 4202 1118 4283 ipsa
1140 4199 1317 4288 zephyrini
1339 4217 1386 4263 ae·
