2886 4784
156 463 189 515 et
213 451 385 516 innocentii
404 446 507 528 Papae
530 449 697 514 decretum
720 465 780 529 pro
795 448 917 532 synodo
936 445 1174 510 Thessalonicae.
1184 465 1236 510 con·

157 553 316 632 greganda
351 555 381 613 in
412 551 560 630 Origenis
592 568 710 613 causae
745 547 1027 637 recognitionem?
1059 548 1128 612 Non
1155 549 1183 610 lii
1204 567 1239 608 sn·

158 653 227 716 lum
251 654 333 714 hanc
355 652 540 731 postulant,
562 650 616 712 scd
641 659 672 712 et
702 652 842 714 maxime
864 653 1020 712 instanter
1042 656 1150 730 petunt
1169 653 1242 730 ipsius

157 754 300 832 scripta,
324 752 593 831 peritissimorum
619 753 764 813 virorum
787 751 894 813 studio
916 769 932 812 a
958 750 1048 814 falsis
1074 760 1107 813 et
1138 768 1243 833 apocrp

157 855 228 933 plris
249 860 437 934 segregata:
463 852 517 915 ubi
539 853 697 916 catholica
725 853 896 926 doctriua,
923 853 972 914 vel
994 854 1097 915 satius
1119 855 1246 933 iuquam,

112 966 116 976 ’
159 951 348 1040 Symbolum
370 953 582 1034 apostolicum
605 953 813 1031 explanatur,
830 962 1071 1032 propugnatur,
1087 955 1205 1032 saepius
1216 953 1249 1013 in·

158 1064 323 1119 noratur:
347 1064 379 1118 et
400 1054 619 1134 persingulas
641 1053 711 1133 ejus
734 1062 840 1132 partes
870 1055 1040 1115 excutitur
1062 1054 1103 1115 ab
1124 1055 1204 1115 initio
1222 1055 1250 1112 ad

59 1160 61 1164 ’
159 1156 255 1220 finem
280 1166 363 1220 tanta
387 1157 482 1218 animi
505 1156 687 1228 alacritate,
712 1155 887 1217 verborum
913 1155 1156 1233 perspicuitate,
1177 1174 1253 1233 argv-

160 1268 344 1323 mentorum
368 1258 498 1325 rubore,
514 1275 552 1318 ac
573 1256 807 1318 discussinnum
831 1256 1059 1335 amplitudine,
1076 1265 1112 1318 ut
1127 1275 1212 1320 nemo
1224 1275 1255 1317 en

160 1359 274 1440 priscis
298 1357 446 1420 Patribus
467 1355 599 1435 Origeni
623 1355 883 1435 aequiparandus
904 1355 955 1416 sit.
1050 1342 1056 1351 ‘

242 1457 283 1539 Et
305 1477 339 1520 re
360 1458 490 1538 quidem
515 1476 603 1530 vera,
617 1460 688 1537 quis
713 1459 797 1518 inter
819 1456 1003 1535 primaevos
1025 1453 1188 1519 Ecclesiae
1208 1457 1256 1519 llo·

160 1568 267 1624 atores
289 1578 364 1623 curu
386 1561 452 1622 suis
473 1561 601 1640 scriptis
616 1561 722 1622 adhuc
737 1558 981 1639 superstitibus,
998 1576 1110 1621 eoram
1127 1559 1257 1622 Patribus

162 1661 341 1725 tridentinis
364 1665 406 1724 ita
426 1654 580 1724 alacriter
594 1679 628 1722 se
642 1663 754 1722 sistere
777 1660 912 1739 poterit,
936 1677 998 1720 non
1018 1661 1126 1722 solum
1142 1661 1257 1724 catholi-

162 1781 232 1825 cam
256 1761 349 1824 iidenr
371 1763 547 1825 summarie
568 1762 733 1842 professus
745 1806 758 1841 ,
779 1762 833 1823 sed
856 1769 886 1822 et
909 1771 1024 1823 cuncta
1053 1781 1211 1841 exponens
1227 1761 1259 1823 ab

163 1864 281 1927 eisdem
304 1862 464 1928 decreta?
486 1862 569 1926 Ecce
592 1864 658 1942 ipsc
679 1871 742 1925 stat
763 1881 873 1924 coram
896 1860 1027 1945 Synndn
1049 1873 1081 1925 et
1102 1869 1157 1924 ait.

246 1965 310 2029 Vos
325 1968 355 2028 in
370 1965 491 2045 Spiritu
504 1965 622 2031 Sancto
639 1966 841 2042 congregati,
858 1963 929 2025 ndei
947 1963 1177 2043 professionem
1197 1967 1259 2027 eni·

162 2069 269 2143 sistis,
291 2068 432 2129 dicentes
455 2086 471 2124 <v
496 2064 679 2156 innomine
700 2073 828 2126 sanctae
850 2072 881 2123 et
902 2064 1090 2127 individuae
1114 2064 1260 2128 Trinitatis

166 2167 268 2230 Patris
290 2176 322 2230 et
344 2166 417 2229 Filii
444 2172 476 2229 ei
504 2165 643 2246 Spiritus
675 2165 794 2230 Sancti.
819 2183 835 2218 a
860 2162 893 2225 ln
917 2163 976 2226 ltoc
1000 2167 1197 2231 confessione
1215 2184 1259 2228 vo·

164 2270 211 2330 bis
234 2271 384 2349 praeveni
414 2288 455 2332 ex
483 2265 619 2331 Scholiis
651 2265 688 2329 ia
718 2264 913 2326 Mottdoectn
934 2283 963 2327 c.
985 2263 1203 2333 xxvihela.
1224 2269 1259 2331 in·

163 2371 293 2448 quiens:
309 2367 397 2435 Unus
418 2378 481 2445 est,
502 2369 557 2449 qui
574 2360 691 2440 salvat,
714 2384 776 2428 una
800 2372 847 2427 est
869 2365 969 2428 salus.
992 2363 1083 2430 Unus
1107 2370 1195 2432 vivus
1213 2366 1258 2429 Pa·

164 2479 226 2546 ter,
250 2467 353 2532 Filius
376 2479 408 2533 et
428 2469 568 2548 Spiritus
589 2468 736 2534 Sanctus.
752 2463 841 2529 Unus
863 2475 909 2557 est
933 2483 994 2525 non
1011 2469 1151 2541 coitione
1165 2469 1259 2537 trium,

165 2570 219 2631 ned
243 2572 336 2634 unica
360 2573 515 2634 essentia:
541 2581 605 2633 tres
629 2587 707 2653 vero
728 2569 916 2648 hypostases
938 2568 1104 2645 perlectae
1127 2570 1258 2632 inomni·

155 2671 226 2734 .bus
248 2673 339 2735 etad
362 2692 396 2735 se
417 2674 552 2735 invicem
576 2674 710 2737 relatae.
733 2659 831 2736 Κατὰ
853 2668 948 2758 φύσιν
977 2672 1156 2735 secundum
1185 2684 1259 2733 natu·

168 2788 237 2833 ram
260 2773 369 2850 genuit
392 2771 488 2834 Pater
498 2792 510 2851 3
534 2783 565 2835 et
587 2783 761 2853 propterea
794 2767 969 2864 ὁμοόυσιος
1000 2770 1259 2838 consubstantialis

165 2876 290 2952 genitus
311 2886 358 2937 est
380 2884 441 2938 etc.
463 2894 479 2931 >t

247 2973 310 3039 Vos
333 2979 363 3039 in
385 2973 515 3056 Synodo
536 2994 632 3039 unam
656 2976 833 3041 Ecclesiam
856 2979 992 3041 confessi
1015 2978 1091 3055 estis
1113 2984 1257 3044 sanctam,

111 3088 113 3091 ’
166 3077 357 3140 catholicam
386 3086 417 3140 et
439 3079 675 3158 apostolicam,
700 3092 793 3142 extra
817 3099 915 3160 quam
944 3097 1006 3140 non
1037 3089 1086 3141 est
1116 3078 1208 3140 salus.
1228 3071 1258 3134 u

119 3210 123 3217 ,
166 3197 229 3258 ego
248 3180 322 3240 item
345 3179 490 3259 quotidie
511 3180 633 3242 credidi
658 3187 690 3242 et
712 3182 877 3246 confessus
898 3201 991 3256 sum,
1011 3198 1114 3242 neom
1135 3197 1194 3240 essa
1212 3173 1259 3236 llo·

165 3299 250 3344 mum
273 3279 342 3354 Dei,
369 3277 532 3343 Civitatem
561 3279 656 3357 Verbi,
679 3281 852 3346 Ecclesiam
876 3290 1020 3345 coactum
1042 3291 1071 3344 et
1091 3277 1258 3344 immacuta-

164 3391 241 3458 tum,
265 3391 356 3444 caetra
376 3400 472 3463 quom
493 3400 582 3444 nemo
603 3384 758 3445 sulcatur.

244 3481 310 3546 llos
331 3486 362 3545 in
384 3485 528 3549 Concilio
550 3485 703 3548 docuistis
726 3487 899 3566 utriusque
928 3487 1003 3548 novi
1025 3492 1056 3545 et
1081 3485 1196 3548 veteris
1213 3477 1258 3541 lc·

165 3586 314 3647 stamenti
336 3603 437 3648 unum
459 3583 562 3647 Deum
585 3604 653 3649 esse
668 3593 853 3649 auctorem:
870 3597 902 3648 et
916 3586 1078 3647 librorum
1095 3585 1258 3648 divinorum

166 3683 328 3746 Cononem
350 3693 461 3746 contra
485 3685 716 3748 reformatores
736 3687 906 3762 statuistis,
924 3688 1042 3748 horum
1066 3703 1201 3749 numero
1218 3681 1259 3740 de·

156 3782 267 3846 >finito
291 3781 361 3862 Ego
383 3793 490 3847 autern
516 3794 663 3848 veterum
687 3785 821 3848 Patruus
855 3787 978 3866 primus
1010 3786 1098 3847 huuc
1130 3782 1259 3847 eumden

167 3883 341 3955 (lenonem,
365 3903 381 3944 a
407 3885 577 3948 traditione
599 3887 776 3965 apostolica
799 3897 989 3967 acceptum,
1012 3888 1201 3949 confirmavi
1219 3881 1262 3944 ad·

169 4003 281 4051 versus
299 3984 436 4063 judaeos
457 3992 489 4047 et
511 3985 728 4064 qvvoruvndnnv
751 3988 1003 4050 christianorum
1026 3987 1138 4049 dubia.

248 4082 312 4146 Vos
334 4087 529 4162 apostolicae
542 4087 707 4148 doctrinae
730 4089 936 4151 inhaerentes
950 4088 1109 4151 statuistis
1125 4079 1260 4166 Baptirmi

167 4192 404 4249 sacramentum
427 4186 568 4249 covrlerri
592 4204 649 4267 per
671 4188 852 4253 absolutam
885 4188 1121 4253 invocationem
1149 4186 1263 4253 sanctis·
