2886 4784
163 417 230 493 ipso
261 416 437 492 exposuit,
471 415 598 478 nulium
630 415 770 496 aiicujus
793 416 956 479 ‘varietatis
986 416 1173 492 opposuerit
1193 414 1256 475 indi·

159 519 268 588 oium,
293 519 414 585 (sicuti
437 517 562 579 notavit
584 517 760 596 aliquando
782 518 812 579 in
836 519 1059 597 percurrendo
1084 517 1259 596 Evangelio·

159 634 232 679 rum
255 616 500 696 manuscriptis)
523 616 663 696 amplius
684 616 872 679 excinditur
889 618 1108 680 recentiorum
1125 617 1257 681 codicum

159 719 257 781 lectio
281 719 327 780 uti
351 717 559 796 interpolata,
581 718 684 779 attera
707 719 927 796 antiquissima
950 726 1096 798 occepta.

246 818 403 895 Quamvis
424 825 532 881 autem
556 818 725 896 hueusque
745 836 843 898 supro
866 819 1014 898 Origenis
1037 820 1262 897 interpretatio·

157 937 229 982 nom
252 918 395 982 discussa
421 918 562 981 validum
584 919 789 997 suppeditent
808 930 1037 999 argumentum
1053 920 1218 982 dubitandi
1231 921 1262 980 de

120 1080 123 1086 .
157 1021 255 1099 hujus
277 1037 307 1082 s.
327 1018 358 1085 9.
383 1021 565 1082 sinceritate
588 1021 685 1098 juxta
709 1019 881 1082 editionem
907 1021 1091 1099 vulgatam3
1117 1020 1262 1083 nihilomi·
1304 1098 1306 1102 A

158 1139 218 1184 nus
240 1138 303 1184 nou
324 1129 372 1184 est
392 1121 576 1193 silendum,
606 1122 693 1200 quod
728 1123 829 1183 veteri
862 1120 1124 1201 interpretationi
1154 1122 1259 1184 latinae

159 1222 258 1303 hujus
280 1221 501 1285 commentarii
523 1224 554 1282 in
576 1220 637 1283 iioe
656 1222 863 1296 expositionis
879 1224 1048 1286 commatis
1072 1221 1104 1288 8.
1123 1223 1259 1286 insertans

160 1323 258 1386 inisse
282 1324 458 1386 verborum
480 1326 676 1400 portionem,
704 1341 789 1402 quae
810 1325 953 1386 citantur
975 1327 1006 1385 iu
1031 1343 1059 1387 r.
1082 1324 1114 1389 9.
1132 1326 1262 1388 lectionis

156 1424 325 1503 vulgatae:
344 1423 414 1486 dico
435 1434 539 1487 autem
560 1422 656 1498 codis,
682 1423 832 1503 quoniam
852 1424 1043 1506 quicumque
1064 1424 1218 1489 dimiserit
1235 1443 1262 1484 u·

155 1543 261 1587 uorem
281 1543 386 1596 sucin,
409 1524 475 1587 nisi
494 1525 530 1586 od
551 1543 680 1588 causum
699 1524 936 1604 fornicationis,
958 1535 986 1587 et
1008 1515 1111 1589 atium
1134 1525 1261 1596 decerit,

160 1625 348 1688 moechatur.

238 1725 327 1792 Haec
348 1736 457 1790 autem
478 1727 600 1789 intrusa
625 1727 723 1790 inisse
744 1744 761 1787 a
783 1728 936 1806 quopiam
958 1726 1060 1790 iatino
1081 1728 1254 1790 amanuensi

159 1827 384 1889 demonstratu
407 1826 493 1889 baud
516 1827 656 1888 arduum
680 1834 738 1889 est.
764 1825 802 1889 Et
825 1828 964 1905 primum
987 1829 1076 1903 quod
1103 1827 1134 1887 in
1162 1843 1262 1904 graeco

162 1937 254 1991 testu
276 1929 350 2005 (eui
373 1928 434 1990 hoe
460 1925 490 1987 in
513 1927 587 1988 loco
614 1925 713 1989 Vetus
737 1925 964 2004 interpretatio
989 1929 1212 1989 commentarii
1229 1926 1277 1988 0··

162 2030 280 2107 rigeois
301 2028 337 2090 in
353 2015 547 2092 ,Mastiacum
569 2045 703 2107 prorsus
724 2029 885 2102 convenit)
905 2026 1143 2090 desiderentur.
1158 2027 1262 2092 s-euo-

159 2128 213 2200 do,
229 2136 261 2189 ot
283 2128 344 2190 hoc
366 2128 579 2207 potissimum,
596 2125 685 2206 quod
705 2126 905 2189 antecedenti
928 2136 1112 2204 repugnent
1134 2130 1261 2188 sermoni

158 2237 192 2292 et
219 2229 438 2307 consequenti.
463 2227 655 2307 Repuguant
685 2245 760 2290 saue
782 2227 981 2289 antecedenti
993 2245 1005 2304 3
1022 2245 1096 2288 uem
1118 2225 1259 2306 Origenes

158 2332 202 2392 ibi
224 2330 406 2392 immediate
426 2348 494 2403 eos,
517 2332 587 2408 qui,
612 2329 739 2392 visente
760 2329 920 2409 conjuge,
943 2320 1028 2390 oties
1053 2332 1260 2406 permiserunt

156 2431 296 2509 nuptias,
320 2437 431 2509 aperte
453 2430 610 2508 increpat,
627 2427 735 2491 diceus
756 2429 913 2491 adsersus
929 2447 966 2490 ea
984 2429 1106 2501 iacere,
1124 2447 1208 2509 quae
1226 2428 1259 2490 ab

156 2532 248 2592 initio
269 2532 389 2608 scripta
412 2529 562 2601 fuerent,
586 2529 688 2590 idest:
711 2537 804 2591 crunt
824 2530 887 2591 duo
907 2528 942 2591 in
973 2547 1073 2591 eorus
1107 2549 1195 2604 ono,
1218 2529 1261 2591 uhi

159 2630 274 2692 desinit
295 2647 406 2690 sensus
428 2636 460 2689 et
480 2636 583 2690 cessat
607 2627 764 2691 discussio
790 2627 979 2708 Interpretis
1000 2629 1040 2689 de
1062 2629 1204 2710 conjugii
1225 2630 1261 2690 in·

159 2730 371 2794 solubilitate.
397 2727 614 2807 interpolator
640 2738 749 2790 autem
772 2739 887 2808 putans
909 2729 1105 2791 confirmare
1134 2729 1266 2809 proposi·

157 2841 239 2902 tum,
256 2838 326 2907 post
343 2831 439 2890 verbe
461 2830 614 2890 aduersus
634 2846 683 2896 cn,
699 2845 779 2906 quae
800 2828 919 2907 scripto
939 2839 1015 2890 sunt
1037 2828 1076 2891 ab
1098 2828 1205 2903 initio,
1222 2832 1265 2890 ais

52 2987 54 2990 .
157 2930 264 2991 sointe
286 2927 444 3007 subjecit:
468 2926 538 2988 dico
560 2935 663 2989 autem
683 2927 782 3000 codis,
799 2927 948 3008 quonium
975 2926 1166 3009 quicumque
1187 2928 1266 2990 dimi·

160 3028 237 3091 serit
257 3028 389 3091 osorem
410 3047 501 3090 suain
522 3026 588 3089 nisi
606 3029 642 3089 od
664 3046 792 3090 causum
811 3026 1051 3107 fornicationis,
1065 3028 1266 3092 etciiamdu·

158 3128 256 3203 oreris,
279 3129 479 3200 moechatum
502 3147 586 3207 quae
607 3130 704 3191 verba
727 3130 956 3192 contradicunt
972 3132 1156 3208 praemissis
1178 3141 1208 3192 et
1230 3132 1268 3191 io·

162 3224 300 3291 cutionis
322 3229 437 3290 ordini.
461 3226 534 3291 Non
557 3228 641 3290 enim
676 3231 707 3288 iu
739 3230 920 3309 praemissis
953 3229 1123 3292 inducitur
1149 3230 1268 3293 locutus

161 3345 220 3389 nec
243 3325 411 3400 berctinus,
436 3345 493 3388 nec
516 3326 722 3405 Evangciista
746 3330 776 3387 in
800 3327 920 3390 Christi
943 3330 1085 3401 nomine,
1111 3340 1147 3392 ut
1169 3329 1269 3390 deinde

71 3442 80 3467 t
161 3439 340 3506 sequatur:
363 3427 431 3489 dico
453 3437 557 3489 nutem
578 3427 661 3489 vodis
682 3438 743 3489 etc.
765 3428 825 3490 Sed
853 3429 1002 3506 loquitur
1023 3430 1203 3508 Origenes,
1223 3447 1268 3490 eos

161 3529 338 3610 corripiens
360 3531 416 3606 qui
438 3529 616 3589 divortium
639 3531 856 3606 permiserunt
870 3531 1037 3612 *adversus
1059 3549 1112 3604 ea,
1130 3551 1215 3609 quae
1234 3532 1267 3591 ab

164 3631 253 3690 initio
274 3630 393 3707 scripte
416 3639 509 3696 suut:
533 3628 571 3691 od
593 3626 687 3690 initio
707 3638 811 3693 cutem
832 3649 896 3691 non
910 3630 976 3709 fuit
989 3629 1047 3690 sic.
1065 3631 1220 3695 Ceterum
1237 3631 1270 3693 ait

163 3731 252 3792 initio
274 3748 336 3792 uon
360 3730 420 3793 iuit
441 3732 598 3808 scriptum
612 3732 627 3791 :¹
643 3728 832 3810 quicumque
854 3729 1012 3792 dimiserit
1033 3749 1167 3793 umorem
1190 3750 1270 3794 suun

163 3830 228 3891 nisi
249 3829 284 3890 od
305 3847 436 3891 causum
456 3828 681 3908 fornicationis
703 3838 763 3893 etc.
786 3831 841 3894 sed
864 3833 1021 3909 seriptum
1044 3841 1116 3894 est:
1140 3839 1269 3894 cierunt

164 3932 226 3993 diso
248 3929 282 3992 in
303 3949 398 3992 carne
419 3950 496 3993 urio.
515 3929 604 3994 Unde
626 3940 750 3992 cottstat
772 3933 869 3993 citata
894 3932 990 3992 verba
1005 3952 1013 3992 :
1031 3930 1221 4012 quicumque
1232 3930 1270 3992 di·

164 4027 284 4091 miserit
305 4038 367 4092 ete.
391 4034 579 4108 surreptitia
604 4032 738 4093 haberit
762 4050 867 4110 eoque
891 4036 990 4111 magis
1012 4033 1103 4111 quod
1126 4035 1215 4096 riuila
1235 4048 1269 4094 ex

165 4128 337 4206 tornum,
359 4128 466 4208 iuquit
492 4130 646 4195 dominns
657 4174 669 4205 ,
691 4130 740 4194 ait
769 4130 999 4212 licanpeiista,
1031 4129 1185 4212 scriptum
1214 4140 1267 4204 est,
