2886 4784
58 466 175 528 mitium
193 464 389 544 adaptentur
406 463 531 525 unitati.
549 459 620 526 Hoc
637 464 719 527 idem
734 460 863 527 Iustum
877 468 1003 529 cerium
1020 467 1190 534 Amicitias

60 567 323 630 mommilitnnem
349 565 561 643 Empedocles
584 553 710 629 Musam
735 568 887 630 invocans
907 582 1074 650 precatur,
1091 583 1127 636 ut
1148 575 1192 651 ti·

68 672 230 746 himetipsi
253 668 413 730 auxilium
437 667 532 740 ierat,
558 666 644 730 hunc
669 664 699 728 iri
722 670 853 732 modum
877 672 1005 735 dicens:

152 769 184 832 Si
209 770 263 831 uni
287 752 473 842 mortalium
498 768 620 842 lavans,
643 769 792 832 coelestis
815 769 928 846 Musa,

153 869 328 945 (Gaudes)
351 868 574 932 meditationes
597 879 721 932 nostras
744 874 941 952 prospicere,

149 965 329 1063 Ευχομένῳ
351 969 408 1038 νῦν
431 955 506 1038 ἆυτε
529 963 729 1066 ropicrcrco,
744 970 951 1058 καλλιόπεεα,

147 1068 236 1166 ἀμφί
260 1073 340 1143 θεῶν
364 1069 521 1177 μακάρων
544 1064 672 1166 ἀγαθὸν
695 1073 794 1166 topos
817 1073 1017 1171 imprimeret.

152 1179 301 1241 Procanti
324 1198 408 1242 nunc
432 1198 546 1242 rursus
567 1181 692 1253 adesto,
716 1179 875 1263 Calliope,

153 1279 235 1344 mint
257 1282 296 1342 de
317 1281 376 1341 diis
398 1280 499 1342 bostis
519 1278 634 1342 donoro
655 1279 783 1344 cerium
806 1284 1067 1347 manifestantis

152 1381 327 1458 Quomodo
350 1400 427 1444 vero
449 1382 489 1442 ab
512 1383 571 1442 hac
589 1381 792 1460 Empedoclis
808 1386 1009 1448 invocatione
1025 1404 1101 1466 erga
1117 1405 1190 1451 coe·

59 1480 185 1546 ’testem
209 1501 334 1545 musam
357 1491 388 1544 et
409 1485 574 1560 speciatim
597 1502 638 1546 ex
660 1484 751 1546 dictis
773 1483 1052 1571 norhamtunam,
1074 1505 1190 1552 ernen-

61 1587 147 1646 ‹lnm
169 1585 223 1658 sit,
248 1593 284 1646 nt
307 1584 377 1646 vult
400 1584 601 1667 Anonymus,
627 1587 757 1647 tertium
783 1589 988 1666 principium,
1002 1589 1070 1651 sire
1089 1586 1191 1652 Justi·
1275 1610 1280 1618 ·

62 1684 136 1759 sta,
160 1686 249 1765 quod
274 1685 414 1749 medinm
448 1685 569 1762 reperit
592 1683 720 1765 Propon
741 1687 826 1748 inter
848 1689 969 1749 malum
1004 1698 1038 1750 ct
1068 1687 1190 1752 honum

47 1782 173 1850 Deum
196 1806 212 1848 a
236 1785 403 1849 Marcione
426 1788 651 1858 coristitutnm‚
675 1788 815 1849 arduum
837 1789 915 1850 satis
938 1789 1015 1850 mihi
1038 1798 1084 1852 est
1107 1789 1192 1851 diri·

50 1891 149 1949 mari.
173 1887 257 1950 Saue
278 1889 396 1949 mirum
419 1896 451 1948 et
473 1887 672 1948 tantumdem
696 1888 853 1951 absonum
875 1889 1031 1969 estquod
1057 1889 1189 1974 Anony-

59 2007 142 2051 mus
157 1988 198 2050 ah
213 1988 261 2050 his
285 1988 443 2062 versibus,
458 1989 555 2051 eruit.
575 1987 671 2050 Poeta
689 1986 871 2067 Calliopem
893 1996 1052 2068 precatur
1074 1995 1111 2052 ut
1130 1989 1192 2053 sihi

54 2090 164 2160 adsit,
189 2091 244 2168 qni
266 2090 306 2150 do
328 2090 386 2151 diis
410 2089 510 2157 beatis
531 2087 647 2150 losum
667 2088 797 2150 verdum
819 2091 887 2151 sire
909 2089 989 2150 bene
1011 2090 1190 2153 locuturus

52 2200 124 2254 est.
139 2187 236 2266 Quod
253 2190 350 2252 aliter
368 2189 492 2251 Auctor
508 2199 630 2264 noster,
649 2189 847 2253 vocabulum
864 2207 1037 2253 commune
1055 2190 1191 2254 transic-

63 2311 142 2355 rens
165 2290 204 2353 ad
228 2289 327 2352 Verbi
355 2291 453 2351 divini
480 2307 664 2370 personam,
683 2297 776 2353 vocat
797 2286 922 2353 lustum
945 2289 1193 2354 certamimis.
1293 2314 1308 2335 ·

62 2395 132 2456 tiae
154 2392 419 2454 commilitonem.
447 2389 491 2453 lta
506 2391 592 2454 enim
608 2401 743 2470 accepto
759 2394 914 2466 carmine,
930 2410 1042 2454 sensus
1056 2392 1193 2455 coniun-

64 2495 173 2569 ditnr‚
193 2499 226 2555 et
246 2509 363 2570 scopus
387 2490 512 2554 lallitnr
536 2490 751 2570 Empedoclis.
771 2492 957 2567 Praeterea,
981 2492 1068 2572 quod
1091 2494 1192 2574 magis

68 2596 191 2655 mirum
214 2600 284 2664 est,
309 2602 480 2669 postquam
512 2593 594 2653 harre
619 2593 794 2670 ignobilem
816 2602 962 2656 statuere
982 2594 1191 2657 collationem

64 2697 159 2756 nisus
181 2703 229 2755 cst
251 2695 439 2774 Anonymns
460 2713 501 2754 cx
528 2693 712 2770 Philosophi
735 2694 845 2766 dictis,
872 2712 911 2756 ne
941 2696 1037 2757 sensit
1058 2695 1190 2775 quidem

62 2794 100 2855 in
123 2794 222 2856 tertio
244 2792 399 2871 Proponis
416 2793 571 2873 principio
596 2792 825 2871 comprehendi
851 2811 915 2856 non
942 2791 1046 2856 Deum
1069 2795 1190 2856 honum

61 2895 124 2956 ssd
149 2892 254 2957 Deum
274 2893 414 2973 justum,
437 2893 519 2956 idest
541 2893 682 2955 medium
699 2895 783 2956 inter
798 2894 917 2957 bonnm
933 2902 966 2956 et
992 2895 1128 2971 malum,
1152 2905 1190 2958 ut

69 3003 146 3073 apte
161 2995 285 3055 notavit
301 2991 536 3056 Tertullianus.
559 2994 762 3072 Proindeque
783 3004 814 3057 et
838 2995 911 3056 hinc
931 3013 1066 3074 quoque
1088 2996 1191 3057 cerni·

73 3104 128 3158 tur
161 3094 479 3157 trustra-lahorasse
504 3095 708 3178 Anonymum
741 3096 987 3172 ingressorum
1019 3102 1189 3174 poetarum

64 3197 274 3276 quaerenda,
297 3197 351 3258 uhi
374 3216 437 3259 nnn
458 3205 519 3263 est.
542 3196 711 3259 concordia
736 3214 809 3259 cnm
835 3196 1016 3258 haereticis.

154 3294 291 3376 insuper
322 3299 402 3361 illud
432 3298 552 3360 mirum
585 3299 615 3358 in
650 3297 844 3379 Anonymo,
876 3297 931 3376 qui
965 3314 1081 3375 graece
1111 3296 1193 3358 scri·

74 3397 164 3470 bens,
188 3415 225 3459 ac
247 3399 347 3460 citans
372 3396 505 3460 Librum
529 3395 716 3472 Marcionis,
733 3397 786 3459 cui
810 3397 924 3460 titulus
945 3403 994 3458 est
1016 3391 1193 3475 ἀντιθέσεις

72 3501 248 3570 antitheses
269 3505 312 3566 lta
336 3503 436 3582 vulgo
457 3502 655 3582 inscriptus,
678 3503 867 3582 cunctisque
897 3503 1111 3581 scriptoribus
1131 3501 1194 3563 snb

71 3603 135 3666 hoc
160 3604 320 3666 vocabulo
342 3612 450 3677 notus,
468 3610 500 3664 ot
522 3604 663 3667 maxime
684 3601 886 3666 Tertulliano
908 3605 938 3665 in
960 3602 1060 3667 Libro
1078 3599 1132 3664 tv.
1161 3620 1191 3664 c.

76 3700 133 3766 Vl.
155 3704 314 3768 adsersus
336 3706 507 3780 eumdem,
531 3704 738 3767 nihilominus
760 3705 831 3786 ejus
852 3705 926 3766 loco
954 3705 1082 3784 scripsit
1103 3698 1194 3787 olvet-

73 3806 267 3910 rapaotour
287 3808 567 3888 comparamus,
596 3827 638 3872 cx
668 3809 811 3872 novitate
840 3808 974 3871 nominis
997 3816 1113 3888 putans
1133 3808 1194 3870 ali·

76 3915 153 3993 quid
176 3916 252 3978 nort
274 3916 483 3978 introducere
507 3916 536 3976 in
565 3932 665 3978 snum
688 3914 834 4001 Librum.

156 4013 238 4078 ltem
262 4034 325 4077 non
350 4026 397 4078 est
420 4015 706 4092 praetereundum,
722 4014 808 4095 quod
829 4013 955 4076 Auctor
970 4015 1000 4075 in
1014 4013 1077 4075 hoc
1092 4011 1193 4076 Libro

76 4116 229 4195 expendit
248 4117 291 4179 de
314 4115 503 4204 Marcione5
525 4127 557 4180 et
579 4117 665 4198 quod
688 4119 728 4178 de
749 4115 861 4178 eodem
884 4114 1015 4176 innovat
1036 4114 1068 4175 iu
1094 4111 1193 4176 Libro

83 4208 120 4274 X·
135 4229 164 4280 c.
179 4213 238 4278 Xl.
263 4211 299 4278 ln
322 4214 419 4280 Lihro
439 4218 524 4279 enim
541 4213 613 4280 Vll.
631 4215 708 4279 dicit
729 4212 927 4281 Marcionem
937 4215 1016 4276 duo
1037 4215 1192 4294 principia
1242 4220 1245 4225 '
