2886 4784
157 335 200 405 ω

158 446 200 508 cit
220 441 403 507 citationem
426 462 456 504 ι.
477 439 507 509 9.
528 444 706 508 coeundum
729 441 923 525 vulgatam:
947 443 1017 508 nico
1038 452 1145 508 nutem
1166 436 1257 523 cobis,

158 544 235 627 quin
255 543 446 625 quicumque
464 542 622 607 dimiserit
642 565 772 608 uxorem
794 564 885 609 snum
901 545 967 609 nisi
980 544 1017 607 ob
1028 546 1261 627 fornicationum

158 655 188 709 et
206 641 306 709 olium
326 642 455 706 duxerit
466 687 478 718 ,
500 645 681 706 moecbutnr
696 630 763 709 Uin.
785 658 819 709 et
840 649 946 728 potins
976 630 1066 709 itinn
1099 632 1262 727 appellunt

161 748 397 819 testimonium,
416 747 485 809 cire
505 747 568 810 ulio
594 747 690 810 verba
713 749 852 829 subjecit
881 750 1039 812 adversus
1061 749 1260 828 pharisaeos,

129 927 130 931 Ἰ
160 847 360 931 quicumque,
384 848 514 924 dicens,
535 846 693 912 dimiserit
712 868 847 912 uxorem
866 868 958 913 suum
975 857 1218 932 praeterquam
1234 867 1263 913 ec

159 970 262 1015 euusu
281 947 447 1027 adulterii,
466 950 635 1031 faciteam
655 951 837 1016 adulterari
857 964 920 1017 etc.
942 954 1019 1017 cutis
1041 955 1207 1032 indicum,
1228 965 1262 1018 tt·

159 1053 224 1116 lem
239 1053 409 1115 lectionem
426 1061 515 1126 tuuc,
533 1054 579 1114 nti
595 1070 740 1133 graecos,
759 1054 926 1133 praeferre
941 1054 1072 1118 codices
1087 1056 1204 1120 lotiuos
1217 1056 1262 1119 bu·

160 1156 214 1237 jus
235 1153 470 1235 Eruuqciistue.
493 1152 648 1235 Alioquin
688 1173 747 1218 neo
769 1157 822 1220 hic
843 1155 902 1220 nec
923 1155 1023 1232 uiibi,
1045 1157 1145 1220 sicuti
1168 1156 1262 1222 viden

159 1266 211 1322 est
232 1259 263 1319 iu
282 1258 350 1320 cuis
369 1256 460 1319 tibris
481 1254 589 1319 othon
607 1258 849 1337 superstitibus,
872 1274 947 1321 oum
969 1268 1099 1323 coiistrt
1120 1259 1262 1324 recentio-

162 1379 232 1424 rem
254 1360 425 1421 tectionem
448 1359 546 1440 bnjus
568 1363 736 1422 commutis
759 1359 961 1440 praetulisse.

244 1460 430 1524 Lactantius
452 1464 482 1522 iu
504 1458 602 1524 Libro
625 1459 679 1524 Vl.
704 1460 748 1524 De
777 1480 851 1525 cero
881 1461 971 1524 cuitu
992 1479 1023 1524 u.
1045 1459 1099 1527 23.
1122 1462 1263 1527 advenit

162 1583 374 1628 romouornm
397 1563 485 1643 loges
505 1564 702 1626 matrimonii
723 1566 924 1628 sanctitatem
945 1565 1115 1629 inculcans
1130 1564 1263 1629 boetium

1 1684 2 1691 ¹
78 1684 85 1698 ⁸
162 1685 205 1731 ex
219 1663 338 1730 Christi
360 1667 526 1738 munouto,
539 1664 673 1726 scribit:
690 1686 707 1725 o
723 1663 794 1729 Non
815 1669 912 1741 enim,
932 1668 1028 1730 sicuti
1049 1667 1139 1748 iuris
1158 1663 1264 1749 publici

165 1769 249 1832 rutio
272 1777 333 1840 est,
354 1765 424 1827 solu
448 1766 568 1830 mulier
588 1765 738 1828 adultera
760 1774 821 1841 est,
843 1785 927 1847 quuo
950 1768 1048 1831 hebet
1068 1768 1193 1849 ulium3
1213 1784 1266 1831 mc·

164 1871 248 1934 ritus
269 1875 392 1942 nutem,
415 1869 539 1931 etiamsi
561 1867 673 1948 plures
695 1868 834 1946 hubent,
856 1885 874 1932 ι
897 1869 1032 1931 crimine
1053 1869 1210 1934 adulterii
1225 1886 1266 1932 so·

160 1974 256 2036 lutus
277 1978 334 2032 est.
357 1967 417 2032 seo
441 1970 547 2031 diviua
568 1969 623 2032 lox
645 1971 687 2031 itu
715 1970 797 2031 duos
830 1972 861 2033 iu
890 1971 1164 2046 matrimonium,
1192 1965 1265 2051 quud

161 2079 213 2140 ost
231 2072 263 2135 iu
282 2088 402 2151 coruus
424 2087 538 2147 unum,
560 2069 630 2151 puri
649 2069 726 2150 juro
746 2070 924 2151 conjungit,
949 2079 984 2133 ut
1004 2071 1142 2135 nouiter
1163 2070 1264 2135 bubet-

162 2185 232 2249 ttrr,
254 2173 399 2254 quisquis
420 2190 607 2252 compagem
631 2174 778 2252 eorporis
801 2174 832 2235 in
855 2175 983 2235 diversa
1013 2172 1265 2237 distraxerit...

162 2275 352 2341 Cureudnm
374 2275 475 2352 igitur
496 2291 535 2335 uu
555 2274 757 2336 occasionem
782 2274 865 2336 vitiis
893 2284 1001 2336 nostru
1032 2271 1266 2354 intemperantit

166 2378 303 2454 demus,
325 2375 381 2438 sed
402 2386 587 2439 assuescunt
618 2375 754 2437 invice·
788 2395 895 2440 mores
924 2376 1092 2438 duorum:
1117 2385 1152 2439 et
1169 2376 1269 2457 jugum

163 2483 299 2564 nuribus
320 2480 433 2540 ritimis
455 2478 571 2541 ierant.
595 2477 662 2542 Nos
685 2481 769 2556 ipsos
791 2480 822 2540 iu
844 2480 950 2541 altero
981 2481 1178 2557 cogitemus.
1200 2474 1268 2541 Nou

161 2586 235 2653 ,iore
257 2586 287 2644 io
310 2584 371 2643 boo
392 2580 540 2660 justitiae
560 2598 685 2644 summu
708 2583 874 2657 consistit,
908 2589 943 2644 ut
972 2598 1036 2642 uon
1068 2580 1169 2642 iacias
1189 2575 1268 2642 atteri

164 2685 321 2765 quidquid
345 2685 412 2761 ipso
434 2683 475 2743 ab
497 2682 602 2745 attero
624 2682 690 2762 poti
713 2681 807 2745 nolis.
824 2681 914 2745 Haec
934 2692 1020 2757 suut,
1038 2699 1128 2761 quue
1149 2681 1189 2743 ud
1208 2697 1269 2746 cou-

162 2788 329 2850 tinentium
361 2784 607 2862 praecipiuntur
637 2802 654 2847 n
685 2783 763 2847 Deo.
794 2783 855 2849 Sed
889 2791 1015 2857 tumen,
1040 2783 1158 2863 nequis
1178 2781 1268 2844 dirim

164 2894 335 2965 praecepta
358 2885 629 2948 circumscribere
650 2904 684 2947 se
707 2893 799 2963 putot
820 2904 934 2964 posse,
957 2885 1124 2961 adduntur
1145 2884 1221 2959 tna,
1240 2889 1270 2947 ut

163 2989 269 3050 omnis
282 2986 443 3049 calumnia
459 2995 557 3065 utque
572 2988 698 3049 occasio
716 2987 839 3048 frondis
857 2992 1087 3064 removeatur,
1102 2987 1269 3049 adulterum

165 3108 240 3162 esre,
261 3089 317 3168 qui
336 3108 357 3150 o
377 3085 492 3149 morito
513 3085 677 3151 dimissum
698 3087 850 3150 duxerit:
884 3098 912 3150 et
946 3106 1041 3162 eum,
1074 3086 1135 3169 qui
1161 3096 1270 3170 pruno

165 3192 284 3255 crimen
306 3188 458 3252 adulterii
477 3208 609 3252 uxorem
630 3189 808 3266 dimiserit,
830 3199 866 3253 ut
886 3191 1020 3254 aiterum
1045 3192 1157 3254 ducat.
1181 3188 1271 3254 uino

163 3291 247 3356 ciori
267 3289 352 3352 enine
371 3309 486 3370 corpus
507 3300 536 3352 et
556 3288 694 3353 distrobi
725 3290 807 3352 Deus
839 3291 953 3354 noluit.
978 3292 1101 3354 Deinde
1125 3293 1157 3354 iu
1178 3288 1270 3372 Epito-

122 3444 130 3455 ι
163 3413 210 3457 mc
238 3392 423 3456 diuinorum
454 3389 700 3455 institutionum
722 3413 752 3454 u.
775 3389 806 3456 8.
829 3394 941 3455 eudem
975 3395 1164 3458 instaurat:
1188 3387 1270 3455 «Soti

163 3500 248 3561 sicut
271 3496 409 3558 soontitta
432 3497 587 3559 castitatis
610 3496 747 3558 vinculis
769 3490 909 3575 obttgatu
934 3504 1005 3570 est,
1027 3514 1070 3557 ne
1091 3496 1183 3559 atiud
1204 3511 1265 3557 cou-

164 3600 332 3679 cupiscet:
357 3599 398 3658 itu
424 3597 604 3661 vireudem
626 3597 697 3676 lege
721 3608 891 3672 tenentur,
925 3616 991 3677 quo
1023 3595 1117 3662 Deus
1149 3609 1183 3662 et
1212 3597 1269 3658 siro

165 3719 305 3764 uxorem
330 3700 425 3761 unius
456 3701 604 3779 eorporis
635 3717 791 3778 compage
820 3696 1086 3762 subdentium
1121 3697 1270 3779 proecepit

164 3820 228 3864 non
249 3800 365 3861 dimitti
386 3818 536 3875 uxorem,
553 3800 611 3862 uisi
626 3800 761 3861 crimine
776 3799 930 3863 adulterii
942 3800 1131 3882 devictum,
1152 3811 1186 3868 ct
1204 3816 1270 3866 uun·

165 3919 262 3982 quum
284 3901 464 3980 conjugatis
487 3901 626 3964 foederis
652 3899 843 3978 vincutum,
866 3901 925 3965 uisi
957 3901 1046 3982 quod
1071 3903 1208 3984 perfidio
1226 3898 1271 3965 r‘n·

164 4003 260 4083 perit,
284 4003 520 4064 resolvetur.»

246 4102 347 4164 Sicuti
370 4103 409 4164 ab
432 4104 523 4166 initio
545 4104 625 4176 dixi,
642 4103 784 4182 gentium
806 4102 895 4182 leges
916 4123 934 4168 ιι
956 4106 1080 4185 nuptiis
1101 4103 1273 4171 christianis

165 4223 318 4267 imovero
338 4205 445 4267 studet
469 4203 667 4283 Lactantius,
689 4214 725 4268 ut
745 4204 918 4270 insolubile
938 4212 1064 4272 statuat
1086 4208 1273 4292 oonJuqiun.
