2886 4784
240 423 341 490 Sicuti
364 429 532 508 praemisi,
556 427 781 496 Theodoretns
810 427 854 494 lta
889 431 1072 507 disserens,
1106 435 1275 512 perspicue

157 523 325 630 Christum
337 524 509 593 [lominum
522 550 599 595 cum
618 535 791 611 pharisaeis
807 535 1020 612 disputantem
1037 533 1170 607 inducit,
1186 534 1274 596 relu-

159 631 184 692 ti
205 630 327 710 legitur
348 629 378 692 in
393 649 421 694 c.
440 627 527 695 xlx.
547 630 703 698 Matthaei
721 654 748 696 r.
764 636 795 706 lt.
814 633 927 699 Diaeus
943 641 1043 697 enirn:
1061 645 1196 697 naturae
1210 636 1277 713 opi-

159 735 216 813 scc·
236 732 409 796 bumonom
441 743 591 797 naturam
623 754 757 811 creona,
792 755 891 800 annm
921 736 1083 816 principio
1104 736 1232 810 airam,
1253 745 1282 797 ct

159 834 330 916 foeminam
351 851 448 912 onom
467 834 619 914 formavit
640 846 700 899 ste.
726 838 809 901 idern
832 847 880 901 est
900 857 938 901 ac
969 839 996 900 si
1026 840 1177 899 dixisset:
1210 846 1274 898 non

161 934 294 1015 leniatis,
310 938 387 1016 quio
409 933 464 1018 qni
483 936 556 1016 [ecit
576 939 729 1001 taurinam
750 940 788 1002 ob
808 938 918 1015 initio,
933 940 1109 1003 mosonium
1129 948 1157 1001 ct
1173 941 1282 1022 [oemi-

163 1055 240 1101 nom
259 1034 332 1119 serit
352 1055 411 1098 cor.
437 1035 479 1098 dr
495 1048 589 1100 errant
610 1041 673 1102 dno
695 1039 733 1101 in·
752 1060 846 1104 carne
862 1061 950 1104 tunc.
984 1040 1075 1116 Ouod
1099 1058 1172 1120 cruc
1199 1040 1282 1102 Dana

162 1137 356 1219 conjunxit,
379 1138 470 1200 nomo
491 1157 555 1201 non
577 1151 707 1220 reparet.
734 1141 772 1205 tn
797 1144 868 1206 hinc
887 1143 963 1223 jure
984 1146 1163 1218 statuitur,
1185 1159 1275 1207 eum·

161 1240 236 1302 dom
260 1257 322 1305 non
344 1258 385 1304 cx
407 1257 433 1302 c.
460 1237 497 1302 V.
520 1241 574 1304 scd
597 1263 637 1308 ex
661 1263 687 1307 c.
713 1241 798 1307 XlX.
821 1242 850 1309 9.
874 1246 1111 1324 appellantem,
1137 1244 1272 1323 legisset

159 1339 276 1428 omnir,
291 1340 349 1423 qni
361 1338 494 1405 dimittit
514 1361 646 1406 naorcm
668 1338 772 1423 suom,
788 1332 920 1427 ⁸correpto
933 1343 1157 1426 fornicationis
1169 1363 1278 1420 conso,

163 1443 246 1528 (orit
265 1462 333 1506 eom
354 1443 531 1519 moechari,
554 1447 651 1510 aliter
672 1467 769 1528 quam
792 1467 878 1512 nunc
899 1450 1021 1528 legitur
1043 1450 1072 1511 in
1097 1458 1187 1512 textu
1211 1449 1284 1511 rul-

164 1551 242 1626 gnto
262 1545 329 1607 sire
352 1561 492 1624 graeco,
515 1548 583 1608 sire
605 1548 727 1612 latinos
750 1551 853 1612 omnis
878 1550 935 1631 qai
963 1547 1122 1612 dimiserit
1153 1568 1283 1611 uxorem

162 1665 254 1711 roam
276 1637 327 1738 pri
348 1641 400 1716 iai
422 1642 557 1744 neptim
578 1667 642 1711 non
662 1650 697 1712 od
718 1649 987 1731 fornicationem,
1017 1659 1045 1713 ct
1065 1651 1164 1714 otiam
1186 1653 1285 1713 dnae·

163 1750 234 1828 rit,
259 1751 452 1815 merebatur.
469 1751 569 1828 ,Quae
601 1753 698 1815 lectio
718 1752 911 1816 omnimode
940 1751 1149 1815 theodoreto
1176 1751 1285 1829 ignota

164 1868 242 1917 num
265 1855 306 1916 sit
327 1856 357 1914 in
378 1854 527 1916 omnibus
549 1854 615 1916 suis
636 1852 742 1928 libris,
764 1855 951 1920 auctoritati
973 1855 1066 1917 cedat
1087 1861 1215 1933 oportet
1236 1852 1284 1912 al·

165 1951 268 2018 terius
288 1957 441 2037 antiquae
466 1955 634 2031 lectionis,
657 1974 755 2035 qnam
777 1955 1002 2036 praemisimus
1022 1965 1055 2018 et
1076 1953 1207 2036 cuidem
1230 1971 1283 2033 pc,-

162 2057 308 2132 rtulnam,
331 2058 371 2118 ah
394 2059 463 2137 ipso
485 2067 602 2137 quater
624 2059 805 2137 repetitam.

250 2156 323 2222 l’cst
349 2159 431 2236 boc,
455 2158 578 2222 cunctis
605 2158 743 2222 redactis
766 2156 899 2221 Petrum
922 2174 1121 2239 graecorum
1143 2157 1285 2220 testimo·

168 2256 229 2320 niis
253 2256 293 2320 ab
314 2251 434 2322 Herma
458 2258 621 2339 usquead
644 2257 912 2336 Theodoretuau,
935 2260 1034 2321 statui
1063 2266 1188 2338 petest,
1211 2256 1284 2317 illo·

169 2376 245 2424 rum
269 2361 427 2422 neminem
450 2377 508 2422 nec
531 2360 644 2422 citasse
667 2378 725 2422 nec
747 2359 995 2438 interpretatum
1017 2379 1085 2422 esse
1106 2377 1230 2421 comma
1251 2355 1283 2424 9.

168 2480 198 2524 c.
223 2456 688 2524 mahometanorum
713 2460 878 2542 vulgatam
910 2479 1059 2542 graecam
1091 2461 1285 2537 lectionarius

168 2560 225 2625 sed
249 2563 393 2624 eamdem
416 2579 431 2622 a
456 2563 620 2624 codicibus
643 2566 742 2625 sacris
765 2566 795 2624 iu
817 2583 893 2626 sues
914 2564 1014 2625 libros
1039 2563 1220 2624 traduxisse
1241 2561 1285 2622 ci·

168 2662 269 2725 tatem
291 2664 322 2723 iu
345 2681 371 2723 c.
397 2659 432 2723 V.
455 2661 515 2741 qui
535 2660 693 2723 dimiserit
714 2680 845 2724 acorem
866 2682 971 2738 snam,
992 2673 1119 2743 excepto
1144 2659 1288 2741 fornica·

166 2762 267 2830 tionis
289 2781 397 2837 coneo,
420 2761 499 2841 facit
521 2782 589 2824 corn
612 2759 778 2826 moecliari.
803 2761 842 2844 (³²)

249 2863 344 2930 Nunc
366 2866 405 2928 dc
425 2865 538 2928 codem
561 2873 755 2945 argumento
778 2873 926 2930 veterum
947 2865 1124 2928 latinorum
1150 2863 1284 2926 Petrum

167 2972 289 3053 scripta
311 2969 538 3048 investigatum
560 2967 726 3030 adeamus.

246 3193 278 3268 (Ἴ
299 3191 342 3250 De
360 3191 471 3248 Asterie
489 3207 619 3248 emeseno
638 3190 699 3247 sino
716 3189 803 3263 loqui,
815 3189 864 3262 qui
875 3189 927 3246 etsi
937 3190 967 3244 iu
980 3188 1103 3245 Humilia
1113 3205 1148 3244 ex
1160 3205 1185 3246 e.
1200 3187 1281 3244 XlX.

152 3285 307 3343 tiaratae
325 3301 360 3343 cn
378 3284 452 3342 liccat
469 3283 563 3341 bomini
581 3282 701 3341 dimittere
719 3299 824 3339 acorem
841 3299 915 3339 snam
926 3287 980 3339 ete.
994 3282 1144 3338 summarie
1162 3281 1283 3338 scribat:

170 3377 280 3454 exceptis
291 3389 374 3439 ‚mmtc
391 3395 422 3435 oc
440 3376 574 3444 adulterio,
593 3376 668 3432 nulio
686 3392 717 3432 ea
734 3393 813 3432 muso
831 3374 917 3433 dirimi
936 3374 1141 3441 matrimonium,
1160 3380 1285 3455 attamen

169 3472 272 3528 nullibi
290 3473 358 3528 citat
375 3490 401 3525 v.
421 3469 448 3526 9.
466 3471 543 3526 illius
562 3470 671 3542 capitis,
691 3477 724 3524 ut
741 3469 932 3542 dignoscatur,
953 3467 1062 3540 qualem
1080 3485 1174 3524 revera
1190 3468 1287 3524 lectio·

175 3584 243 3622 narn
262 3565 406 3620 exhiberet
423 3563 511 3620 codex
528 3562 660 3631 biblicus,
680 3579 735 3635 quo
753 3580 822 3618 usus
840 3566 893 3618 est.
912 3561 975 3618 Nisi
993 3561 1068 3634 quod
1092 3562 1121 3617 in
1147 3568 1288 3634 postrema
1363 3629 1367 3636 1

173 3659 308 3716 homiliae
326 3667 404 3730 parte
429 3658 584 3713 introducit
610 3656 783 3713 adversarios
811 3673 860 3728 pru
885 3653 1004 3710 divortio
1031 3656 1071 3709 ita
1096 3643 1287 3711 disserentes:

173 3777 187 3804 a
208 3753 281 3816 Viri,
303 3751 446 3824 inquiunt,
466 3749 576 3806 etiamsi
594 3751 629 3805 ad
647 3749 735 3829 longe
752 3749 846 3821 plures
864 3747 1043 3814 accesserint,
1062 3747 1173 3802 nullum
1192 3745 1288 3801 domui

171 3853 203 3902 et
221 3845 342 3900 familiae
360 3845 493 3900 damnum
513 3844 644 3900 inferunt.
664 3847 704 3898 At
721 3844 851 3899 mulieres
870 3842 919 3898 ubi
936 3847 1205 3914 pertractassemus
1224 3840 1288 3895 hae-

172 3938 256 3996 redes
273 3938 304 3993 iu
322 3938 421 3994 domos
439 3954 472 3994 ac
489 3936 899 4001 antissiodorensium,
913 3922 1159 4001 subditAstcrius,
1172 3933 1288 3988 audiant

171 4038 232 4089 tam
249 4031 368 4088 stolidae
385 4031 540 4087 sententiae
556 4031 632 4086 acuti
649 4030 807 4086 inventores
826 4068 833 4083 .
854 4068 861 4082 .
882 4067 889 4082 .
910 4067 917 4082 .
937 4028 975 4084 Et
992 4027 1075 4100 paulu
1101 4034 1166 4099 pust
1191 4025 1286 4082 addit:

172 4149 186 4179 ι
208 4125 291 4199 Siqui
309 4131 404 4183 autem
422 4124 545 4182 romanis
564 4123 756 4180 auscultantes
773 4121 897 4196 legibus,
918 4120 1082 4194 permissam
1101 4136 1163 4175 esse
1180 4124 1288 4175 scorta-

173 4221 291 4289 tionem,
311 4235 344 4277 ac
362 4218 480 4277 erimine
498 4233 595 4275 vacare
614 4217 786 4285 existimant,
808 4231 920 4288 gravem
946 4230 1014 4271 saue
1041 4228 1160 4272 errorem
1187 4216 1289 4276 errant,
