2886 4784
165 352 208 426 ⁹0

165 461 288 535 coluri,
311 457 477 522 deciriuae
498 463 530 520 el
551 459 622 539 eius
647 458 753 533 vilae,
776 457 871 521 siculi
893 459 994 537 ipsius
1016 465 1158 523 moriem
1178 458 1267 538 expli

168 563 231 624 cite
251 567 310 624 aul
335 558 491 639 implicile
513 558 545 620 in
565 555 712 621 Ecclesia
740 554 907 621 Galholice
935 558 1169 645 obsignarunlr
1189 555 1269 621 lleiu·

164 662 204 724 de
225 660 339 723 codem
361 659 474 722 ordine
495 659 582 722 circa
596 658 744 738 origenis
760 659 911 721 nllimnm
927 658 1044 735 laium,
1061 659 1198 723 illorum
1212 677 1266 720 mo·

165 769 317 825 eumenia
347 758 548 839 exploranda
577 766 674 835 sunl,
703 761 760 841 qni
792 762 941 838 proxime
973 761 1001 823 ei
1031 767 1268 838 successerun13

164 862 355 940 pracsertim
376 859 522 923 camdem
545 859 726 923 Palestinae
749 862 912 939 regionem
928 861 1121 936 incolentes,
1139 861 1194 924 ubi
1212 860 1269 940 plu·

166 965 283 1027 rimum
305 962 418 1026 docnil
447 969 480 1023 ei
508 969 657 1023 morinus
684 968 743 1024 esi.
774 960 901 1024 Horum
934 964 1057 1041 primus
1089 966 1268 1024 numerainr

162 1083 188 1126 s.
212 1062 401 1143 Pamphilus
423 1069 572 1144 marlyr:
595 1062 651 1139 qui
673 1079 735 1125 non
757 1064 864 1125 solum
887 1064 986 1143 ipsius
1008 1061 1161 1142 Origeuis
1176 1061 1268 1142 genui

82 1198 89 1209 ι
164 1183 203 1227 ua
226 1166 346 1244 scripio
368 1165 469 1243 legii,
491 1164 545 1226 sed
568 1172 600 1225 el
621 1181 696 1226 cnm
729 1164 874 1244 ejusdem
908 1164 1075 1244 discipulis
1107 1171 1142 1226 ei
1173 1162 1268 1226 amicis

165 1274 314 1329 versatus
334 1274 392 1327 est.
414 1262 463 1327 De
484 1267 546 1326 islo
567 1283 642 1326 saue
665 1263 834 1347 Merme,
856 1267 912 1346 qni
935 1273 1071 1329 leslalus
1093 1271 1143 1328 esi
1170 1263 1267 1344 Origo

165 1385 237 1431 nem
260 1369 292 1430 io
314 1365 459 1430 Ecclesia
492 1364 658 1430 calholica
688 1368 849 1442 senuisse,
871 1369 938 1446 agii
958 1385 984 1428 s.
1006 1365 1225 1446 Hieronymus
1242 1365 1266 1425 iu

164 1465 264 1532 Libro
287 1467 331 1530 Dc
360 1467 441 1532 ciris
471 1464 651 1529 illustribus
680 1485 707 1531 c.
729 1464 795 1533 75:
826 1488 844 1527 ιι
874 1467 1062 1548 Pamphilus
1091 1467 1267 1550 presbplor‚

165 1571 282 1649 inquil,
299 1568 430 1633 Eusebii
446 1569 653 1632 caesariensis
668 1568 808 1649 episcopi
822 1571 1036 1646 necessarios,
1054 1575 1145 1632 lanio
1159 1567 1265 1631 Bibiio

166 1671 278 1732 thecae
299 1671 426 1732 divinae
447 1685 559 1731 amore
580 1667 742 1749 flagravit,
766 1678 803 1732 ui
826 1671 998 1733 maximam
1021 1679 1149 1748 partem
1170 1668 1266 1747 Origo

163 1770 213 1831 nis
236 1769 438 1832 voluminum
460 1786 518 1831 sua
541 1787 638 1831 manu
661 1768 889 1849 descripserit:
913 1788 997 1849 quae
1018 1789 1126 1850 usque
1140 1767 1265 1832 hodiciu

165 1866 365 1932 Bibliotheca
387 1869 578 1931 caesariensi
600 1869 772 1933 habentur.
795 1868 856 1932 Sed
879 1872 911 1932 iu
931 1870 1105 1934 duodecim
1139 1868 1265 1947 Prophe·

167 1979 215 2032 ias
238 1972 348 2051 riginii
371 1973 517 2052 quinque
539 1971 703 2034 volumina
727 1968 906 2052 Exegesron
921 1972 1083 2052 Origenis,
1099 1988 1197 2034 maun
1211 1969 1267 2049 ejus

164 2080 300 2133 exarata
322 2074 453 2151 reperis
477 2090 562 2151 qnae
585 2080 674 2132 lanio
698 2072 879 2151 amplector
900 2080 1049 2135 ciserno
1070 2071 1212 2151 gaudio,
1237 2075 1265 2153 ul

165 2169 276 2234 Croesi
298 2189 376 2250 opes
401 2172 519 2235 hahere
542 2190 593 2234 me
614 2173 756 2235 credam.
780 2172 812 2235 Si
834 2175 917 2235 enim
943 2174 1066 2236 laelilia
1088 2180 1161 2247 esi,
1182 2158 1268 2235 unan'

165 2272 335 2350 epistolam
351 2272 472 2334 habere
488 2271 660 2354 Martyris:
677 2282 800 2352 quanto
816 2275 913 2352 magis
931 2282 977 2334 rol
991 2273 1092 2334 millia
1110 2287 1262 2337 versuum

165 2374 351 2451 quaemihi
376 2374 504 2436 vidclur
531 2375 582 2436 sni
613 2375 776 2452 sauguinis
806 2377 947 2454 signasse
976 2375 1127 2454 vestigiis.
1149 2371 1264 2450 Scripsit

71 2483 72 2488 ’
164 2479 361 2553 (anlequam
394 2475 555 2538 Eusebius
588 2477 794 2537 caesariensis
825 2475 1004 2552 scriberes)
1031 2474 1263 2555 Apologelicuu

162 2593 222 2654 pro
243 2576 396 2655 Origene;
418 2588 449 2638 el
472 2595 583 2655 passus
605 2585 653 2638 esi
677 2574 853 2639 Caesareae
871 2576 1069 2639 Palaesliuae
1089 2578 1152 2639 sub
1173 2591 1262 2655 perse·

164 2680 294 2739 cuiiooe
317 2675 494 2740 Maximini.
519 2697 535 2734 u

245 2777 288 2840 Es
308 2779 437 2857 quidem
463 2779 524 2840 hoc
546 2781 682 2840 iuslanic
706 2776 895 2861 Hieronymi
921 2778 1103 2841 ieslimonio
1128 2779 1168 2841 de
1190 2776 1263 2838 Pam·

165 2879 244 2956 phili
264 2882 371 2940 studio
393 2880 424 2938 in
446 2879 634 2957 colligendis
656 2889 688 2940 ei
703 2879 918 2942 describendis
933 2880 1081 2957 Origcnis
1101 2879 1263 2949 codicibus,

164 2999 202 3042 ac
223 2981 364 3059 amplius
386 2983 540 3062 martyris
562 2981 746 3042 sincerilale
767 2982 797 3041 iu
819 2981 1022 3060 dijudicanda
1047 2980 1202 3045 ductoris
1220 2980 1263 3040 do

164 3084 290 3154 cirine,
314 3083 421 3143 adhuc
442 3084 579 3159 genuina
601 3081 818 3143 invalescenle
840 3084 871 3143 iu
893 3101 929 3143 ea
954 3084 1103 3161 regione,
1129 3090 1167 3145 ul
1185 3082 1261 3152 dixi,

164 3182 297 3244 illorum
321 3185 490 3257 memoria,
506 3184 561 3261 qui
584 3202 658 3245 curu
680 3182 793 3245 eodem
816 3189 996 3246 conversali
1012 3193 1101 3258 suni,
1125 3203 1163 3248 ac
1185 3191 1264 3245 iceles

163 3284 297 3347 inerunt
320 3286 427 3346 obilus
448 3287 522 3357 sui,
546 3303 607 3344 non
629 3294 677 3345 est
693 3286 965 3361 praesumendum
987 3303 1028 3347 cx
1051 3285 1203 3347 illusione
1219 3286 1264 3344 aui

164 3396 285 3448 {emere
308 3376 512 3463 Pamphilum
535 3387 698 3456 statuisse,
720 3390 751 3447 iu
773 3388 970 3470 orthodoxia
995 3386 1184 3449 defunctum
1205 3384 1264 3446 Ori·

163 3505 274 3566 genem
286 3506 298 3564 3
321 3488 415 3548 siculi
438 3487 587 3548 dubitare
610 3488 697 3548 neias
720 3497 786 3560 esi,
810 3490 887 3565 quin
910 3506 1021 3568 reapse
1051 3491 1119 3566 ipse
1148 3486 1263 3567 Marlpr

162 3596 279 3650 auoior
301 3585 400 3649 iuerii
422 3586 519 3666 hujus
542 3585 731 3666 Apologiae.
755 3588 905 3649 dilamen
926 3609 952 3650 s.
972 3587 1192 3671 Hieronymus
1206 3602 1264 3648 cen·

163 3700 231 3750 lum
255 3688 322 3750 iere
344 3693 432 3750 annis
456 3698 572 3767 posl‚a
595 3687 776 3769 Theophilo
791 3690 1004 3751 alexandrino
1024 3690 1192 3766 deeeptus,
1207 3704 1264 3748 mu·

161 3799 229 3852 laio
251 3791 397 3863 consilio,
411 3790 532 3852 bellum
555 3808 725 3869 aggressus
746 3801 794 3852 esi
815 3791 971 3852 adversus
988 3788 1178 3867 origenem,
1193 3789 1263 3847 inter

158 3891 339 3954 haereticos
362 3892 514 3951 mandans
536 3908 650 3952 nomen
676 3892 775 3954 illius.
802 3890 841 3953 El
875 3893 947 3951 hinc
977 3899 1090 3951 eontra
1125 3908 1159 3950 se
1189 3897 1263 3948 slarc

158 3994 296 4053 sentiens
317 4011 341 4053 s.
368 3991 525 4070 Pamphili
551 3993 821 4072 dpologolicum‚
846 3992 901 4054 uhi
934 3992 1054 4052 dicilnr
1077 3992 1109 4051 in
1133 3989 1262 4052 Ecclesia

159 4091 301 4152 senuisse
323 4091 501 4171 Origenes,
527 4093 599 4153 lolis
624 4094 746 4156 viribus
773 4097 860 4156 uisus
891 4101 937 4154 esi
969 4091 1051 4152 hauc
1079 4091 1262 4166 scripturam

159 4187 298 4272 Maripri
320 4192 520 4271 abiudicare,
544 4193 711 4255 ostendeus
732 4192 908 4256 Eusebium
933 4188 1157 4253 tansummodo
1179 4186 1262 4248 habe
