2886 4784
172 422 343 499 ineiusire,
366 420 499 496 citavit,
521 416 702 499 seduloque
724 417 864 481 excussit
887 415 1006 482 Christi
1028 432 1218 497 responsum
1241 416 1280 478 de

166 521 364 588 matrimonii
384 520 597 594 institutione,
618 518 799 591 sanctitate,
826 514 1083 590 inviolabilitate,
1105 524 1137 578 et
1158 515 1278 579 incoin-

166 625 291 688 biiitato
316 642 358 687 ex
379 621 539 687 Geneseos
560 620 675 684 diutiss
699 629 728 681 et
747 628 843 682 erunt
856 620 919 680 dne
933 617 969 681 in
983 635 1079 680 earne
1093 635 1181 680 nne:
1198 619 1281 695 qnod

165 725 249 790 Dens
270 720 450 806 conjuncte,
466 723 556 784 nemo
571 739 634 784 nen
649 733 781 801 separet,
797 729 827 783 et
842 721 904 783 hoc
919 720 1076 783 adversus
1092 719 1276 799 pharisaeo·

175 845 249 892 rum
271 826 423 906 iusidias3
446 824 619 888 videbatur
639 843 736 905 qnam
765 824 905 886 maxime
933 827 1176 900 opportunum,
1208 820 1280 900 qui·

169 932 293 992 nimmo
312 927 529 990 necessarium
557 926 673 1002 eidem,
694 942 758 989 nou
778 924 885 987 scium
907 922 1015 1003 quoad
1040 923 1278 1001 interpretatio·

170 1031 220 1093 uis
241 1028 387 1091 ordinem
408 1028 462 1091 sed
485 1035 518 1090 et
547 1029 593 1090 rei
627 1027 910 1106 perspicuitatem,
933 1040 951 1086 a
975 1042 1005 1085 v.
1027 1020 1058 1087 8.
1081 1040 1216 1101 pergere
1237 1021 1276 1102 ad

174 1149 205 1193 v.
226 1129 258 1196 9.
279 1129 351 1191 dice
370 1139 475 1192 antem
495 1128 604 1192 codis:
636 1127 715 1208 quie
743 1110 934 1207 quicumque
963 1123 1119 1187 dimiserit
1148 1141 1277 1185 acorem

169 1249 261 1293 satam
290 1228 357 1293 nisi
375 1230 412 1291 od
430 1228 670 1310 fornicationem
692 1239 720 1291 ct
740 1229 838 1291 aliam
872 1226 997 1290 decrerit
1026 1225 1228 1288 moectmm:
1250 1234 1279 1285 et

140 1339 141 1343 ’
167 1331 226 1414 pai
241 1331 403 1394 dimissam
424 1331 555 1394 duxerit
573 1331 764 1394 moechatur.
784 1330 818 1391 io
834 1349 901 1411 quo
916 1347 992 1392 saue
1012 1346 1159 1391 sermone
1177 1328 1219 1387 ob
1241 1326 1278 1388 ii·

169 1434 226 1497 ind
250 1433 337 1512 qnod
358 1442 450 1494 antea
474 1431 817 1511 tractavitstirigenes,
844 1429 1014 1492 difficultas
1043 1427 1128 1490 hand
1152 1427 1277 1489 modica

166 1535 197 1607 ei
218 1531 405 1606 (insistebat,
423 1533 465 1594 ita
489 1542 525 1595 ut
547 1532 617 1593 inde
638 1532 787 1594 concludi
811 1530 989 1602 videretur,
1005 1527 1139 1589 admissa
1156 1529 1186 1588 in
1202 1544 1277 1588 eori-

161 1635 242 1715 juge
265 1633 489 1708 fornicatione,
515 1633 705 1696 solvendum
727 1651 795 1693 esse
818 1629 1012 1693 matrimonii
1036 1627 1212 1690 vincutum.
1230 1625 1279 1689 Ao

169 1745 344 1817 propterea
367 1736 435 1815 ipse.
452 1735 549 1815 Juxta
571 1733 778 1813 expositionis
800 1733 944 1811 inceptae
965 1731 1080 1792 seriem
1102 1737 1134 1791 et
1155 1748 1195 1789 ex
1218 1746 1279 1789 sun

162 1836 350 1916 interpretis
372 1852 508 1900 munere
533 1834 573 1896 ab
596 1833 781 1912 hujusmodi
804 1830 929 1894 Domini
953 1832 1058 1894 verbis
1082 1831 1142 1892 rite
1166 1827 1277 1908 expia·
1354 1853 1356 1857 ’

162 1936 276 2001 nandis
296 1945 329 2000 et
350 1955 423 2000 cum
447 1934 711 2014 praecedentibus
726 1933 897 1995 concordia
920 1932 1112 1993 instituenda
1134 1948 1167 1994 se
1189 1927 1298 2025 atei-⁴

159 2039 232 2102 lere
253 2055 317 2099 nou
338 2038 497 2116 potuisset
519 2057 527 2098 ε
552 2037 649 2097 aliter
670 2050 819 2096 craneum
843 2032 952 2094 inisset
974 2022 1067 2111 opu's.

244 2135 462 2200 Nihilominus
485 2135 717 2207 Adamantius,
740 2135 858 2194 omisso
882 2134 1008 2212 penitus
1040 2141 1199 2195 ceromate
1230 2152 1279 2195 se·

162 2238 308 2300 cundum
324 2238 511 2301 hodiernam
526 2253 673 2314 praecem
696 2243 727 2297 et
749 2235 880 2295 latinam
896 2236 1080 2301 editionem,
1100 2233 1187 2294 aiind
1203 2235 1279 2295 siin·

158 2340 285 2422 stituit:
308 2337 365 2420 qni
384 2336 542 2400 dimiserit
561 2355 689 2398 acerem
719 2355 811 2398 snam
832 2327 987 2435 παρεκτὸς
1011 2332 1108 2427 λόγου
1130 2335 1279 2432 πορνείας

162 2450 293 2520 excepta
312 2439 536 2520 fornicationis
559 2458 673 2512 cansa,
697 2438 775 2520 facit
802 2459 869 2502 earn
901 2441 1057 2502 moecliari
1069 2484 1078 2513 ,
1111 2442 1278 2519 iconiense

168 2563 186 2600 r
212 2541 335 2604 Forsan
357 2544 464 2607 nudas
487 2543 604 2618 ationis
625 2551 654 2601 et
675 2541 824 2620 judaicus
848 2543 898 2604 tir
918 2543 1092 2607 adversans
1113 2542 1279 2604 doetrinae

167 2642 349 2705 salvatoris
369 2641 470 2703 nostri
492 2642 757 2718 incontinentem
780 2652 811 2704 et
827 2640 923 2705 Jesus
944 2645 1073 2708 dicens:
1090 2643 1279 2724 quicunqne

165 2740 326 2804 dimiserit
346 2760 478 2804 onerem
500 2759 605 2815 enan,
618 2753 743 2820 eccepto
757 2742 984 2822 fornicationis
999 2764 1109 2820 cansa,
1121 2745 1281 2825 faciteam

163 2840 336 2918 moechari,
352 2845 495 2924 permisit
521 2860 657 2905 uxorem
675 2842 836 2905 dimittere
848 2845 1120 2924 quemadmodum
1137 2844 1279 2931 Moyses,

169 2963 270 3023 quem
294 2944 406 3008 retuiit
429 2954 563 3023 propter
583 2943 734 3005 duritiem
757 2944 863 3005 cordis
878 2944 1075 3025 jodaeorum
1097 2947 1159 3009 hoe
1190 2965 1283 3026 prae·

168 3046 316 3123 cepisse:
338 3055 371 3107 et
393 3044 474 3106 hane
497 3047 595 3122 ipsam
618 3045 721 3123 inquit
742 3062 809 3106 esse
824 3062 955 3107 causam
973 3047 1206 3122 fornicationis,
1222 3067 1281 3129 per

163 3164 265 3227 quam
279 3146 367 3226 juste
381 3164 499 3210 uxore
525 3145 596 3208 viro
612 3147 803 3208 dimittitur:
826 3148 1003 3210 secundum
1018 3166 1117 3228 quam
1138 3157 1170 3212 et
1185 3148 1278 3233 Moy·

163 3265 219 3312 ses
241 3249 404 3328 praecepit
425 3248 586 3309 dimittere
612 3265 762 3319 uxorem,
787 3251 812 3308 si
838 3251 964 3311 inventa
982 3249 1080 3313 inerit
1101 3269 1153 3314 res
1175 3253 1279 3330 turpis

163 3367 199 3414 ro
219 3367 316 3425 emo

245 3446 358 3529 itaque
378 3449 405 3510 si
427 3448 582 3528 Origenes
606 3450 637 3510 in
660 3450 721 3511 hoe
743 3449 847 3528 eapite
868 3446 956 3511 xut.
979 3450 1104 3531 singula
1128 3469 1158 3512 v.
1180 3449 1209 3515 9.
1234 3453 1279 3512 di·

162 3551 236 3611 vina
254 3549 350 3611 rerba
367 3549 550 3612 discurrens
572 3551 610 3611 de
626 3551 815 3612 demissione
831 3552 947 3613 uxoris
964 3551 1168 3624 fornicariae,
1187 3571 1280 3632 prae·

165 3653 317 3714 termisso
340 3651 658 3730 vulgatae'cditionis
680 3660 853 3728 commate,
870 3652 958 3713 alind
980 3653 1157 3725 substituit,
1182 3656 1280 3715 mani·

171 3753 340 3815 festissime
363 3753 503 3814 iniertur
524 3754 627 3832 ipsum
650 3771 712 3814 nou
734 3755 848 3832 legisse
871 3754 900 3813 in
917 3755 1027 3816 codiee
1042 3772 1158 3831 praeeo
1177 3754 1281 3816 Evan-

164 3853 300 3932 geiistae
322 3852 511 3912 dominicam
533 3853 744 3915 sententiam:
768 3854 956 3934 quicumque
977 3851 1132 3916 dimiserit
1149 3873 1281 3918 acerem

167 3971 261 4015 suain
283 3950 349 4013 nisi
368 3951 402 4012 ed
422 3951 685 4031 fornicationem,
709 3964 736 4015 et
756 3954 855 4014 etiam
876 3953 1003 4015 donarit
1023 3954 1213 4017 meeetotor.
1238 3953 1281 4017 Et

161 4055 190 4117 si
212 4055 346 4131 insuper
366 4053 589 4116 consideretur
612 4052 798 4132 interpretis
813 4073 892 4117 cura
917 4058 950 4117 iu
970 4054 1172 4117 conserendis
1189 4055 1278 4118 iliius

164 4157 282 4218 aetatis
304 4154 453 4217 codicum
475 4154 708 4234 discrepantiis,
723 4173 796 4219 cum
819 4156 858 4218 de
880 4156 942 4219 hoe
958 4157 1119 4228 tersiouio
1136 4153 1166 4220 9.
1184 4174 1282 4236 quem
