2872 4784
1146 315 1186 385 51

151 430 278 498 Deinde
301 431 489 512 Anonymus
510 426 677 506 proposito
700 443 759 486 suo
776 423 892 487 instans
908 423 992 486 circa
1008 423 1188 488 haeretico·

70 554 146 601 rum
165 535 346 598 doctrinam
370 531 637 610 philosophorum
653 533 908 606 superstructum
923 525 1188 601 institutionibus,

72 639 153 698 haec
186 636 226 696 de
260 631 426 696 Marcione
448 632 480 693 in
501 628 600 693 Libro
622 625 693 690 Vll.
719 645 746 688 c.
771 625 827 689 lll.
850 614 979 689 scribit:
1003 622 1191 690 «Marcion

73 738 226 818 ponticus
249 734 370 797 multos
394 733 457 807 illis
480 731 703 812 (saturnitiist
728 732 886 803 vesanior,
902 731 1066 808 opiniones
1089 731 1191 810 pluri·

47 846 49 850 ‘
74 856 205 902 morum
229 838 377 906 mittens,
400 842 432 895 et
454 835 484 894 io
506 832 665 912 majorem
693 831 922 911 impudentiam
952 830 1101 904 irruens,
1125 831 1190 894 duo

74 939 233 1018 principia
256 937 399 999 universi
420 936 602 1015 supposuit,
628 951 726 996 unum
750 933 869 996 bonum
891 951 959 996 esse
975 933 1094 1009 dicens,
1111 934 1192 996 alte·

76 1060 147 1104 rum
170 1046 283 1101 autem
309 1037 440 1100 malum.
466 1036 534 1115 lpse
555 1053 689 1116 quoque
711 1041 800 1096 ratus
815 1053 849 1097 se
864 1035 985 1115 aliquid
1001 1038 1075 1098 novi
1091 1037 1193 1098 intro·

76 1143 210 1214 ducere,
234 1138 380 1202 scholam
403 1139 554 1202 formavit
576 1137 701 1216 plenam
724 1138 881 1199 amentiae
902 1147 935 1200 et
949 1139 1052 1222 cynici
1067 1137 1189 1212 cultus,

76 1250 111 1303 ut
132 1242 190 1321 qui
215 1241 358 1301 lascivus
380 1245 462 1300 erat.
489 1236 528 1299 Et
550 1239 616 1314 ipse
638 1237 816 1299 arbitratus
837 1244 886 1300 est
907 1237 1191 1317 hominesignora·

78 1348 168 1406 toros
191 1341 287 1403 illum
310 1359 372 1402 non
394 1349 507 1402 extare
530 1336 648 1402 Christi
671 1338 865 1416 discipulum
886 1339 942 1402 sed
966 1337 1189 1418 Empedoclis,

78 1444 131 1524 qui
154 1445 256 1524 ipsios
282 1442 480 1520 temporibus
502 1441 606 1502 multo
628 1451 697 1502 erat
729 1441 903 1520 antiquior.
927 1438 1016 1504 Haec
1047 1450 1190 1504 statuens

77 1546 187 1608 docuit
202 1543 269 1605 dno
289 1562 358 1606 esse
379 1544 532 1623 principia
557 1535 712 1614 universi,
731 1541 930 1606 Discordiam
945 1552 977 1604 et
994 1541 1187 1606 Amicitiam.

78 1642 161 1720 Quid
185 1645 271 1707 enim
294 1645 371 1706 dicit
403 1642 615 1723 Empedocles
647 1644 686 1707 de
717 1644 826 1707 mundi
858 1644 1100 1725 productione?
1122 1643 1191 1708 Etsi
1310 1645 1313 1651 ’

75 1744 139 1826 jam
156 1763 193 1808 ea
210 1763 310 1825 snpra
327 1745 550 1824 exposuimus,
567 1764 629 1807 non
645 1748 943 1826 praetermittemus
958 1765 1054 1822 nnnc,
1068 1755 1104 1810 ut
1119 1745 1210 1827 pos?

79 1849 177 1911 simus
199 1848 312 1909 eadem
336 1846 486 1910 conterre
507 1865 581 1909 cnm
604 1847 729 1909 haeresi
751 1848 842 1910 istius
859 1847 940 1912 iuris
955 1847 1191 1912 doctrinarum.

79 1947 292 2028 Empedocles
314 1949 358 2009 ait
379 1965 448 2010 esse
468 1966 526 2010 sex
547 1949 840 2020 omniaelementa,
858 1949 1033 2029 exquibus
1050 1948 1189 2012 mundus

79 2051 275 2115 constitutos
295 2057 343 2110 est
365 2055 396 2110 et
417 2050 549 2112 existit:
574 2049 638 2121 duo
661 2050 791 2128 quidem
810 2051 1004 2123 materialia,
1019 2060 1140 2113 terram
1156 2059 1190 2114 ei

79 2170 218 2233 aquam:
242 2152 309 2214 duo
332 2150 556 2224 instrumenta,
580 2152 698 2230 quibus
721 2153 900 2215 materialia
924 2153 1082 2214 elementa
1104 2153 1192 2215 ordi·

79 2263 195 2317 uantur
216 2263 248 2318 et
271 2261 455 2327 morentur,
478 2255 582 2332 ignem
605 2261 637 2314 et
658 2272 781 2333 aerem3
804 2256 1012 2328 donantem,
1034 2271 1119 2333 qnae
1144 2257 1191 2318 in·

77 2356 262 2418 strumentis
277 2354 447 2416 elaborant
463 2353 643 2424 materiam,
662 2372 799 2436 eamque
816 2355 970 2430 condunt,
990 2352 1191 2418 Discordiam

79 2466 109 2518 et
128 2453 335 2518 Amicitiam:
358 2471 442 2533 quae
464 2455 569 2516 omnia
592 2458 751 2533 expressit
773 2458 822 2518 his
847 2456 953 2519 verbis
975 2465 1035 2520 etc.
1060 2475 1076 2512 ιι

153 2553 241 2620 Num
266 2572 345 2617 vero
366 2563 521 2635 punctum
547 2555 657 2617 tulerit
674 2557 863 2640 Anonymns
879 2558 908 2618 in
926 2558 985 2619 hac
999 2557 1188 2632 collatione,

80 2657 191 2720 sedulo
212 2663 432 2736 exponantur,
455 2675 539 2735 quae
562 2665 702 2736 uterque
726 2657 937 2739 Empedocles
953 2668 985 2720 et
1001 2657 1190 2722 Marcin'se·

80 2759 219 2822 eundum
243 2766 389 2821 veterum
413 2757 547 2820 Petrum
571 2760 751 2821 testimonia
773 2759 812 2822 de
835 2758 902 2822 Deo
927 2754 1191 2841 eiusque‘essen·

83 2860 121 2921 tia
144 2858 329 2936 docuerint;
352 2866 384 2921 et
404 2859 569 2936 speciatim
592 2860 622 2919 in
644 2860 757 2920 ordine
778 2861 964 2933 creationis,
983 2869 1019 2922 ut
1041 2860 1113 2922 inde
1135 2850 1190 2939 pass

79 2969 283 3040 teat-quanta
304 2961 346 3020 sit
378 2960 408 3021 io
441 2960 574 3023 illorum
605 2971 779 3044 systemate
809 2961 968 3040 analogia.
993 2961 1034 3024 Et
1059 2963 1187 3022 interim

77 3063 154 3126 scito
176 3061 384 3143 Anonymum
406 3062 436 3124 in
461 3061 557 3126 Libro
579 3064 603 3126 l.
627 3085 653 3126 c.
681 3062 738 3125 ΙΙΙ.
764 3063 993 3143 Empedoclem
1016 3066 1117 3127 citare
1132 3063 1189 3125 do·

79 3172 214 3240 centem,
238 3165 433 3244 principium
456 3166 598 3228 universi
624 3185 691 3228 esse
714 3163 915 3228 Discordiam
937 3174 969 3229 et
990 3164 1188 3226 Amicitiam.

77 3262 197 3330 Deinde
207 3264 243 3328 ln
260 3266 321 3328 hoc
334 3266 409 3328 loco
430 3266 496 3328 duc
512 3268 664 3347 principia
680 3268 794 3330 statuit
812 3269 969 3340 universi,
987 3262 1187 3328 Discordiam

79 3383 189 3446 nempe
215 3372 247 3428 et
269 3365 463 3430 Amicitiam.
484 3367 631 3430 Clemens
655 3367 886 3430 alexandrinus
905 3362 1128 3429 Admonitioac
1147 3362 1190 3424 nd

75 3476 191 3546 mutes,
208 3467 313 3546 inquit
329 3465 559 3546 Empedoclem
582 3468 823 3531 multitudinem
846 3469 984 3532 deorum
1005 3466 1190 3545 admisisse:

78 3576 107 3631 et
119 3577 254 3648 praeter
266 3569 578 3646 quatuorelementa
595 3571 727 3649 lignem,
738 3581 871 3645 terram,
887 3587 1004 3650 aquam
1021 3577 1053 3631 et
1067 3567 1188 3639 aerem)

76 3666 192 3750 Νέικος
225 3661 282 3737 καὶ
312 3667 434 3737 Φιλίαν
459 3669 703 3734 Contentinnem
733 3683 765 3736 et
793 3668 976 3734 Amicitiam
1006 3676 1186 3732 enumerat.

76 3774 221 3841 Marcion
245 3793 323 3838 aero
344 3794 385 3838 ex
406 3773 609 3837 Tertulliano
633 3773 676 3836 De
687 3772 940 3856 praescriptione
954 3775 1105 3835 adversus
1119 3773 1190 3834 lice·

78 3879 187 3942 reticos
201 3896 232 3941 n.
248 3874 300 3943 51.
316 3899 331 3937 a
347 3896 388 3941 ex
404 3879 571 3941 occasione
586 3896 650 3957 qua
667 3879 788 3942 dictum
804 3879 863 3940 sit:
881 3875 983 3939 omnis
999 3874 1094 3937 ardor
1108 3874 1190 3936 ioan

76 3976 166 4044 maor
183 3981 315 4060 fructus
328 3977 420 4060 sarit,
438 3979 525 4041 mato
539 3989 642 4042 nutem
658 3979 773 4054 matos,
789 3978 946 4041 haeresim
965 3976 1120 4041 Cerdonis
1135 3991 1191 4052 ap·

79 4084 213 4162 probans
234 4092 372 4146 conatus
394 4089 442 4144 est
451 4126 464 4159 ,
483 4079 598 4142 eadem
620 4081 741 4154 dicere,
765 4097 850 4159 quae
871 4079 927 4141 ille
948 4078 1099 4157 superior
1116 4075 1190 4136 hae·

80 4186 194 4251 reticos
216 4193 293 4249 ante
315 4183 455 4259 dixerat,
479 4183 561 4245 duos
583 4183 791 4246 introducens
813 4180 920 4256 Deos,
944 4196 1045 4243 onum
1069 4179 1186 4240 bonum
