2886 4784
154 483 302 554 quatuor
323 478 461 557 acceptis
483 478 636 560 synodis,
660 487 794 542 cunctos
816 480 980 543 damnavit
1013 382 1270 554 mercimoni}

155 576 278 656 quibus
302 576 492 641 Anibimum
515 590 546 643 et
569 582 674 643 socios
696 581 880 656 acephalos.
904 581 1076 656 Quomodo
1108 600 1186 660 ergo
1217 601 1272 659 po·

154 687 225 742 stes
246 680 366 741 instans
387 681 494 743 denuo
517 685 644 759 rogarit
669 681 855 744 Pontificem
888 693 926 746 ut
950 685 1138 746 dothimum
1161 683 1274 746 baere-

155 778 257 840 ticum
281 778 469 841 restitueret
492 781 522 842 in
543 781 649 843 sedem
673 780 918 860 episcopalem?

236 874 362 946 luterea
386 897 448 941 nou
472 880 528 941 abs
558 899 593 942 re
618 883 680 943 crit
712 882 891 943 meminisse
926 899 1010 961 quae
1044 884 1110 960 ipse
1133 880 1270 960 vigilius
1355 880 1359 885 ’

153 978 216 1042 sub
236 997 289 1041 au.
308 973 379 1044 5t5.
401 981 442 1043 ad
465 978 679 1045 Aurelianum
703 984 916 1045 arelatensem
938 983 1049 1045 scribit
1070 983 1109 1045 de
1133 981 1276 1061 lmpera·

156 1087 229 1142 tore
249 1088 283 1143 et
306 1099 411 1144 uxore
430 1101 510 1145 suar
534 1081 712 1163 «Oportet
745 1101 847 1162 ergo,
870 1084 937 1159 ait,
962 1083 1196 1147 fraternitatem
1221 1103 1273 1146 re-

157 1190 260 1244 stram
284 1182 515 1246 incessantibus
537 1185 829 1263 supplicationibus
852 1183 919 1247 Deo
943 1193 1053 1247 nostro
1086 1202 1197 1263 preces
1228 1184 1276 1245 ei·

157 1280 318 1357 laudere,
343 1292 378 1345 ut
399 1283 533 1346 domnos
555 1285 637 1347 filios
660 1297 785 1347 nostros
818 1286 1083 1348 clementissimos
1113 1286 1273 1364 principes

157 1384 375 1449 lastinianum
398 1393 496 1463 atque
518 1383 722 1449 Tbeodoram
745 1406 802 1450 sua
832 1404 960 1466 semper
990 1389 1190 1464 protectione
1221 1404 1275 1448 cu·

157 1488 297 1550 studiat:
320 1487 377 1565 qui
402 1487 532 1566 probis
556 1497 682 1549 vestrae
703 1489 855 1552 charitati
885 1487 1071 1551 mandandis
1094 1534 1101 1549 .
1128 1535 1135 1550 .
1160 1534 1167 1548 .
1193 1534 1200 1551 .
1224 1490 1274 1566 pia

159 1588 384 1668 praebuerunt
405 1590 576 1651 devotione
597 1607 799 1652 consensum.
822 1610 839 1647 »

174 1718 176 1723 ·
238 1687 352 1752 Nonne
370 1689 447 1769 jure
471 1706 549 1766 ergo
573 1690 741 1751 relutauda
764 1691 827 1752 orit
849 1690 992 1751 narratio
1016 1688 1196 1764 Anastasii,
1220 1690 1276 1768 qui

158 1789 199 1852 ab
219 1807 305 1852 anuo
326 1787 395 1854 536.
418 1790 457 1850 ed
479 1785 839 1870 {vitiosissumae
863 1799 981 1864 aetate,
998 1789 1217 1853 lastinianum
1241 1800 1278 1852 ui

159 1889 305 1954 Autbimi
326 1900 358 1954 et
379 1893 611 1971 acephalorum
635 1902 806 1972 patronum
829 1897 949 1972 arguit,
967 1910 1040 1954 curu
1060 1910 1101 1952 ex
1123 1892 1276 1970 praelatis

160 1993 305 2074 eiusdem
337 1992 492 2073 Principis
514 2006 546 2056 et
567 1994 758 2058 Pontificum
786 1993 1048 2057 ineluctabilibus
1078 1992 1278 2055 documentis

162 2105 322 2174 perpetuo
344 2105 590 2182 aversatusvest.
615 2096 823 2176 Quapropter
844 2097 910 2176 ipse
933 2092 1069 2172 Vigilius
1090 2080 1127 2155 de
1149 2112 1188 2155 eu
1210 2093 1278 2172 glo·

161 2197 291 2271 riatur,
313 2197 397 2274 qood
417 2212 481 2260 nom
502 2195 700 2276 imperialem
719 2198 821 2259 solum
852 2197 904 2258 scd
934 2195 1027 2259 etiem
1056 2196 1279 2259 socerdotalem

160 2295 248 2358 uobis
268 2298 411 2361 ocimum
432 2298 674 2361 concederesne
703 2296 902 2360 miseratione
934 2298 1085 2378 dipodius
1107 2306 1152 2360 est
1173 2295 1281 2360 Domi·

159 2417 232 2462 aus.
259 2396 300 2460 Et
322 2398 400 2461 baec
433 2418 492 2477 pro
524 2399 596 2461 iidei
629 2401 811 2478 integritate
832 2417 848 2460 a
871 2397 1055 2463 iustiniaoo
1084 2406 1211 2462 servata
1245 2408 1277 2462 ct

159 2518 217 2578 pro
240 2500 312 2580 ejus
335 2501 490 2580 obsequio
512 2504 543 2563 iu
568 2499 729 2563 Romanos
753 2499 922 2564 Pontifices
944 2518 1053 2563 coram
1086 2499 1279 2580 imperiosi

160 2600 308 2667 Ecclesia
328 2603 452 2683 jugiter
474 2603 637 2694 patefacto
652 2602 807 2667 adversus
825 2602 982 2669 Anastasii
997 2602 1162 2665 illusiones
1184 2602 1272 2664 satis.

241 2704 334 2780 Quae
357 2723 435 2766 rero
457 2704 496 2766 de
518 2705 632 2784 exlege
655 2696 762 2784 vigilii
784 2706 943 2768 electione
964 2713 1076 2768 narrat
1097 2702 1276 2766 Bibliotbu·

158 2807 281 2878 urrins,
304 2807 492 2870 refutantur
514 2806 554 2868 ab
576 2809 644 2885 ipso
668 2807 844 2871 Pontifices
869 2807 925 2887 qui
956 2806 987 2866 in
1018 2824 1155 2885 persona
1187 2805 1271 2867 beati

159 2906 248 2971 Petri
272 2905 418 2985 Apostoli
442 2908 479 2968 ad
504 2907 591 2969 orbis
613 2909 765 2971 catholici
797 2909 964 2985 episcopos
986 2906 1151 2980 scribens,
1176 2907 1274 2967 mani·

160 3009 241 3071 feste
263 3014 414 3080 testatur,
436 3026 470 3070 se
491 3026 554 3071 non
577 3025 635 3086 per
656 3009 827 3084 ambitum,
850 3027 908 3069 uec
931 3008 1111 3086 principum
1134 3008 1273 3070 baereti-

157 3129 274 3175 corum
297 3109 433 3183 larore,
456 3128 562 3189 neque
585 3129 642 3187 per
664 3110 810 3172 occultas
831 3108 985 3171 celandas
1016 3109 1202 3185 sponsiones
1234 3107 1274 3168 ad

160 3210 391 3276 Pontificatum
414 3213 614 3290 ascendisse3
637 3213 691 3272 sed
714 3229 731 3272 a
755 3209 835 3285 Deo,
859 3210 936 3272 licet
960 3210 1183 3283 immeritum,
1210 3215 1278 3269 tau-

159 3331 259 3393 quam
283 3312 395 3375 Aarou
417 3323 578 3375 roratum.
604 3309 644 3374 Et
666 3313 727 3375 boo
748 3313 805 3385 ait,
830 3310 968 3373 fortasse
988 3311 1126 3373 sentiens
1148 3309 1180 3370 iu
1203 3307 1275 3370 vul·

158 3438 218 3500 gns
251 3417 372 3479 lurtire
401 3416 601 3477 introductas
630 3414 787 3475 adsersus
815 3432 849 3475 se
880 3413 975 3473 ialsas
1003 3411 1272 3474 criminationesr

144 3537 241 3599 ¹spiras
259 3520 334 3598 jure
356 3518 577 3594 praeveniens,
600 3515 631 3575 in
654 3515 769 3577 litteris
787 3513 826 3574 ad
844 3511 1043 3575 Auxentium
1061 3509 1276 3572 arelatensem

157 3620 321 3684 asserebat
336 3618 367 3679 in
382 3636 422 3678 eo
444 3616 609 3693 expletum
626 3633 694 3676 esse
711 3614 856 3692 Apostoli
878 3613 1021 3675 dictum:
1040 3629 1096 3672 nee
1109 3608 1276 3691 quisquam

157 3728 256 3784 semet
274 3716 336 3780 sibi
358 3718 526 3791 bonorem,
549 3716 600 3776 sed
620 3713 679 3793 qui
699 3704 871 3776 vocaturo
894 3711 956 3774 Deo
977 3721 1132 3790 tanquam
1154 3711 1274 3773 daron.

161 3817 283 3882 Deinde
305 3818 343 3880 de
364 3837 410 3890 se,
433 3825 584 3896 superest,
602 3818 658 3890 ait,
676 3821 711 3876 ut
734 3813 829 3887 Deus,
850 3813 907 3894 qui
928 3831 984 3874 mos
1005 3808 1177 3873 immeritos
1198 3808 1279 3889 itte(-

160 3917 253 4000 sobili
273 3915 493 3978 misericordie
522 3915 669 3977 bonorem
698 3911 913 3994 pontificalem
947 3907 1105 3972 miserans
1132 3927 1192 3989 pro
1220 3929 1281 3971 suo

156 4019 272 4098 pietate
292 4016 446 4092 coneedit,
468 4017 559 4078 donet
580 4026 608 4077 et
625 4013 816 4094 proemium.
843 4014 921 4077 item
943 4013 982 4074 ad
1005 4009 1133 4074 Galliae
1154 4012 1277 4090 episco-

163 4139 241 4199 pos:
263 4130 430 4200 quantum,
452 4120 575 4194 scribit,
599 4136 655 4179 nos
676 4115 789 4178 divino
805 4113 950 4195 potentio
971 4112 1187 4192 apostolorum
1210 4109 1280 4190 pri-

162 4218 205 4283 mi
226 4215 356 4295 Sedem,
378 4239 442 4282 nors
470 4238 530 4299 pro
561 4217 674 4281 nostris
704 4217 853 4292 meritis,
874 4216 929 4276 sed
945 4233 1006 4295 pro
1027 4210 1180 4294 ineffabili
1201 4232 1277 4274 suae
