2886 4784
144 468 192 525 ler
217 458 323 525 lactus
343 479 368 524 a.
391 455 528 535 ilcetor,
550 459 647 524 dicit:
670 480 687 520 a
709 455 796 540 Lagi,
819 457 966 540 inquam,
987 460 1048 540 lapi
1071 460 1260 543 origenem

144 571 164 625 et
187 556 221 626 ai
241 560 278 625 in
298 563 430 642 legendo
451 560 583 633 ,crimea
604 571 670 637 cst,
691 563 805 640 fatear.
830 561 872 626 ht
892 563 1087 643 marsupiam
1115 574 1259 628 nostrane

144 673 343 729 remearant
363 665 492 728 chartae
512 663 755 727 alexandrinae.
779 662 870 729 Unde
893 667 1013 730 lactum
1039 675 1088 730 eat
1109 673 1158 742 nt,
1181 685 1260 730 eun·

143 768 207 831 ctis
228 767 364 831 eredens
385 763 557 844 Theophili
589 766 702 838 dictis,
726 786 810 846 quae
831 769 871 830 ah
892 768 954 832 hoc
977 777 1122 848 ternpore
1144 786 1182 831 ac
1203 787 1259 848 po·

143 878 214 933 ntea
236 870 365 948 scripsit
397 887 471 932 cum
501 868 541 931 de
571 868 736 931 monachia
765 871 994 947 nitriensihus,
1017 880 1085 934 tum
1107 871 1139 931 in
1161 870 1256 945 illos,
1367 876 1374 891 ‘

143 971 202 1050 tyni
224 972 344 1032 horum
367 971 583 1050 patrocinium
605 981 817 1050 susceperunt
838 974 932 1035 sicuti
954 981 987 1035 et
1007 973 1151 1052 ejusdem
1173 990 1256 1052 quo·

143 1089 213 1151 pue
232 1069 382 1149 Origenis
403 1073 580 1136 secundnm
607 1079 752 1136 veterum
787 1072 920 1137 Patrem
951 1075 1166 1138 testimoninm
1198 1092 1259 1153 pro

142 1191 184 1236 eo
210 1173 427 1252 praestitum,
453 1174 512 1236 sihi
542 1176 779 1237 contradiceret
803 1178 834 1237 in
859 1177 910 1238 aui
938 1176 1037 1253 ipsius
1062 1175 1201 1238 dedecus
1228 1184 1261 1240 et

141 1275 175 1337 in
202 1275 306 1337 totius
326 1271 491 1339 Ecclesiae
514 1278 654 1338 maxime
675 1277 881 1339 oecidentalis
902 1277 1102 1340 scandalum.

226 1372 367 1440 Chartae
388 1394 464 1438 sane
485 1378 729 1450 alexandrinae,
744 1379 799 1440 uhi
820 1387 989 1456 congestus
1011 1389 1083 1440 erat
1103 1378 1256 1442 cumulus

142 1478 362 1557 inpietatem,
379 1495 460 1554 quas
481 1475 636 1556 Origenes
659 1479 860 1540 refutaverat
876 1480 906 1540 in
923 1480 1105 1554 haereticis,
1121 1487 1259 1558 egerunt

142 1588 182 1645 ιιι
212 1579 287 1641 illas
316 1576 535 1658 Hieronymus
556 1579 661 1642 eidem
683 1580 894 1659 inscriberet3
917 1598 955 1643 ac
984 1598 1047 1645 nna
1073 1582 1262 1661 repudiarat

141 1680 237 1744 illius
260 1681 462 1755 memoriam,
485 1697 583 1758 quam
605 1689 699 1743 antea
723 1690 787 1742 tam
809 1681 985 1746 honorilice
1007 1683 1197 1746 celebrarit.

228 1779 369 1847 Chartae
391 1782 621 1844 alexandrinae
642 1782 842 1858 impulerunt
859 1780 1093 1865 Hieronymum
1117 1793 1153 1848 nt
1175 1786 1261 1848 cala·

141 1903 237 1951 mum
261 1893 393 1945 acueret
414 1882 570 1946 adversus
593 1881 772 1958 Rnffinnm,
787 1902 887 1964 aeque
909 1883 1057 1963 deinceps
1073 1887 1202 1962 scriptis
1219 1887 1264 1947 io·

143 1987 255 2050 ricem
276 1985 443 2047 acerrimis
465 1987 680 2065 impeterent,
701 2002 776 2049 cnm
798 1994 890 2048 antea
923 1993 1037 2047 mutua
1059 1985 1168 2048 intima
1188 1985 1263 2066 y'un·

143 2098 308 2168 gerentur
328 2086 481 2148 amicitia.

230 2186 371 2252 Chartae
393 2186 623 2250 alexandrinae
644 2191 787 2251 animum
809 2188 851 2248 ila
881 2194 1115 2266 permoverunt
1146 2186 1262 2251 Hiero·

142 2291 236 2373 nymi
259 2290 414 2352 adversus
435 2289 621 2369 Origenem,
638 2298 675 2352 ιιι
696 2289 734 2352 ad
756 2292 925 2367 episcopos
946 2289 1162 2353 occidentales
1183 2291 1262 2354 scri·

142 2392 256 2466 heret,
278 2392 502 2455 instantissime
525 2390 640 2470 rogans
662 2403 699 2454 ut
719 2392 909 2454 damnarent
926 2391 1033 2455 virum
1041 2412 1052 2469 3
1067 2409 1144 2471 erga
1166 2409 1263 2471 quem

143 2513 187 2558 eo
214 2511 320 2573 nsque
341 2494 463 2572 ubique
487 2494 698 2557 eeclesiarum
723 2492 932 2572 praevalebat
957 2493 1142 2556 reverentia
1165 2493 1207 2555 oh
1230 2510 1264 2556 c·

139 2593 275 2675 inadem
297 2596 449 2657 eximiam
472 2595 622 2674 pietatem
644 2603 676 2655 et
697 2592 888 2655 doctrinam.

228 2693 370 2758 Chartae
391 2693 621 2756 alexandrinae
643 2695 685 2755 ita
707 2691 896 2774 Hieronymi
914 2694 1056 2758 animum
1074 2694 1261 2767 turbarant,

143 2802 185 2861 nt
208 2795 364 2857 mandacii
386 2803 541 2871 argueret
563 2795 767 2857 honorandos
785 2797 870 2855 viros
894 2792 1052 2857 isidorum
1067 2795 1263 2858 monachum

144 2903 181 2961 οι
213 2893 373 2959 loannem
405 2896 740 2969 hierosolimitanum,
772 2893 879 2975 deque
898 2915 924 2958 s.
948 2895 1170 2976 chrysostomi
1201 2895 1264 2959 iide

144 2994 330 3069 dubitaret,
352 2994 490 3075 ey'nsqne
513 2995 598 3057 ritae
618 2996 813 3073 integritate.

228 3093 369 3160 Chartae
390 3095 620 3159 alexandrinae
641 3097 846 3159 concitarunt
867 3094 1127 3178 Hieronymum,
1150 3102 1187 3159 nt
1209 3113 1266 3160 vo·

144 3208 241 3262 caret
263 3196 452 3259 Marcellam
476 3195 678 3276 principiam
702 3195 920 3260 mercationis
944 3197 1173 3260 haereticarum
1199 3195 1263 3259 lio·

145 3314 239 3360 mae:
264 3299 443 3359 haereticos
463 3298 546 3371 vuit,
565 3307 688 3361 tantum
712 3300 741 3359 in
764 3299 989 3376 imaginatione
1011 3317 1083 3374 sna,
1100 3297 1266 3361 Bullinum

146 3399 299 3476 aliosque
320 3397 468 3478 Origenia
490 3410 655 3478 patronos.
683 3398 873 3462 Marcellam
899 3400 995 3474 dico,
1017 3418 1123 3479 quae,
1146 3397 1266 3462 Rudini

145 3501 289 3575 acceptis
310 3500 429 3563 latinae
452 3500 648 3564 Perieralcan
666 3502 818 3564 versionis
839 3502 1093 3581 exemplarihus,
1116 3502 1170 3564 uhi
1195 3500 1264 3562 iur-

147 3603 216 3664 tiye
240 3601 423 3663 introducta
448 3602 579 3665 fuerant
599 3604 694 3680 impia
717 3602 888 3681 dogmata,
916 3619 953 3664 ea
978 3602 1122 3680 volgarit
1143 3603 1174 3664 in
1196 3601 1265 3663 Aa·

147 3702 252 3767 eloris
274 3710 305 3762 et
329 3703 512 3780 interpretis
535 3703 749 3781 ignominiam.
768 3703 917 3764 Attamen
933 3703 1008 3765 huie
1024 3703 1266 3764 haeretieorum

147 3803 348 3865 damnationi
374 3822 432 3866 nee
458 3804 574 3868 Clarus
600 3823 752 3866 romanus
773 3804 981 3881 subscripsit:
1005 3820 1110 3883 neque
1131 3800 1265 3866 Sicinius

148 3904 237 3983 Papa
263 3904 352 3965 illam
376 3903 591 3980 confirmavit,
617 3924 674 3968 nea
697 3906 811 3968 deinde
828 3904 1026 3967 Anastasius.

228 4003 371 4069 Chartae
392 4006 622 4068 alexandrinae
645 4006 822 4069 alienarunt
852 4015 888 4069 nt
910 4006 1056 4067 mulieris
1079 4005 1261 4068 illusionem

144 4106 369 4188 Hieronymus
391 4106 571 4186 praeferret
586 4110 760 4187 sapientiae
776 4116 807 4169 et
821 4107 1008 4169 auctoritati
1024 4107 1127 4170 Siricii
1137 4125 1148 4183 3
1164 4122 1261 4184 quem

147 4208 285 4276 vocavit
304 4207 505 4287 simplicem,
534 4209 699 4290 illusoque
730 4208 879 4286 facilem,
908 4225 946 4272 eo
975 4207 1062 4286 quod
1089 4225 1151 4270 noo
1180 4224 1265 4270 eom·
