2886 4784
175 211 323 276 variam
345 207 454 284 tidem,
478 207 681 287 amplissima·
696 207 859 286 ostendit,
880 227 915 272 se
935 209 1059 272 nullius
1080 109 1314 276 addictumiefiss·

163 329 219 374 se
253 309 482 390 philosophiae
508 310 701 390 systemati,
731 309 813 372 nulli
842 310 1081 373 haereticorum
1112 317 1245 389 sectae,
1273 331 1312 378 ac

162 414 275 476 nulli
301 411 450 490 religioni
472 409 639 475 devotum.
1150 424 1153 429 ·

181 540 191 550 ·
271 512 431 589 Quamvis
451 521 561 575 autem
583 513 773 596 Anonymus
796 512 958 593 glorietur
973 531 1007 574 se
1027 513 1226 592 plenitudine
1242 535 1314 596 gra·

161 617 251 699 tiae
276 613 418 695 Spiritus
439 615 545 680 Sancti
567 616 772 678 cumulatum
796 615 825 676 in
849 615 1027 677 refutandis
1058 616 1250 696 haereticis3
1274 636 1312 682 aa

157 718 325 798 saepius
346 716 550 786 obtestetur,
572 734 606 778 se
628 717 715 777 illius
738 715 877 794 Spiritus
899 716 973 777 doni
1002 726 1208 792 consortem,
1233 736 1311 781 vera

161 817 303 880 dicere
314 835 326 895 3
360 834 460 896 seque
483 817 627 877 veritatis
650 815 829 889 vindicem,
853 833 890 877 ac
920 816 1095 893 sapientiae
1127 817 1236 878 studio
1266 818 1307 879 iu

160 924 358 981 structum
379 924 564 996 nuncupet:
582 924 613 977 et
627 915 749 994 ubique
771 924 905 991 asserat,
922 934 956 976 se
973 935 1023 977 res
1039 917 1120 978 bona
1137 916 1199 978 tide
1221 934 1313 978 cnar-

164 1034 288 1078 rare:
310 1015 517 1078 nihilominus
533 1015 685 1093 perfidiae
701 1017 816 1078 indicia
833 1016 993 1078 hincinde
1009 1018 1087 1078 satis
1102 1017 1206 1094 ampla
1225 1025 1312 1095 pate-

158 1116 296 1193 fiunt3
320 1133 358 1177 ac
379 1116 438 1177 etsi
459 1133 494 1177 se
513 1113 571 1176 Dei
588 1117 728 1178 amicum
746 1123 858 1177 vocet:
876 1134 970 1177 nemo
988 1124 1093 1177 tamen
1115 1118 1146 1176 in
1170 1123 1311 1177 tractatu

160 1219 219 1280 dc
246 1215 324 1279 Deo
339 1226 371 1278 et
386 1216 426 1279 da
443 1213 564 1291 Verbo,
587 1201 686 1295 magis
708 1234 806 1296 quam
826 1217 885 1278 iste
897 1214 966 1278 Deo
983 1217 1107 1278 hostilis
1124 1217 1309 1279 exhibetur.

171 1315 403 1395 Proindeque
424 1317 696 1390 concludendum,
715 1325 812 1379 totam
829 1315 969 1397 Spiritus
985 1317 1091 1379 Sancti
1110 1320 1230 1396 gratiae
1246 1318 1312 1396 ple·

171 1418 373 1480 :titudinem
394 1417 436 1478 ab
456 1436 496 1479 eo
518 1417 658 1479 ablatam
682 1418 800 1497 tuiss03
823 1436 882 1479 nec
903 1418 1042 1497 amplius
1061 1420 1203 1480 veritatis
1225 1437 1311 1480 ama·

172 1528 296 1584 torem
324 1529 358 1581 et
380 1518 538 1582 uindicem
561 1539 651 1595 esse,
674 1537 771 1599 quam
797 1519 944 1581 falsitatis
971 1520 1243 1597 patrocinatorem
1274 1527 1306 1582 et

172 1621 429 1682 calumniarum
453 1620 654 1697 magistrum.
1102 1702 1107 1709 ,

268 1719 527 1804 Nequeiuterim
542 1720 669 1784 Criticis
684 1721 853 1794 assentior,
867 1723 923 1801 qui
938 1722 1060 1793 omnia,
1073 1730 1237 1799 quotquot
1254 1739 1308 1782 oc·

182 1828 332 1885 currunt
353 1820 467 1880 menda
488 1822 520 1880 iu
542 1823 666 1900 graecis
683 1819 841 1902 Anonymi
865 1821 1032 1882 codicibus
1046 1823 1114 1881 sive
1132 1823 1216 1881 circa
1233 1838 1307 1901 syn·

186 1920 308 1993 taxirn,
327 1927 387 1981 aut
406 1921 513 1999 quoad
538 1921 774 1990 vocabulorum
798 1939 913 1996 usum,
936 1939 995 1982 seu
1019 1920 1122 1981 relate
1144 1920 1182 1980 ad
1206 1938 1307 1999 expo·

185 2024 236 2085 siti
260 2020 496 2093 confusionem,
520 2023 600 2083 hacc
614 2023 816 2085 arbitrantur
832 2022 1031 2084 inscribenda
1046 2040 1115 2083 esse
1131 2038 1306 2085 amanuen-

186 2127 272 2187 sium
296 2124 452 2185 iucuriae.
476 2123 694 2204 Nequaquam
717 2124 759 2184 ita
781 2125 907 2186 sentio:
938 2122 992 2184 sed
1016 2123 1133 2201 potiori
1161 2121 1237 2200 jure
1270 2141 1335 2184 aa·

187 2225 244 2304 ipsi
269 2224 408 2288 ductori
430 2225 638 2288 adscribenda
673 2231 752 2304 puto
763 2244 774 2302 3
806 2226 858 2286 cui
887 2223 993 2286 omnia
1026 2223 1141 2286 desunt
1176 2232 1306 2302 praeter

134 2313 138 2323 ¹
187 2327 362 2388 mentiendi
385 2336 416 2387 et
438 2325 655 2388 calumniandi
677 2325 863 2386 artificium.

268 2425 491 2503 Quamobrem
508 2437 539 2489 ct
555 2426 713 2506 siquando
735 2428 774 2488 de
797 2427 896 2505 hujus
910 2425 1080 2503 rapsodiam
1095 2426 1308 2504 compilatore

186 2529 470 2609 pronunciandam
493 2530 569 2591 mihi
588 2530 683 2600 toret,
700 2530 772 2607 quis
795 2545 908 2603 nempe
924 2527 1036 2598 tuerit,
1054 2536 1204 2605 putarem
1222 2527 1305 2588 hanc

188 2627 320 2692 cuidam
344 2629 520 2691 inscribere
540 2629 662 2709 iudaea
683 2629 885 2711 hypocritae,
904 2636 988 2689 etex
1011 2646 1125 2690 eorum
1147 2646 1303 2701 numero,

187 2731 227 2791 do
249 2729 369 2810 quibus
392 2732 437 2792 ait
457 2728 632 2793 Dominus:
655 2727 909 2791 ceniantadacs
926 2727 1168 2791 investimentis
1188 2728 1305 2799 aviana,

188 2830 383 2894 intrinsecas
407 2839 514 2893 uatem
536 2840 611 2893 sant
633 2828 703 2909 lupi
728 2849 869 2910 rapaces.
899 2827 1049 2902 Quorum
1077 2831 1304 2907 praerogativa
1394 2832 1397 2838 '

187 2932 376 3012 principalis
398 2933 541 2994 consistit
562 2934 593 2993 in
615 2932 793 2993 maledictis
815 2929 1042 2991 concinnandis
1063 2931 1220 2989 adversus
1242 2929 1306 2989 siu·

186 3050 282 3096 cerus
303 3031 422 3096 Christi
446 3032 635 3095 adoratores
657 3041 689 3094 et
712 3032 875 3095 Ecclesiae
896 3050 975 3091 suae
997 3032 1167 3092 antistites.

278 3131 453 3212 Postquam
480 3152 558 3195 vero
591 3141 635 3192 tot
666 3133 861 3211 argumentis
895 3131 1102 3206 patefecimus
1125 3127 1304 3190 Auctorem

186 3231 495 3312 Philosapbamaaaa
518 3236 692 3295 universim
717 3235 882 3311 proposito
906 3234 1076 3292 mentitum
1101 3249 1181 3302 esse,
1206 3241 1305 3306 atqua

187 3332 311 3395 nullius
335 3333 481 3395 utilitatis
504 3334 564 3395 hoc
586 3332 676 3410 Opus
701 3334 825 3406 haberi,
849 3341 879 3392 et
904 3333 987 3392 inter
1012 3331 1141 3393 libellos
1168 3331 1306 3391 famosos

185 3433 436 3496 collocandum:
459 3435 612 3514 quidam,
636 3445 740 3512 puto,
764 3435 925 3497 instabunt
953 3413 1124 3512 rogantes,
1148 3452 1251 3511 quare
1273 3433 1304 3492 iu

185 3533 359 3597 Germania
381 3545 412 3596 et
436 3532 548 3616 huglta
570 3537 748 3613 speciatim,
772 3536 921 3614 pluribus
944 3535 984 3595 ab
1008 3535 1079 3595 hinc
1101 3537 1189 3594 annis
1214 3540 1300 3592 tanto

185 3635 295 3697 studio
313 3654 330 3696 a
349 3637 423 3700 airis
444 3636 641 3716 sapientibus
663 3635 933 3712 disputatum.est
954 3634 993 3694 de
1015 3635 1076 3696 hoc
1098 3629 1224 3694 Libro?
1245 3649 1301 3694 cu·

181 3735 238 3816 jas
259 3736 373 3799 sedulo
395 3739 621 3816 investigantes
646 3736 836 3811 Auctorem,
860 3736 954 3798 talem
980 3742 1183 3813 repererunt,
1208 3733 1302 3812 cujus

186 3837 220 3897 in
243 3836 322 3898 orba
344 3837 517 3900 christiano
539 3837 704 3899 doctrinae
728 3835 811 3897 tama
833 3832 1041 3897 excellebat>
1062 3832 1130 3897 Cur
1144 3851 1221 3913 ergo
1238 3844 1306 3894 tan·

187 3947 217 3997 ta
242 3956 322 4000 cura
346 3935 529 4001 Novatorcs
552 3938 591 4000 de
614 3937 772 4016 praefatis
789 3936 973 4016 regionibus
996 3938 1071 3998 huic
1090 3944 1245 3999 vacarunt
1263 3935 1307 3998 0-

185 4040 256 4118 peri
280 4038 380 4100 veluti
403 4040 523 4101 eximio
546 4038 744 4116 antiquitatis
767 4034 1003 4098 monumento?
