2886 4784
260 330 303 407 2⁰

258 449 433 504 coaeterno
454 439 591 520 ejusque
613 446 745 503 aeterna
768 438 995 518 generatione:
1012 461 1028 500 c
1044 435 1115 503 Hoc
1136 448 1248 504 antem
1272 444 1372 523 ipsun

260 540 348 620 qnod
371 540 520 617 dicimus,
542 541 619 622 qnia
642 560 806 621 nunquam
830 542 915 619 init,
938 542 1068 624 qnando
1099 561 1162 607 non
1191 544 1279 619 init,
1302 563 1374 608 eum

262 642 352 705 venia
374 641 571 705 audiendum
593 649 663 724 est3
677 662 749 706 uam
771 644 890 724 etipsa
912 645 1039 705 nomina
1062 644 1194 724 quondo
1212 645 1266 707 rel
1287 663 1373 708 num·

256 761 354 824 quom
371 744 558 826 temporalis
574 743 723 808 vocabuli
744 745 986 825 significantiam
1004 754 1130 824 gerunt.
1152 744 1261 824 Super
1282 764 1373 810 omne

257 855 367 909 antem
390 853 516 924 tempus
534 853 566 907 et
579 863 679 925 supra
701 846 807 908 omuia
829 846 939 909 secula
955 853 987 909 et
1000 864 1098 926 snpra
1122 864 1251 909 omnem
1274 856 1374 910 aeter·

257 945 390 1010 nitatem
413 946 620 1024 intelligenda
642 954 718 1009 runt
738 963 790 1022 ea,
807 964 892 1026 qnae
913 946 953 1010 de
977 945 1073 1009 Patre
1093 955 1125 1009 et
1143 940 1234 1010 'litto
1255 956 1291 1010 et
1310 945 1374 1027 Spi-

260 1049 326 1111 ritu
351 1044 470 1110 Sancto
499 1046 668 1110 dicuntur.
697 1043 787 1110 Haec
813 1049 898 1111 enim
924 1049 995 1111 sola
1025 1045 1168 1110 Trinitas
1194 1057 1268 1127 est,
1294 1066 1376 1128 qnae

257 1166 385 1211 omnem
406 1166 535 1211 sensum
560 1148 790 1228 intelligentiae
815 1166 878 1211 non
899 1149 1007 1213 solnm
1029 1150 1239 1230 temporalis,
1262 1168 1373 1213 rernm

258 1249 355 1312 etiam
386 1251 560 1313 aeternalis
586 1251 726 1330 expedit.
752 1269 769 1309 a
794 1249 834 1313 lit
855 1252 919 1314 boe
946 1250 1031 1314 idem
1061 1253 1137 1314 dicit
1165 1253 1198 1312 in
1228 1250 1329 1314 Libro
1350 1252 1371 1314 l.

257 1371 287 1413 c.
313 1351 371 1413 ΙΙΙ.
398 1370 429 1413 n.
450 1345 482 1418 d.

338 1451 560 1534 Quapropter,
581 1454 607 1516 si
629 1456 805 1519 nonnullae
824 1455 1007 1519 locutiones
1037 1455 1124 1518 eirea
1157 1455 1221 1518 boe
1257 1453 1372 1539 Myrta·

259 1553 357 1628 rium,
381 1555 486 1633 primo
507 1557 629 1618 intuite
648 1574 805 1620 erroneae
829 1558 1021 1633 rideantur,
1047 1574 1110 1619 non
1140 1572 1200 1636 per
1228 1575 1292 1626 se,
1314 1573 1372 1619 ner

257 1659 392 1720 seorsim
414 1675 436 1717 a.
453 1664 609 1722 contextu
630 1667 663 1722 et
684 1676 701 1720 a
724 1659 805 1721 locis
825 1660 992 1738 parallelis
1013 1659 1195 1721 abstractae
1211 1675 1373 1738 exponen·

257 1758 318 1820 dae
339 1767 413 1822 suut
423 1778 443 1837 3·
457 1759 512 1822 sed
533 1760 631 1823 simul
653 1761 795 1836 collatis,
816 1760 1016 1823 definiendus
1031 1747 1165 1823 illarum
1180 1744 1299 1823 sensns
1313 1769 1373 1834 est,

257 1861 459 1938 potissimum
480 1862 602 1923 intento
623 1860 777 1926 Auctoris
798 1872 958 1940 conceptu
980 1862 1011 1923 in
1035 1860 1277 1923 venabulorum
1297 1877 1370 1932 usn,

257 1978 400 2040 quorum
420 1961 610 2040 significatio
631 1981 694 2027 non
714 1963 845 2026 aliunde
865 1963 921 2026 sed
936 1962 977 2024 ab
992 1962 1061 2042 ipso
1075 1970 1124 2026 est
1140 1962 1372 2042 investiganda.

258 2061 401 2143 ideoque
422 2081 507 2143 quae
527 2063 658 2144 Origeni
680 2065 897 2146 objiciuntur,
917 2073 975 2128 aut
996 2064 1070 2128 deta
1096 2071 1198 2141 sunt,
1218 2073 1253 2129 et
1273 2065 1317 2128 ab
1335 2081 1375 2129 eo

257 2164 386 2227 aliena:
408 2174 466 2228 aut
487 2167 604 2244 partim
626 2167 922 2245 praeclarissimum
946 2166 1064 2229 babent
1082 2166 1270 2240 sensum,si
1287 2174 1372 2230 reete

256 2276 477 2346 exponantur,
499 2274 532 2330 et
552 2286 626 2330 cum
653 2268 724 2329 aliis
756 2267 950 2330 eletionibus
970 2275 1046 2345 apte
1067 2267 1299 2330 concilientur.
1326 2267 1373 2330 ile

256 2368 408 2447 reliquo,
434 2376 505 2446 post
527 2376 690 2432 tantorum
714 2369 860 2432 uirorum
886 2366 1036 2442 Marani,
1059 2365 1149 2431 Bulli
1169 2376 1205 2429 et
1227 2367 1374 2431 aliorum

255 2469 400 2533 studium
421 2472 454 2532 in
477 2470 666 2533 vindicando
687 2469 861 2549 Origenem
883 2469 923 2530 ab
945 2487 1060 2532 errore
1090 2471 1177 2531 eirca
1205 2465 1374 2532 Trinitatis

256 2571 437 2634 doctrinam
457 2571 612 2652 (accepta
634 2573 770 2651 ingenua
803 2569 924 2634 Rudini
956 2570 1214 2634 confessionein
1243 2568 1373 2633 Peior·

258 2671 339 2735 eboc
361 2673 592 2750 translatione)
611 2672 776 2754 superflua
801 2671 967 2735 videretur
980 2673 1221 2750 oppositionum
1243 2672 1374 2735 innota·

258 2775 324 2837 tine
346 2773 428 2837 aden
450 2783 487 2838 ut
507 2774 570 2838 dici
591 2785 710 2854 posset,
734 2778 760 2839 si
784 2793 922 2840 erronea
943 2783 1042 2848 sunt,
1062 2791 1149 2853 qnae
1169 2774 1227 2836 ille
1247 2775 1374 2854 scripsit

258 2875 298 2939 de
319 2875 382 2938 boc
404 2873 586 2956 Mysterio,
614 2877 754 2940 aliorum
784 2895 918 2956 quoque
940 2874 1075 2939 Petrum
1096 2884 1130 2938 et
1150 2884 1224 2938 ante
1248 2885 1372 2957 etpost

258 2973 400 3040 Nicaeae
420 2977 585 3062 Synodum
607 2978 780 3060 exposita,
803 2995 1009 3058 nequaquam
1029 2977 1071 3040 ab
1098 2995 1213 3041 errore
1237 2980 1287 3042 ire
1318 2979 1374 3039 irn·

259 3095 381 3141 munta.

336 3179 385 3244 Ac
406 3198 539 3261 reapse,
559 3182 588 3247 si
607 3182 728 3259 semd,
753 3182 803 3246 rel
824 3182 898 3259 bis,
916 3187 975 3244 aut
997 3189 1048 3244 ter
1074 3182 1303 3246 tantammodo
1332 3183 1370 3245 dc

259 3278 357 3345 Verbi
379 3293 412 3348 et
430 3282 570 3366 Spiritus
590 3285 697 3350 Sancti
719 3284 885 3349 divinitate
906 3290 939 3346 et
957 3282 1055 3346 simul
1078 3283 1118 3344 de
1138 3280 1300 3348 Trinitate
1314 3284 1372 3347 dis·

257 3386 434 3466 seruisset,
454 3396 487 3450 et
507 3388 587 3451 alias
610 3387 703 3452 toties
724 3385 885 3467 quaedam
910 3384 1068 3447 voeabula
1090 3384 1292 3448 adhibuisset
1312 3401 1373 3448 noa

257 3487 365 3549 solum
388 3505 472 3567 vago
490 3497 523 3551 et
543 3489 667 3553 incerto
688 3506 783 3551 sensu
805 3486 963 3568 praedita,
978 3485 1034 3548 sed
1055 3493 1088 3548 et
1110 3486 1372 3566 perspieaedog·

259 3589 337 3650 mati
358 3589 521 3653 eatbnlieo
542 3590 689 3670 opposita
701 3609 715 3668 3
737 3598 813 3652 tnnc
835 3585 990 3650 instabilis
1012 3589 1042 3649 in
1064 3604 1122 3648 sna
1144 3586 1277 3651 liderel
1298 3587 1371 3650 bae·

224 3711 242 3742 s
260 3687 380 3751 relicus
398 3687 475 3770 jure
496 3699 744 3769 nuncuparetur
764 3689 930 3768 Origenes.
950 3685 1072 3748 Verum
1089 3705 1164 3750 cum
1178 3706 1289 3768 saepe,
1305 3706 1372 3752 sae·

259 3790 342 3870 pins,
365 3793 548 3873 saepissime
571 3792 673 3872 lquod
698 3811 791 3854 nemo
812 3791 946 3854 inficiari
970 3790 1089 3870 potest)
1109 3789 1228 3854 Christi
1250 3799 1284 3854 el
1304 3789 1372 3869 Spi-

259 3893 340 3957 ritus
362 3890 468 3957 Sancti
488 3893 688 3957 dirinitatem
709 3892 875 3957 conlessns
889 3893 942 3968 sit,
958 3893 1044 3971 qnod
1061 3891 1201 3955 maxime
1217 3898 1372 3972 tanquam

170 4008 173 4014 ·
257 4011 336 4054 suae
357 3992 429 4056 tidei
453 4003 605 4056 tesseram
627 3994 779 4074 exposuit
801 3993 831 4055 iu
854 3992 959 4056 Libris
981 3992 1007 4055 l.
1030 4002 1062 4057 et
1085 3991 1126 4053 ll.
1150 3991 1372 4066 Periorcbotr,

257 4093 420 4173 simulque
441 4096 471 4156 in
493 4093 742 4176 Auocepboleosi
763 4094 861 4175 buius
882 4091 998 4172 Operis
1028 4092 1225 4171 amplissime
1255 4092 1370 4156 contir-

259 4193 369 4271 mavit,
392 4212 428 4258 ac
450 4204 686 4277 consequenter
706 4195 885 4261 firmissime
909 4195 1032 4275 ubique
1046 4211 1159 4258 eoram
1173 4192 1296 4260 Cbristi
1311 4191 1371 4256 liei
