2886 4784
1226 366 1267 435 85

151 468 220 532 ideo
234 475 367 530 centum
379 474 409 528 et
422 465 653 546 quinquaginta
669 465 808 530 denariis
824 470 994 533 menstruis
1011 473 1162 549 acceptis,
1177 474 1263 551 apud

146 572 217 633 illos
241 570 368 632 insede
390 569 563 648 episcopali
583 568 704 632 Romae
719 572 912 633 constitutus
935 571 1012 635 est'?
1036 572 1075 634 Et
1096 575 1173 653 quid
1199 577 1261 640 hoo

145 672 282 735 credere
306 679 393 733 vetat
413 672 453 731 de
476 672 662 755 hnonymo,
685 672 739 750 qni
764 691 823 752 pro
846 692 1038 748 moresne,
1063 685 1098 737 nt
1122 677 1263 739 ulterius

146 773 247 852 magis
269 770 422 850 patefiet,
446 773 545 834 totins
568 775 724 848 pervertit
746 773 898 833 historiae
927 773 1124 838 veritatem?

226 870 269 934 Et
293 889 328 933 re
350 871 481 956 quidem
504 889 604 945 rere,
628 871 861 950 inerunttnnc
884 875 949 938 dno
974 850 1153 954 Thmdoti,
1180 897 1265 942 nnus

146 974 317 1052 trapezita,
341 976 499 1036 coriarius
520 973 605 1035 alter
627 975 679 1051 (ex
702 976 897 1038 authenticis
919 980 1046 1057 scriptis
1067 989 1179 1043 narrat
1201 978 1265 1042 En-

145 1075 265 1147 sebius)
286 1073 353 1153 jam
373 1092 389 1134 a
407 1070 537 1135 Victore
561 1071 643 1152 Papa
667 1077 949 1150 excommunicati,
978 1095 1015 1140 ac
1037 1078 1151 1140 deinde
1168 1079 1264 1143 Arte·

147 1179 310 1250 monitae,
331 1175 469 1237 excluso
491 1170 694 1259 Zephyrion,
719 1176 773 1256 qni
797 1180 958 1256 primitiva
982 1178 1054 1241 fidei
1077 1181 1191 1260 regola
1215 1198 1265 1242 re·

143 1277 243 1358 jecta,
260 1279 389 1358 impiam
412 1279 591 1349 doctrinam
615 1276 751 1340 llomam
773 1278 895 1341 interra
915 1282 1022 1342 conati
1044 1290 1130 1343 sont.
1150 1281 1267 1345 Extitlt

146 1378 296 1444 Natalius
312 1380 455 1459 qnidam,
468 1399 531 1441 non
551 1398 628 1442 vcro
646 1376 861 1463 Zephyrinns,
874 1383 928 1459 qni
945 1382 1021 1444 dolo
1037 1385 1077 1442 ah
1095 1383 1265 1446 haereticis

143 1491 176 1543 et
189 1482 366 1543 ambitione
388 1490 513 1560 captos,
531 1479 655 1544 Romae
678 1481 776 1561 hujus
797 1492 904 1545 sectae
925 1485 1096 1564 episcopus
1117 1494 1263 1559 creatur,

144 1583 248 1646 donee
269 1584 463 1645 mirabiliter
491 1593 589 1645 nocto
611 1584 651 1643 ah
672 1584 794 1662 angelis
824 1585 969 1664 graviter
997 1603 1130 1658 caesus,
1159 1589 1266 1664 primo

146 1702 238 1746 mane
261 1703 395 1762 surgens
417 1685 456 1746 ad
478 1682 664 1765 zephyrini,
682 1685 858 1749 orthodoxi
881 1694 914 1748 et
936 1704 997 1747 non
1022 1687 1193 1763 haeretici,
1212 1707 1266 1768 pa·

147 1785 241 1847 dihos
263 1785 453 1860 advolutus,
477 1796 646 1864 peccatum
669 1804 764 1847 snum
787 1786 953 1850 confessos
975 1796 1036 1861 est,
1053 1788 1140 1851 hono
1157 1807 1267 1868 preca·

147 1894 196 1948 tus
219 1895 258 1947 nt
278 1886 384 1948 denuo
407 1889 437 1947 in
461 1885 638 1948 Ecclesiam
662 1888 878 1974 reciperetur.

228 1986 420 2069 Anonymus
436 1986 549 2047 deinde
565 2006 700 2066 pergens
722 1988 803 2050 duos
828 1986 997 2050 Pontifices
1012 1989 1264 2054 insimulaturus

146 2089 368 2174 zephyrinum
385 2096 416 2149 et
432 2072 615 2162 Callistum,
634 2090 691 2150 hos
713 2090 819 2167 arguit
843 2087 939 2152 Noeti
962 2090 1132 2152 haereseos
1156 2090 1267 2154 deien-

145 2211 248 2256 sores.
275 2191 419 2254 Primum
435 2192 478 2251 ait
497 2208 526 2252 n.
543 2189 574 2254 3.
599 2209 640 2252 ex
663 2187 822 2253 Theodoti
845 2199 877 2253 et
899 2187 996 2253 Nocti
1017 2193 1186 2256 erroribus
1208 2210 1265 2255 no·

147 2312 219 2356 ram
243 2293 451 2356 constitutam
475 2310 543 2353 esse
568 2300 688 2353 sectam
715 2292 776 2352 snb
801 2289 923 2356 Callisti
954 2294 1144 2370 patrocinio.
1174 2293 1266 2356 licin-

145 2397 185 2459 de
199 2403 291 2456 notat
307 2412 338 2455 n.
356 2392 386 2456 7.
400 2412 456 2471 per
476 2392 589 2454 horem
611 2390 835 2454 successionem
852 2391 946 2454 Nocti
963 2394 1096 2466 scilicet,
1118 2392 1268 2473 Epigonis

145 2504 177 2557 el
197 2494 381 2558 Cleomenis
400 2492 543 2554 scholam
567 2489 680 2554 Rornae
700 2491 886 2570 perstitisse,
902 2491 997 2553 immo
1016 2492 1134 2573 scitam
1154 2513 1217 2556 esse
1238 2503 1268 2558 rt

144 2605 285 2667 suetam,
301 2612 398 2674 quum
418 2596 560 2672 soverent
580 2591 649 2654 illis
671 2591 868 2672 Zephyriam
882 2603 911 2654 et
930 2593 1092 2656 Callistus.
1113 2594 1151 2657 Et
1167 2596 1267 2675 paolo

149 2706 217 2774 post
241 2695 369 2756 subdit:
395 2715 410 2751 o
429 2692 519 2756 Hanc
541 2694 699 2755 haeresim
718 2694 871 2756 inlciehat
888 2693 1053 2767 Callistus,
1071 2696 1126 2774 qui
1141 2692 1265 2779 Zephy-

147 2799 256 2869 rinnm
281 2803 356 2856 tnnc
380 2794 566 2857 Pontificem
588 2794 818 2873 permobshat,
843 2805 878 2856 ut
900 2794 983 2856 idem
1005 2799 1140 2858 sentiret
1162 2816 1198 2860 ac
1220 2797 1265 2858 di·

146 2907 260 2961 eeret:
285 2895 353 2975 Epo
373 2893 448 2958 eeoi
471 2894 570 2958 Deum
590 2915 692 2958 onem
712 2893 816 2957 lesum
841 2894 1013 2967 Christum,
1036 2907 1064 2959 et
1083 2907 1210 2977 praeter
1223 2896 1264 2959 il·

147 3001 215 3062 tam
236 2998 395 3061 neminem
424 2999 526 3058 alium
555 2995 692 3076 penitam
721 3007 813 3075 etque
838 2994 1020 3076 possibilem
1051 3008 1111 3061 etc.
1138 3020 1153 3055 e
1188 2998 1267 3062 ltem

148 3101 373 3164 introducitur
394 3100 546 3164 Callistus
569 3101 698 3161 dicens:
728 3097 884 3159 Visibitem
909 3095 991 3158 enim
1018 3108 1164 3177 portem,
1187 3118 1268 3180 quae

146 3204 237 3264 home
259 3211 314 3275 est,
337 3202 500 3264 haeresse
523 3199 663 3271 Filiam
685 3197 847 3261 inclusum
869 3207 972 3261 aetem
995 3197 1031 3260 in
1060 3197 1144 3260 Filio
1165 3197 1268 3278 Spiri-

146 3315 226 3379 tum,
253 3302 382 3365 Patrem
402 3321 474 3364 esse.
495 3302 533 3364 Et
547 3303 626 3364 haee
640 3310 727 3375 suot,
743 3303 782 3360 de
798 3301 916 3380 quibos
934 3301 1176 3378 redarguuntur
1199 3298 1265 3361 dno

147 3403 340 3468 Pontifices:
373 3407 404 3464 in
436 3423 577 3482 quornm
608 3403 824 3464 detonsionem
855 3401 1039 3464 sufficerent
1064 3404 1267 3464 accusatoris

146 3505 297 3570 conlusio
319 3515 351 3566 et
373 3507 598 3568 contradictio.

228 3607 264 3668 ln
288 3607 397 3686 primis
420 3607 503 3669 eirca
529 3605 626 3686 huius
648 3605 818 3667 haereseos
847 3604 971 3666 initium
1006 3603 1183 3665 notandum
1216 3612 1264 3663 cst

146 3708 230 3772 duos
253 3709 367 3771 haberi
389 3716 558 3783 auctores,
581 3707 639 3769 etsi
661 3707 703 3768 oh
725 3704 880 3784 quasdem
904 3705 1161 3767 circumstantias
1183 3703 1268 3763 inter

147 3829 181 3873 se
205 3813 327 3884 varios,
351 3812 382 3872 in
404 3812 538 3872 essentia
564 3825 641 3870 vero
664 3807 860 3880 concordes,
885 3809 941 3886 qui
967 3805 1141 3884 volgosuh
1157 3799 1267 3865 Petri·

142 3911 297 3991 portent
317 3914 446 3975 nomine
470 3917 648 3984 venerunt,
674 3917 738 3970 tres
760 3908 947 3990 hypostases
969 3907 999 3967 io
1018 3901 1090 3966 Deo
1113 3911 1264 3981 negantes

148 4016 329 4093 distinctas,
353 4017 501 4077 docentes
524 4016 596 4075 ideo
625 4011 775 4074 eumdem
805 4027 873 4072 esse
911 4006 1064 4079 Patrem,
1088 4005 1207 4069 Filium
1237 4014 1269 4068 et

148 4111 308 4197 Spiritum
329 4114 498 4187 Sanctum,
522 4124 553 4173 et
576 4113 649 4174 hinc
673 4111 702 4172 in
725 4128 822 4172 carne
844 4116 968 4182 natum,
992 4125 1121 4187 passum
1138 4114 1169 4169 et
1185 4123 1271 4169 mor·

149 4225 243 4280 tunm
266 4224 446 4280 asserentes
468 4214 608 4278 Patrem.
632 4210 854 4276 Tertullianus
888 4208 988 4289 hnjns
1014 4209 1138 4271 erroris
1171 4209 1268 4286 mapi-
