2886 4784
156 479 275 566 Synodi
303 476 339 541 V.
363 477 574 558 degentibus,
604 478 724 560 quibus
756 477 817 542 hoc
843 482 1086 543 monstruosum
1118 489 1245 545 errornttt

156 589 337 665 syntagma,
359 581 505 643 omnium
529 581 671 660 gentium
693 580 896 655 scandalum,
919 581 1119 660 adscriptum
1141 581 1220 646 loit'l

238 680 352 744 Nonne
377 681 417 743 ab
441 682 501 744 hac
522 681 646 744 incuria
673 682 907 745 obtenebratur
926 681 1025 744 decus
1046 683 1183 748 Scholae
1205 681 1252 744 tle·

158 781 361 854 nunninae,
388 780 430 843 ab
458 798 541 843 aero
571 781 751 860 apostolico
779 781 943 843 institutae
971 792 1084 846 contra
1115 783 1254 845 ethnicam

158 882 409 963 philosophiam,
445 881 484 943 ad
511 883 752 961 provectionem
776 881 895 945 Christi
915 880 1003 945 Jesn.
1023 884 1172 956 nominis,
1191 883 1257 963 ejus·

157 1003 224 1065 que
247 983 411 1048 Ecclesiae
432 981 728 1063 propagationem?
758 981 798 1045 bt
829 982 924 1062 cuins
958 983 1042 1045 lama
1075 1001 1134 1063 per
1164 984 1258 1047 orben

126 1127 133 1145 .
159 1085 274 1149 diffusa
298 1085 528 1148 celeberrimos
550 1085 645 1148 adse
669 1085 796 1148 vocavit
827 1085 990 1166 cujusque
1017 1087 1158 1166 regionis
1178 1096 1207 1148 et
1222 1104 1259 1148 se·

160 1194 231 1252 ctae
254 1187 364 1251 fideles
385 1193 418 1251 et
440 1185 584 1250 infideles
607 1185 723 1251 viros?

239 1285 354 1352 Nonne
381 1306 422 1350 ex
453 1288 512 1350 hac
542 1288 656 1350 inertia
688 1291 772 1351 inter
799 1288 958 1369 dogmatis
986 1289 1140 1352 catholici
1171 1291 1262 1356 hostes

161 1396 192 1453 et
215 1388 313 1470 hujus
333 1390 447 1452 aetatis
469 1396 599 1451 nostrae
621 1387 765 1469 cujusvis
787 1393 914 1469 generis
933 1392 1126 1454 neotericos
1159 1407 1261 1470 proso·

161 1489 485 1555 caturseandalum:
508 1487 576 1567 qut,
595 1489 677 1550 hanc
708 1488 853 1550 fictitiam
886 1490 1044 1552 haeresim
1079 1509 1155 1553 enm
1177 1487 1265 1550 Theo·

154 1592 250 1673 philo
272 1601 303 1654 et
325 1588 526 1674 Hieronymo
548 1592 578 1652 in
603 1588 745 1653 Ecclesia
770 1599 846 1655 tuoe
870 1592 1094 1672 praevaluisse
1118 1591 1263 1663 arbitrati,

162 1692 214 1754 rel
237 1694 336 1771 magis
358 1709 395 1755 ae
417 1693 529 1770 magis,
551 1689 658 1754 divine
684 1692 819 1754 veritate
850 1702 1055 1773 contempta,
1080 1695 1263 1756 insolescunt

161 1796 193 1857 in
216 1795 325 1875 pravis
343 1794 411 1858 sols
432 1793 572 1856 consiliis
594 1802 626 1856 et
646 1793 925 1871 aberrationibus,
947 1813 1022 1857 cuna
1047 1802 1095 1857 tot
1117 1804 1150 1857 et
1172 1803 1262 1857 tentos

162 1903 388 1979 praesumptos
409 1895 529 1959 horum
549 1894 769 1959 absnrdornm
790 1884 978 1976 dogmatum
1000 1896 1180 1960 inreucriut
1208 1911 1262 1956 ma·

163 1995 309 2078 gistros‘?

246 2097 362 2162 Nonne
383 2099 460 2162 item
485 2117 525 2162 ex
548 2100 608 2162 bae
630 2099 755 2164 incuria
777 2100 974 2163 insolescunt
995 2098 1154 2162 adversus
1176 2097 1267 2160 Ponti·

165 2201 297 2264 deatum
321 2199 516 2276 Romanum,
538 2221 613 2265 eum
635 2209 773 2265 cernunt
795 2201 941 2264 mulieris
966 2200 1099 2280 zelum(
1121 2200 1176 2263 setl
1190 2216 1266 2279 pras·

168 2311 220 2366 ter
238 2303 427 2380 scientiam)
449 2303 608 2383 praeferri
627 2295 814 2383 sapientiae,
836 2303 1023 2382 vigilantiae
1044 2311 1076 2364 et
1098 2298 1268 2365 auctoritati

165 2404 271 2470 Siricii
296 2404 400 2485 Papae
411 2425 422 2484 3
445 2405 536 2486 qnasi
561 2407 619 2468 iste
635 2406 732 2468 homo
747 2406 899 2485 simplex,
917 2405 1063 2467 oecsatis
1081 2412 1197 2467 cantos
1212 2401 1267 2464 ine·

167 2509 232 2582 rit,
256 2516 293 2570 nt
314 2505 502 2569 decerneret
523 2507 618 2586 impia
642 2507 791 2586 dogmata
818 2506 944 2569 Romae
966 2489 1145 2586 propagata
1158 2524 1170 2584 3
1198 2519 1267 2583 gnae

171 2616 277 2671 temen
300 2608 437 2671 docmina
460 2607 580 2671 dicitnr
600 2606 809 2671 advertisse?
916 2643 921 2652 ·
1088 2612 1093 2624 “

249 2706 364 2772 Nonne
385 2727 425 2771 ex
448 2709 508 2771 hac
528 2708 676 2771 socordia
700 2707 815 2772 Clarus
839 2727 991 2771 romanus
1015 2727 1078 2772 una
1105 2726 1179 2772 enm
1201 2703 1268 2767 Pon·

171 2810 257 2876 tilica
278 2808 406 2891 probris
427 2816 459 2874 ei
480 2812 652 2890 ignominia
676 2810 996 2892 aldenardensem
1019 2812 1087 2892 ipse
1110 2812 1179 2892 (nti
1204 2807 1269 2884 legl-

169 2917 226 2974 tnr
247 2911 278 2972 in
298 2909 348 2975 33.
372 2909 507 2990 epistola
529 2909 763 2996 Hieronymil:
787 2932 804 2971 n
827 2930 890 2974 una
912 2912 1105 2975 couveniens
1128 2914 1161 2975 in
1180 2906 1265 2976 Urbe,

169 3012 342 3094 Origeuem
364 3012 528 3074 damnavit
554 3029 617 3074 non
640 3019 774 3091 propter
795 3010 982 3090 dogmatum
1002 3013 1194 3097 novitatem,
1215 3021 1266 3068 non

171 3124 306 3195 propter
328 3116 516 3191 haeresem,
539 3113 593 3177 sed
616 3115 691 3193 quia
715 3113 849 3193 gloriam
872 3113 1079 3194 eloquentiae
1102 3112 1173 3193 ejus
1194 3109 1266 3172 ierrs

172 3232 235 3278 uon
257 3213 434 3295 poterant?
450 3233 466 3272 »

254 3317 369 3382 Nonne
390 3335 430 3379 ex
458 3317 518 3379 hac
542 3315 707 3379 oscitantia
738 3334 861 3379 summa
893 3315 1036 3378 insertur
1059 3314 1178 3397 injuria
1207 3326 1267 3393 pro·

176 3421 300 3501 gressui
322 3420 471 3481 scientiae
493 3418 638 3494 criticae,
656 3435 740 3498 quae
763 3418 858 3481 hodie
880 3417 1041 3480 desidibus
1063 3425 1097 3479 ct
1118 3409 1270 3479 incuriosis

175 3524 334 3602 increpat,
351 3539 471 3599 cosque
493 3519 532 3581 ad
554 3537 654 3581 novas
676 3520 912 3598 disquisitiones
935 3523 1049 3596 urget:
1072 3522 1106 3579 et
1128 3532 1209 3597 qnae
1228 3527 1273 3575 nn·

174 3624 347 3704 dequaqne
367 3625 577 3702 persequitur
595 3620 821 3705 sycophantas,
844 3628 877 3683 et
900 3625 1047 3684 veterum
1068 3618 1213 3683 macerae
1231 3612 1268 3676 bi·

177 3726 297 3789 storias
320 3730 605 3787 monumentorum
628 3718 841 3784 falsatores?

256 3825 364 3906 Siquis
386 3842 465 3887 vero
486 3842 545 3903 per
567 3824 648 3886 hanc
679 3822 862 3902 apologiam
894 3820 1059 3899 putaverit
1085 3818 1272 3900 Hieronymo

177 3925 342 4008 speciatim
364 3923 433 3986 lieri
455 3923 633 4003 injuriam,
655 3923 711 4002 qui
734 3924 765 3985 in
797 3922 858 3984 hac
887 3921 1077 4000 quaestione
1104 3915 1272 3999 Theophila

178 4029 251 4089 viro
272 4024 481 4088 trandutento
502 4042 536 4085 se
559 4031 662 4084 totum
684 4023 830 4095 credens,
848 4037 962 4082 errore
983 4028 1113 4099 captus,
1131 4024 1274 4099 perpetuo

179 4129 334 4210 pugnavit
354 4126 510 4188 adversus
532 4121 704 4203 Origeuem
726 4125 863 4205 ejusque
880 4121 1031 4184 vindices.
1051 4117 1166 4183 Nonne
1186 4120 1211 4180 is
1231 4117 1276 4177 ho

179 4250 233 4297 mo
254 4224 353 4295 erat?
375 4225 487 4291 Nonne
509 4224 683 4305 aliquando
700 4228 766 4307 ipse
781 4225 821 4289 de
836 4220 1061 4288 ecclesiasticis
1078 4218 1277 4303 scriptoribus
