<?xml version="1.0" encoding="UTF-8"?>
<!DOCTYPE html PUBLIC "-//W3C//DTD XHTML 1.0 Transitional//EN"
    "http://www.w3.org/TR/xhtml1/DTD/xhtml1-transitional.dtd">
<html xmlns="http://www.w3.org/1999/xhtml" xml:lang="en" lang="en">
 <head>
  <title>
</title>
<meta http-equiv="Content-Type" content="text/html;charset=utf-8" />
  <meta name='ocr-system' content='tesseract 3.04.00' />
  <meta name='ocr-capabilities' content='ocr_page ocr_carea ocr_par ocr_line ocrx_word'/>
</head>
<body>
  <div class='ocr_page' id='page_1' title='image "./insgregoriinyss00vincgoog/insgregoriinyss00vincgoog_0445.png"; bbox 0 0 2886 4784; ppageno 0'>
   <div class='ocr_carea' id='block_1_1' title="bbox 118 396 1277 4233">
    <p class='ocr_par' dir='ltr' id='par_1_1' title="bbox 158 396 1261 974">
     <span class='ocr_line' id='line_1_1' title="bbox 159 396 1255 481; baseline -0.001 -20"><span class='ocrx_word' id='word_1_1' title='bbox 159 400 293 481; x_wconf 75' lang='lat' dir='ltr'><strong>alpium,</strong></span> <span class='ocrx_word' id='word_1_2' title='bbox 309 411 373 468; x_wconf 77' lang='lat' dir='ltr'><strong>&#39;nec</strong></span> <span class='ocrx_word' id='word_1_3' title='bbox 395 396 569 478; x_wconf 88' lang='lat' dir='ltr'><strong>repudium</strong></span> <span class='ocrx_word' id='word_1_4' title='bbox 591 397 669 462; x_wconf 87' lang='lat' dir='ltr'><strong>dare</strong></span> <span class='ocrx_word' id='word_1_5' title='bbox 691 398 905 480; x_wconf 65' lang='lat' dir='ltr'><strong>permittitur,</strong></span> <span class='ocrx_word' id='word_1_6' title='bbox 929 415 989 464; x_wconf 91' lang='lat' dir='ltr'><strong>ucc</strong></span> <span class='ocrx_word' id='word_1_7' title='bbox 1009 397 1255 463; x_wconf 76' lang='lat' dir='ltr'><strong>circumcidimur</strong></span> 
     </span>
     <span class='ocr_line' id='line_1_2' title="bbox 160 498 1256 582; baseline -0.006 -15"><span class='ocrx_word' id='word_1_8' title='bbox 160 511 254 567; x_wconf 80' lang='lat' dir='ltr'><strong>ete.»</strong></span> <span class='ocrx_word' id='word_1_9' title='bbox 280 501 410 565; x_wconf 85' lang='lat' dir='ltr'><strong>interim</strong></span> <span class='ocrx_word' id='word_1_10' title='bbox 433 499 604 563; x_wconf 89' lang='lat' dir='ltr'><strong>dubitatur</strong></span> <span class='ocrx_word' id='word_1_11' title='bbox 617 518 657 563; x_wconf 89' lang='lat' dir='ltr'><strong>an</strong></span> <span class='ocrx_word' id='word_1_12' title='bbox 676 498 895 582; x_wconf 76' lang='lat' dir='ltr'><strong>Hieronymus</strong></span> <span class='ocrx_word' id='word_1_13' title='bbox 910 519 984 564; x_wconf 85' lang='lat' dir='ltr'><strong>curn</strong></span> <span class='ocrx_word' id='word_1_14' title='bbox 1006 500 1180 567; x_wconf 84' lang='lat' dir='ltr'><strong>loviuiauo</strong></span> <span class='ocrx_word' id='word_1_15' title='bbox 1199 516 1256 562; x_wconf 84' lang='lat' dir='ltr'><strong>con</strong></span> 
     </span>
     <span class='ocr_line' id='line_1_3' title="bbox 162 599 1257 683; baseline -0.006 -15"><span class='ocrx_word' id='word_1_16' title='bbox 162 604 294 668; x_wconf 87' lang='lat' dir='ltr'><strong>tendens</strong></span> <span class='ocrx_word' id='word_1_17' title='bbox 316 613 348 667; x_wconf 89' lang='lat' dir='ltr'><strong>et</strong></span> <span class='ocrx_word' id='word_1_18' title='bbox 370 605 558 683; x_wconf 88' lang='lat' dir='ltr'><strong>praesertim</strong></span> <span class='ocrx_word' id='word_1_19' title='bbox 580 621 622 667; x_wconf 85' lang='lat' dir='ltr'><strong>ex</strong></span> <span class='ocrx_word' id='word_1_20' title='bbox 645 603 744 683; x_wconf 87' lang='lat' dir='ltr'><strong>hujus</strong></span> <span class='ocrx_word' id='word_1_21' title='bbox 766 603 886 667; x_wconf 54' lang='lat' dir='ltr'><strong>¹lavore</strong></span> <span class='ocrx_word' id='word_1_22' title='bbox 918 622 996 683; x_wconf 75' lang='lat' dir='ltr'><strong>erga</strong></span> <span class='ocrx_word' id='word_1_23' title='bbox 1025 603 1200 672; x_wconf 87' lang='lat' dir='ltr'><strong>divortium</strong></span> <span class='ocrx_word' id='word_1_24' title='bbox 1216 599 1257 662; x_wconf 86' lang='lat' dir='ltr'><strong>ab·</strong></span> 
     </span>
     <span class='ocr_line' id='line_1_4' title="bbox 158 700 1259 787; baseline -0.007 -17"><span class='ocrx_word' id='word_1_25' title='bbox 158 708 325 780; x_wconf 86' lang='lat' dir='ltr'><strong>solutum,</strong></span> <span class='ocrx_word' id='word_1_26' title='bbox 347 700 561 785; x_wconf 66' lang='lat' dir='ltr'><strong>disputaverit</strong></span> <span class='ocrx_word' id='word_1_27' title='bbox 583 723 641 769; x_wconf 88' lang='lat' dir='ltr'><strong>nec</strong></span> <span class='ocrx_word' id='word_1_28' title='bbox 662 724 701 768; x_wconf 89' lang='lat' dir='ltr'><strong>ne</strong></span> <span class='ocrx_word' id='word_1_29' title='bbox 729 704 825 786; x_wconf 82' lang='lat' dir='ltr'><strong>juxta</strong></span> <span class='ocrx_word' id='word_1_30' title='bbox 849 701 1046 784; x_wconf 76' lang='lat' dir='ltr'><strong>vulgatam:</strong></span> <span class='ocrx_word' id='word_1_31' title='bbox 1069 703 1129 787; x_wconf 79' lang='lat' dir='ltr'><strong>ptes&#39;</strong></span> <span class='ocrx_word' id='word_1_32' title='bbox 1153 702 1259 766; x_wconf 79' lang='lat' dir='ltr'><strong>dimise·</strong></span> 
     </span>
     <span class='ocr_line' id='line_1_5' title="bbox 158 802 1261 886; baseline -0.001 -15"><span class='ocrx_word' id='word_1_33' title='bbox 158 807 205 871; x_wconf 84' lang='lat' dir='ltr'><strong>rit</strong></span> <span class='ocrx_word' id='word_1_34' title='bbox 224 825 353 870; x_wconf 77' lang='lat' dir='ltr'><strong>oaorem</strong></span> <span class='ocrx_word' id='word_1_35' title='bbox 375 824 477 884; x_wconf 83' lang='lat' dir='ltr'><strong>ruem,</strong></span> <span class='ocrx_word' id='word_1_36' title='bbox 494 804 561 871; x_wconf 79' lang='lat' dir='ltr'><strong>nisi</strong></span> <span class='ocrx_word' id='word_1_37' title='bbox 574 805 610 870; x_wconf 87' lang='lat' dir='ltr'><strong>od</strong></span> <span class='ocrx_word' id='word_1_38' title='bbox 623 802 864 886; x_wconf 74' lang='lat' dir='ltr'><strong>fornicationem</strong></span> <span class='ocrx_word' id='word_1_39' title='bbox 877 815 905 870; x_wconf 85' lang='lat' dir='ltr'><strong>rt</strong></span> <span class='ocrx_word' id='word_1_40' title='bbox 917 803 1017 870; x_wconf 77' lang='lat' dir='ltr'><strong>etium</strong></span> <span class='ocrx_word' id='word_1_41' title='bbox 1032 805 1183 884; x_wconf 76' lang='lat' dir='ltr'><strong>duxerit,</strong></span> <span class='ocrx_word' id='word_1_42' title='bbox 1197 824 1261 886; x_wconf 79' lang='lat' dir='ltr'><strong>moe</strong></span> 
     </span>
     <span class='ocr_line' id='line_1_6' title="bbox 161 909 285 974; baseline -0.032 0"><span class='ocrx_word' id='word_1_43' title='bbox 161 909 285 974; x_wconf 70' lang='lat' dir='ltr'><strong>cietur.</strong></span> 
     </span>
    </p>

    <p class='ocr_par' dir='ltr' id='par_1_2' title="bbox 118 1005 1271 2305">
     <span class='ocr_line' id='line_1_7' title="bbox 240 1005 1260 1090; baseline 0 -17"><span class='ocrx_word' id='word_1_44' title='bbox 240 1009 363 1075; x_wconf 81' lang='lat' dir='ltr'><strong>Deinde</strong></span> <span class='ocrx_word' id='word_1_45' title='bbox 384 1010 415 1073; x_wconf 91' lang='lat' dir='ltr'><strong>in</strong></span> <span class='ocrx_word' id='word_1_46' title='bbox 436 1008 571 1090; x_wconf 91' lang='lat' dir='ltr'><strong>epistola</strong></span> <span class='ocrx_word' id='word_1_47' title='bbox 590 1006 641 1074; x_wconf 79' lang='lat'><strong>77.</strong></span> <span class='ocrx_word' id='word_1_48' title='bbox 663 1008 702 1072; x_wconf 85' lang='lat' dir='ltr'><strong>ad</strong></span> <span class='ocrx_word' id='word_1_49' title='bbox 724 1005 904 1082; x_wconf 78' lang='lat' dir='ltr'><strong>Oceanum,</strong></span> <span class='ocrx_word' id='word_1_50' title='bbox 920 1009 1101 1089; x_wconf 88' lang='lat' dir='ltr'><strong>corripiens</strong></span> <span class='ocrx_word' id='word_1_51' title='bbox 1123 1017 1157 1073; x_wconf 91' lang='lat' dir='ltr'><strong>et</strong></span> <span class='ocrx_word' id='word_1_52' title='bbox 1176 1025 1260 1075; x_wconf 79' lang='lat' dir='ltr'><strong>crea·</strong></span> 
     </span>
     <span class='ocr_line' id='line_1_8' title="bbox 159 1108 1263 1191; baseline -0.001 -15"><span class='ocrx_word' id='word_1_53' title='bbox 159 1128 235 1176; x_wconf 81' lang='lat' dir='ltr'><strong>eam</strong></span> <span class='ocrx_word' id='word_1_54' title='bbox 256 1111 352 1175; x_wconf 91' lang='lat' dir='ltr'><strong>simul</strong></span> <span class='ocrx_word' id='word_1_55' title='bbox 378 1108 557 1185; x_wconf 81' lang='lat' dir='ltr'><strong>Fabiolam,</strong></span> <span class='ocrx_word' id='word_1_56' title='bbox 579 1128 676 1190; x_wconf 89' lang='lat' dir='ltr'><strong>quae,</strong></span> <span class='ocrx_word' id='word_1_57' title='bbox 699 1109 870 1189; x_wconf 88' lang='lat' dir='ltr'><strong>repudiato</strong></span> <span class='ocrx_word' id='word_1_58' title='bbox 891 1113 1008 1175; x_wconf 91' lang='lat' dir='ltr'><strong>marito</strong></span> <span class='ocrx_word' id='word_1_59' title='bbox 1034 1111 1079 1174; x_wconf 86' lang='lat' dir='ltr'><strong>ob</strong></span> <span class='ocrx_word' id='word_1_60' title='bbox 1100 1113 1263 1191; x_wconf 84' lang='lat' dir='ltr'><strong>pravitates</strong></span> 
     </span>
     <span class='ocr_line' id='line_1_9' title="bbox 160 1211 1264 1292; baseline -0.001 -16"><span class='ocrx_word' id='word_1_61' title='bbox 160 1211 262 1288; x_wconf 90' lang='lat' dir='ltr'><strong>illius,</strong></span> <span class='ocrx_word' id='word_1_62' title='bbox 278 1213 407 1276; x_wconf 89' lang='lat' dir='ltr'><strong>incaute</strong></span> <span class='ocrx_word' id='word_1_63' title='bbox 427 1220 538 1274; x_wconf 90' lang='lat' dir='ltr'><strong>contra</strong></span> <span class='ocrx_word' id='word_1_64' title='bbox 559 1211 663 1290; x_wconf 78' lang='lat' dir='ltr'><strong>legem</strong></span> <span class='ocrx_word' id='word_1_65' title='bbox 678 1211 798 1276; x_wconf 88' lang='lat' dir='ltr'><strong>Christi</strong></span> <span class='ocrx_word' id='word_1_66' title='bbox 810 1211 968 1275; x_wconf 82' lang='lat' dir='ltr'><strong>securrdas</strong></span> <span class='ocrx_word' id='word_1_67' title='bbox 983 1213 1125 1275; x_wconf 77' lang='lat' dir='ltr'><strong>iniceret</strong></span> <span class='ocrx_word' id='word_1_68' title='bbox 1138 1213 1264 1292; x_wconf 84' lang='lat' dir='ltr'><strong>nuptias,</strong></span> 
     </span>
     <span class='ocr_line' id='line_1_10' title="bbox 159 1310 1264 1393; baseline -0.004 -15"><span class='ocrx_word' id='word_1_69' title='bbox 159 1313 294 1379; x_wconf 80' lang='lat' dir='ltr'><strong>scribit:</strong></span> <span class='ocrx_word' id='word_1_70' title='bbox 319 1318 335 1373; x_wconf 76' lang='grc' dir='ltr'><strong>α’</strong></span> <span class='ocrx_word' id='word_1_71' title='bbox 357 1313 526 1393; x_wconf 82' lang='lat' dir='ltr'><strong>Praecepit</strong></span> <span class='ocrx_word' id='word_1_72' title='bbox 549 1310 705 1378; x_wconf 83' lang='lat' dir='ltr'><strong>Dominus</strong></span> <span class='ocrx_word' id='word_1_73' title='bbox 728 1332 865 1377; x_wconf 86' lang='lat' dir='ltr'><strong>uxorem</strong></span> <span class='ocrx_word' id='word_1_74' title='bbox 897 1333 960 1376; x_wconf 92' lang='lat' dir='ltr'><strong>non</strong></span> <span class='ocrx_word' id='word_1_75' title='bbox 991 1313 1113 1378; x_wconf 90' lang='lat' dir='ltr'><strong>debere</strong></span> <span class='ocrx_word' id='word_1_76' title='bbox 1142 1313 1264 1389; x_wconf 86' lang='lat' dir='ltr'><strong>dimitti,</strong></span> 
     </span>
     <span class='ocr_line' id='line_1_11' title="bbox 161 1415 1266 1494; baseline 0 -16"><span class='ocrx_word' id='word_1_77' title='bbox 161 1425 297 1494; x_wconf 86' lang='lat' dir='ltr'><strong>excepta</strong></span> <span class='ocrx_word' id='word_1_78' title='bbox 331 1415 552 1478; x_wconf 76' lang='lat' dir='ltr'><strong>fornicationis</strong></span> <span class='ocrx_word' id='word_1_79' title='bbox 581 1434 704 1479; x_wconf 88' lang='lat' dir='ltr'><strong>causa:</strong></span> <span class='ocrx_word' id='word_1_80' title='bbox 728 1424 760 1480; x_wconf 93' lang='lat' dir='ltr'><strong>et</strong></span> <span class='ocrx_word' id='word_1_81' title='bbox 780 1419 806 1480; x_wconf 91' lang='lat' dir='ltr'><strong>si</strong></span> <span class='ocrx_word' id='word_1_82' title='bbox 829 1416 957 1479; x_wconf 84' lang='lat' dir='ltr'><strong>dimissa</strong></span> <span class='ocrx_word' id='word_1_83' title='bbox 990 1416 1093 1480; x_wconf 83' lang='lat' dir='ltr'><strong>inerit</strong></span> <span class='ocrx_word' id='word_1_84' title='bbox 1106 1458 1117 1491; x_wconf 94' lang='lat'><strong>,</strong></span> <span class='ocrx_word' id='word_1_85' title='bbox 1131 1474 1135 1479; x_wconf 87' lang='lat'><em>.</em></span> <span class='ocrx_word' id='word_1_86' title='bbox 1150 1432 1266 1479; x_wconf 87' lang='lat' dir='ltr'><strong>manere</strong></span> 
     </span>
     <span class='ocr_line' id='line_1_12' title="bbox 161 1515 1266 1598; baseline -0.004 -18"><span class='ocrx_word' id='word_1_87' title='bbox 161 1519 343 1596; x_wconf 85' lang='lat' dir='ltr'><strong>innuptam.</strong></span> <span class='ocrx_word' id='word_1_88' title='bbox 368 1515 533 1595; x_wconf 86' lang='lat' dir='ltr'><strong>Quidquid</strong></span> <span class='ocrx_word' id='word_1_89' title='bbox 558 1515 635 1579; x_wconf 88' lang='lat' dir='ltr'><strong>siris</strong></span> <span class='ocrx_word' id='word_1_90' title='bbox 652 1516 801 1598; x_wconf 77' lang='lat' dir='ltr'><strong>iubetur,</strong></span> <span class='ocrx_word' id='word_1_91' title='bbox 818 1518 880 1579; x_wconf 88' lang='lat' dir='ltr'><strong>hoc</strong></span> <span class='ocrx_word' id='word_1_92' title='bbox 901 1524 1142 1597; x_wconf 86' lang='lat' dir='ltr'><strong>consequenter</strong></span> <span class='ocrx_word' id='word_1_93' title='bbox 1164 1515 1266 1580; x_wconf 88' lang='lat' dir='ltr'><strong>redun-</strong></span> 
     </span>
     <span class='ocr_line' id='line_1_13' title="bbox 163 1614 1265 1697; baseline -0.001 -17"><span class='ocrx_word' id='word_1_94' title='bbox 163 1616 219 1680; x_wconf 89' lang='lat' dir='ltr'><strong>dat</strong></span> <span class='ocrx_word' id='word_1_95' title='bbox 239 1617 270 1679; x_wconf 90' lang='lat' dir='ltr'><strong>ln</strong></span> <span class='ocrx_word' id='word_1_96' title='bbox 293 1616 436 1680; x_wconf 85' lang='lat' dir='ltr'><strong>laminas.</strong></span> <span class='ocrx_word' id='word_1_97' title='bbox 459 1614 575 1697; x_wconf 88' lang='lat' dir='ltr'><strong>Neque</strong></span> <span class='ocrx_word' id='word_1_98' title='bbox 596 1617 679 1679; x_wconf 90' lang='lat' dir='ltr'><strong>enim</strong></span> <span class='ocrx_word' id='word_1_99' title='bbox 701 1617 851 1681; x_wconf 85' lang='lat' dir='ltr'><strong>adultera</strong></span> <span class='ocrx_word' id='word_1_100' title='bbox 875 1636 963 1679; x_wconf 84' lang='lat' dir='ltr'><strong>uxor</strong></span> <span class='ocrx_word' id='word_1_101' title='bbox 983 1616 1178 1681; x_wconf 85' lang='lat' dir='ltr'><strong>dimittenda</strong></span> <span class='ocrx_word' id='word_1_102' title='bbox 1204 1623 1265 1692; x_wconf 86' lang='lat' dir='ltr'><strong>est,</strong></span> 
     </span>
     <span class='ocr_line' id='line_1_14' title="bbox 161 1707 1268 1799; baseline -0.004 -17"><span class='ocrx_word' id='word_1_103' title='bbox 161 1724 194 1782; x_wconf 89' lang='lat' dir='ltr'><strong>et</strong></span> <span class='ocrx_word' id='word_1_104' title='bbox 217 1718 267 1781; x_wconf 89' lang='lat' dir='ltr'><strong>rir</strong></span> <span class='ocrx_word' id='word_1_105' title='bbox 287 1718 442 1780; x_wconf 83' lang='lat' dir='ltr'><strong>moechus</strong></span> <span class='ocrx_word' id='word_1_106' title='bbox 464 1718 658 1782; x_wconf 88' lang='lat' dir='ltr'><strong>retinendus.</strong></span> <span class='ocrx_word' id='word_1_107' title='bbox 681 1707 790 1797; x_wconf 68' lang='lat' dir='ltr'><strong>steno</strong></span> <span class='ocrx_word' id='word_1_108' title='bbox 811 1717 970 1782; x_wconf 78' lang='lat' dir='ltr'><strong>meretrici</strong></span> <span class='ocrx_word' id='word_1_109' title='bbox 984 1716 1159 1799; x_wconf 55' lang='grc' dir='ltr'><strong>μηρίων,</strong></span> <span class='ocrx_word' id='word_1_110' title='bbox 1180 1733 1268 1781; x_wconf 78' lang='lat' dir='ltr'><strong>naen</strong></span> 
     </span>
     <span class='ocr_line' id='line_1_15' title="bbox 163 1817 1267 1900; baseline 0 -18"><span class='ocrx_word' id='word_1_111' title='bbox 163 1838 278 1900; x_wconf 84' lang='lat' dir='ltr'><strong>corpus</strong></span> <span class='ocrx_word' id='word_1_112' title='bbox 298 1817 499 1899; x_wconf 66' lang='lat' dir='ltr'><strong>fecitcllrgo</strong></span> <span class='ocrx_word' id='word_1_113' title='bbox 520 1824 553 1882; x_wconf 87' lang='lat' dir='ltr'><strong>et</strong></span> <span class='ocrx_word' id='word_1_114' title='bbox 572 1838 658 1899; x_wconf 87' lang='lat' dir='ltr'><strong>qnae</strong></span> <span class='ocrx_word' id='word_1_115' title='bbox 671 1820 851 1883; x_wconf 83' lang='lat' dir='ltr'><strong>scortatori</strong></span> <span class='ocrx_word' id='word_1_116' title='bbox 883 1820 1082 1899; x_wconf 86' lang='lat' dir='ltr'><strong>impuroque</strong></span> <span class='ocrx_word' id='word_1_117' title='bbox 1113 1820 1267 1895; x_wconf 83' lang='lat' dir='ltr'><strong>sociatur,</strong></span> 
     </span>
     <span class='ocr_line' id='line_1_16' title="bbox 164 1919 1267 2004; baseline -0.001 -18"><span class='ocrx_word' id='word_1_118' title='bbox 164 1939 266 1986; x_wconf 90' lang='lat' dir='ltr'><strong>uuum</strong></span> <span class='ocrx_word' id='word_1_119' title='bbox 288 1940 362 1984; x_wconf 90' lang='lat' dir='ltr'><strong>cum</strong></span> <span class='ocrx_word' id='word_1_120' title='bbox 386 1939 424 1984; x_wconf 90' lang='lat' dir='ltr'><strong>eu</strong></span> <span class='ocrx_word' id='word_1_121' title='bbox 446 1939 565 2000; x_wconf 88' lang='lat' dir='ltr'><strong>corpus</strong></span> <span class='ocrx_word' id='word_1_122' title='bbox 585 1919 737 1985; x_wconf 83' lang='lat' dir='ltr'><strong>edicitur.</strong></span> <span class='ocrx_word' id='word_1_123' title='bbox 761 1921 855 1986; x_wconf 77' lang='lat' dir='ltr'><strong>Aliae</strong></span> <span class='ocrx_word' id='word_1_124' title='bbox 875 1932 951 1985; x_wconf 93' lang='lat' dir='ltr'><strong>sunt</strong></span> <span class='ocrx_word' id='word_1_125' title='bbox 971 1923 1059 2004; x_wconf 77' lang='lat' dir='ltr'><strong>leges</strong></span> <span class='ocrx_word' id='word_1_126' title='bbox 1086 1922 1267 1998; x_wconf 77' lang='lat' dir='ltr'><strong>Caesarum,</strong></span> 
     </span>
     <span class='ocr_line' id='line_1_17' title="bbox 162 2021 1269 2105; baseline -0.001 -19"><span class='ocrx_word' id='word_1_127' title='bbox 162 2023 247 2086; x_wconf 86' lang='lat' dir='ltr'><strong>eliae</strong></span> <span class='ocrx_word' id='word_1_128' title='bbox 267 2022 408 2088; x_wconf 76' lang='lat' dir='ltr'><strong>Christi.-</strong></span> <span class='ocrx_word' id='word_1_129' title='bbox 428 2023 516 2086; x_wconf 90' lang='lat' dir='ltr'><strong>alind</strong></span> <span class='ocrx_word' id='word_1_130' title='bbox 541 2021 746 2103; x_wconf 78' lang='lat' dir='ltr'><strong>Papinianus,</strong></span> <span class='ocrx_word' id='word_1_131' title='bbox 763 2023 852 2087; x_wconf 89' lang='lat' dir='ltr'><strong>aliud</strong></span> <span class='ocrx_word' id='word_1_132' title='bbox 866 2022 1001 2089; x_wconf 84' lang='lat' dir='ltr'><strong>&#39;Paulus</strong></span> <span class='ocrx_word' id='word_1_133' title='bbox 1023 2023 1269 2105; x_wconf 30' lang='lat' dir='ltr'><strong>nosterlpraeci·</strong></span> 
     </span>
     <span class='ocr_line' id='line_1_18' title="bbox 163 2123 1271 2214; baseline 0.001 -27"><span class='ocrx_word' id='word_1_134' title='bbox 163 2125 240 2207; x_wconf 86' lang='lat' dir='ltr'><strong>pit.</strong></span> <span class='ocrx_word' id='word_1_135' title='bbox 266 2171 275 2189; x_wconf 90' lang='lat'><em>.</em></span> <span class='ocrx_word' id='word_1_136' title='bbox 300 2171 307 2186; x_wconf 91' lang='lat'><strong>.</strong></span> <span class='ocrx_word' id='word_1_137' title='bbox 332 2123 428 2203; x_wconf 82' lang='lat' dir='ltr'><strong>Apud</strong></span> <span class='ocrx_word' id='word_1_138' title='bbox 452 2144 507 2188; x_wconf 90' lang='lat' dir='ltr'><strong>uos</strong></span> <span class='ocrx_word' id='word_1_139' title='bbox 530 2124 616 2206; x_wconf 86' lang='lat' dir='ltr'><strong>quod</strong></span> <span class='ocrx_word' id='word_1_140' title='bbox 639 2142 702 2214; x_wconf 87' lang='lat' dir='ltr'><strong>uon</strong></span> <span class='ocrx_word' id='word_1_141' title='bbox 724 2124 802 2189; x_wconf 90' lang='lat' dir='ltr'><strong>licet</strong></span> <span class='ocrx_word' id='word_1_142' title='bbox 824 2124 971 2201; x_wconf 84' lang='lat' dir='ltr'><strong>feminis,</strong></span> <span class='ocrx_word' id='word_1_143' title='bbox 994 2144 1102 2206; x_wconf 88' lang='lat' dir='ltr'><strong>neque</strong></span> <span class='ocrx_word' id='word_1_144' title='bbox 1124 2124 1271 2189; x_wconf 88' lang='lat' dir='ltr'><strong>nonlicet</strong></span> 
     </span>
     <span class='ocr_line' id='line_1_19' title="bbox 118 2227 1139 2305; baseline -0.004 -16"><span class='ocrx_word' id='word_1_145' title='bbox 118 2270 127 2297; x_wconf 77' lang='lat'><strong>,</strong></span> <span class='ocrx_word' id='word_1_146' title='bbox 164 2227 265 2290; x_wconf 73' lang='lat' dir='ltr'><strong>ciris:</strong></span> <span class='ocrx_word' id='word_1_147' title='bbox 287 2234 319 2289; x_wconf 89' lang='lat' dir='ltr'><strong>et</strong></span> <span class='ocrx_word' id='word_1_148' title='bbox 340 2227 451 2290; x_wconf 85' lang='lat' dir='ltr'><strong>eadem</strong></span> <span class='ocrx_word' id='word_1_149' title='bbox 473 2227 613 2290; x_wconf 83' lang='lat' dir='ltr'><strong>servitus</strong></span> <span class='ocrx_word' id='word_1_150' title='bbox 635 2228 704 2305; x_wconf 88' lang='lat' dir='ltr'><strong>pari</strong></span> <span class='ocrx_word' id='word_1_151' title='bbox 727 2227 908 2289; x_wconf 88' lang='lat' dir='ltr'><strong>conditione</strong></span> <span class='ocrx_word' id='word_1_152' title='bbox 930 2236 1139 2290; x_wconf 71' lang='lat' dir='ltr'><strong>censatum-n</strong></span> 
     </span>
    </p>

    <p class='ocr_par' dir='ltr' id='par_1_3' title="bbox 165 2322 1275 3927">
     <span class='ocr_line' id='line_1_20' title="bbox 246 2322 1272 2407; baseline -0.002 -17"><span class='ocrx_word' id='word_1_153' title='bbox 246 2327 326 2391; x_wconf 90' lang='lat' dir='ltr'><strong>ltcm</strong></span> <span class='ocrx_word' id='word_1_154' title='bbox 358 2329 388 2390; x_wconf 91' lang='lat' dir='ltr'><strong>in</strong></span> <span class='ocrx_word' id='word_1_155' title='bbox 418 2327 554 2406; x_wconf 87' lang='lat' dir='ltr'><strong>epistola</strong></span> <span class='ocrx_word' id='word_1_156' title='bbox 588 2326 627 2389; x_wconf 89' lang='lat' dir='ltr'><strong>ad</strong></span> <span class='ocrx_word' id='word_1_157' title='bbox 651 2327 836 2391; x_wconf 79' lang='lat' dir='ltr'><strong>amandum</strong></span> <span class='ocrx_word' id='word_1_158' title='bbox 870 2346 913 2392; x_wconf 86' lang='lat' dir='ltr'><strong>ex</strong></span> <span class='ocrx_word' id='word_1_159' title='bbox 941 2327 1090 2407; x_wconf 85' lang='lat' dir='ltr'><strong>llpostoli</strong></span> <span class='ocrx_word' id='word_1_160' title='bbox 1121 2328 1214 2393; x_wconf 89' lang='lat' dir='ltr'><strong>dictis</strong></span> <span class='ocrx_word' id='word_1_161' title='bbox 1239 2322 1272 2389; x_wconf 91' lang='lat' dir='ltr'><strong>rd</strong></span> 
     </span>
     <span class='ocr_line' id='line_1_21' title="bbox 165 2427 1272 2512; baseline 0 -19"><span class='ocrx_word' id='word_1_162' title='bbox 165 2428 328 2494; x_wconf 79' lang='lat' dir='ltr'><strong>Romanos</strong></span> <span class='ocrx_word' id='word_1_163' title='bbox 350 2440 381 2492; x_wconf 94' lang='lat' dir='ltr'><strong>et</strong></span> <span class='ocrx_word' id='word_1_164' title='bbox 403 2428 442 2490; x_wconf 91' lang='lat' dir='ltr'><strong>ad</strong></span> <span class='ocrx_word' id='word_1_165' title='bbox 464 2427 672 2512; x_wconf 82' lang='lat' dir='ltr'><strong>Corinthios:</strong></span> <span class='ocrx_word' id='word_1_166' title='bbox 696 2427 848 2495; x_wconf 75' lang='lat' dir='ltr'><strong>eddone</strong></span> <span class='ocrx_word' id='word_1_167' title='bbox 862 2428 1000 2510; x_wconf 81' lang='lat' dir='ltr'><strong>altipeta</strong></span> <span class='ocrx_word' id='word_1_168' title='bbox 1019 2439 1065 2494; x_wconf 84' lang='lat' dir='ltr'><strong>est</strong></span> <span class='ocrx_word' id='word_1_169' title='bbox 1085 2427 1165 2510; x_wconf 71' lang='lat' dir='ltr'><strong>teet,</strong></span> <span class='ocrx_word' id='word_1_170' title='bbox 1183 2445 1272 2511; x_wconf 68' lang='lat' dir='ltr'><strong>paon</strong></span> 
     </span>
     <span class='ocr_line' id='line_1_22' title="bbox 166 2529 1275 2612; baseline -0.004 -16"><span class='ocrx_word' id='word_1_171' title='bbox 166 2542 197 2595; x_wconf 87' lang='lat' dir='ltr'><strong>tn</strong></span> <span class='ocrx_word' id='word_1_172' title='bbox 216 2541 349 2612; x_wconf 83' lang='lat' dir='ltr'><strong>tempore</strong></span> <span class='ocrx_word' id='word_1_173' title='bbox 368 2529 449 2592; x_wconf 74' lang='lat' dir='ltr'><strong>civit</strong></span> <span class='ocrx_word' id='word_1_174' title='bbox 469 2529 519 2593; x_wconf 80' lang='lat' dir='ltr'><strong>uir</strong></span> <span class='ocrx_word' id='word_1_175' title='bbox 539 2532 627 2612; x_wconf 82' lang='lat' dir='ltr'><strong>ejus;</strong></span> <span class='ocrx_word' id='word_1_176' title='bbox 642 2530 672 2593; x_wconf 81' lang='lat' dir='ltr'><strong>si</strong></span> <span class='ocrx_word' id='word_1_177' title='bbox 690 2540 793 2596; x_wconf 82' lang='lat' dir='ltr'><strong>eutem</strong></span> <span class='ocrx_word' id='word_1_178' title='bbox 815 2530 980 2596; x_wconf 78' lang='lat' dir='ltr'><strong>dormierit</strong></span> <span class='ocrx_word' id='word_1_179' title='bbox 1001 2530 1055 2594; x_wconf 78' lang='lat' dir='ltr'><strong>eir</strong></span> <span class='ocrx_word' id='word_1_180' title='bbox 1074 2532 1159 2612; x_wconf 81' lang='lat' dir='ltr'><strong>ejas,</strong></span> <span class='ocrx_word' id='word_1_181' title='bbox 1176 2530 1275 2595; x_wconf 82' lang='lat' dir='ltr'><strong>tidem·</strong></span> 
     </span>
     <span class='ocr_line' id='line_1_23' title="bbox 167 2628 1272 2715; baseline -0.002 -18"><span class='ocrx_word' id='word_1_182' title='bbox 167 2642 201 2697; x_wconf 86' lang='lat' dir='ltr'><strong>ta</strong></span> <span class='ocrx_word' id='word_1_183' title='bbox 221 2641 275 2696; x_wconf 85' lang='lat' dir='ltr'><strong>est.</strong></span> <span class='ocrx_word' id='word_1_184' title='bbox 303 2630 361 2695; x_wconf 78' lang='lat' dir='ltr'><strong>Ceri</strong></span> <span class='ocrx_word' id='word_1_185' title='bbox 381 2631 472 2704; x_wconf 80' lang='lat' dir='ltr'><strong>volt,</strong></span> <span class='ocrx_word' id='word_1_186' title='bbox 492 2628 613 2708; x_wconf 82' lang='lat' dir='ltr'><strong>nubet,</strong></span> <span class='ocrx_word' id='word_1_187' title='bbox 640 2641 765 2696; x_wconf 79' lang='lat' dir='ltr'><strong>tentum</strong></span> <span class='ocrx_word' id='word_1_188' title='bbox 795 2632 832 2695; x_wconf 83' lang='lat' dir='ltr'><strong>in</strong></span> <span class='ocrx_word' id='word_1_189' title='bbox 863 2631 1010 2715; x_wconf 83' lang='lat' dir='ltr'><strong>Domino.</strong></span> <span class='ocrx_word' id='word_1_190' title='bbox 1034 2633 1159 2697; x_wconf 88' lang='lat' dir='ltr'><strong>Omnes</strong></span> <span class='ocrx_word' id='word_1_191' title='bbox 1185 2634 1272 2712; x_wconf 80' lang='lat' dir='ltr'><strong>igitur</strong></span> 
     </span>
     <span class='ocr_line' id='line_1_24' title="bbox 169 2733 1271 2814; baseline -0.001 -18"><span class='ocrx_word' id='word_1_192' title='bbox 169 2737 226 2809; x_wconf 88' lang='lat' dir='ltr'><strong>ait,</strong></span> <span class='ocrx_word' id='word_1_193' title='bbox 249 2733 450 2796; x_wconf 85' lang='lat' dir='ltr'><strong>causationes</strong></span> <span class='ocrx_word' id='word_1_194' title='bbox 473 2733 650 2813; x_wconf 81' lang='lat' dir='ltr'><strong>Apostolus</strong></span> <span class='ocrx_word' id='word_1_195' title='bbox 671 2741 864 2813; x_wconf 87' lang='lat' dir='ltr'><strong>amputans,</strong></span> <span class='ocrx_word' id='word_1_196' title='bbox 887 2735 1090 2814; x_wconf 89' lang='lat' dir='ltr'><strong>apertissime</strong></span> <span class='ocrx_word' id='word_1_197' title='bbox 1116 2734 1271 2808; x_wconf 80' lang='lat' dir='ltr'><strong>definivit,</strong></span> 
     </span>
     <span class='ocr_line' id='line_1_25' title="bbox 169 2833 1270 2916; baseline -0.004 -19"><span class='ocrx_word' id='word_1_198' title='bbox 169 2836 298 2899; x_wconf 80' lang='lat' dir='ltr'><strong>virente</strong></span> <span class='ocrx_word' id='word_1_199' title='bbox 321 2834 404 2907; x_wconf 84' lang='lat' dir='ltr'><strong>viro,</strong></span> <span class='ocrx_word' id='word_1_200' title='bbox 420 2833 603 2896; x_wconf 89' lang='lat' dir='ltr'><strong>adulteram</strong></span> <span class='ocrx_word' id='word_1_201' title='bbox 619 2854 687 2897; x_wconf 87' lang='lat' dir='ltr'><strong>essa</strong></span> <span class='ocrx_word' id='word_1_202' title='bbox 703 2836 887 2910; x_wconf 86' lang='lat' dir='ltr'><strong>mulierem,</strong></span> <span class='ocrx_word' id='word_1_203' title='bbox 904 2838 928 2897; x_wconf 91' lang='lat' dir='ltr'><strong>si</strong></span> <span class='ocrx_word' id='word_1_204' title='bbox 952 2834 1047 2897; x_wconf 87' lang='lat' dir='ltr'><strong>alteri</strong></span> <span class='ocrx_word' id='word_1_205' title='bbox 1070 2837 1270 2916; x_wconf 75' lang='lat' dir='ltr'><strong>nupserit...</strong></span> 
     </span>
     <span class='ocr_line' id='line_1_26' title="bbox 168 2934 1272 3017; baseline -0.005 -17"><span class='ocrx_word' id='word_1_206' title='bbox 168 2936 238 3000; x_wconf 86' lang='lat' dir='ltr'><strong>Neo</strong></span> <span class='ocrx_word' id='word_1_207' title='bbox 254 2938 429 3017; x_wconf 80' lang='lat' dir='ltr'><strong>Apostolus</strong></span> <span class='ocrx_word' id='word_1_208' title='bbox 453 2938 531 3000; x_wconf 80' lang='lat' dir='ltr'><strong>liaeo</strong></span> <span class='ocrx_word' id='word_1_209' title='bbox 553 2939 685 3015; x_wconf 87' lang='lat' dir='ltr'><strong>propria</strong></span> <span class='ocrx_word' id='word_1_210' title='bbox 707 2938 901 3011; x_wconf 87' lang='lat' dir='ltr'><strong>auctoritate</strong></span> <span class='ocrx_word' id='word_1_211' title='bbox 923 2938 1067 3000; x_wconf 88' lang='lat' dir='ltr'><strong>deceruit</strong></span> <span class='ocrx_word' id='word_1_212' title='bbox 1078 2956 1090 3015; x_wconf 84' lang='lat'>3</span> <span class='ocrx_word' id='word_1_213' title='bbox 1107 2939 1178 3013; x_wconf 88' lang='lat' dir='ltr'><strong>sed,</strong></span> <span class='ocrx_word' id='word_1_214' title='bbox 1194 2934 1272 3001; x_wconf 87' lang='lat' dir='ltr'><strong>Clrri·</strong></span> 
     </span>
     <span class='ocr_line' id='line_1_27' title="bbox 169 3033 1273 3118; baseline 0 -18"><span class='ocrx_word' id='word_1_215' title='bbox 169 3048 219 3100; x_wconf 90' lang='lat' dir='ltr'><strong>sto</strong></span> <span class='ocrx_word' id='word_1_216' title='bbox 241 3039 272 3102; x_wconf 92' lang='lat' dir='ltr'><strong>in</strong></span> <span class='ocrx_word' id='word_1_217' title='bbox 293 3056 327 3101; x_wconf 90' lang='lat' dir='ltr'><strong>sc</strong></span> <span class='ocrx_word' id='word_1_218' title='bbox 348 3038 516 3118; x_wconf 83' lang='lat' dir='ltr'><strong>loquente,</strong></span> <span class='ocrx_word' id='word_1_219' title='bbox 539 3035 658 3101; x_wconf 85' lang='lat' dir='ltr'><strong>Christi</strong></span> <span class='ocrx_word' id='word_1_220' title='bbox 681 3039 778 3101; x_wconf 87' lang='lat' dir='ltr'><strong>rerba</strong></span> <span class='ocrx_word' id='word_1_221' title='bbox 800 3047 933 3101; x_wconf 86' lang='lat' dir='ltr'><strong>secutus</strong></span> <span class='ocrx_word' id='word_1_222' title='bbox 953 3046 1020 3111; x_wconf 89' lang='lat' dir='ltr'><strong>est,</strong></span> <span class='ocrx_word' id='word_1_223' title='bbox 1045 3039 1103 3116; x_wconf 88' lang='lat' dir='ltr'><strong>qui</strong></span> <span class='ocrx_word' id='word_1_224' title='bbox 1126 3041 1172 3101; x_wconf 89' lang='lat' dir='ltr'><strong>ait</strong></span> <span class='ocrx_word' id='word_1_225' title='bbox 1191 3040 1220 3100; x_wconf 92' lang='lat' dir='ltr'><strong>iu</strong></span> <span class='ocrx_word' id='word_1_226' title='bbox 1238 3033 1273 3100; x_wconf 83' lang='lat' dir='ltr'><strong>ll·</strong></span> 
     </span>
     <span class='ocr_line' id='line_1_28' title="bbox 167 3134 1269 3219; baseline -0.004 -18"><span class='ocrx_word' id='word_1_227' title='bbox 167 3139 337 3219; x_wconf 83' lang='lat' dir='ltr'><strong>vangelio:</strong></span> <span class='ocrx_word' id='word_1_228' title='bbox 360 3138 417 3219; x_wconf 84' lang='lat' dir='ltr'><strong>qni</strong></span> <span class='ocrx_word' id='word_1_229' title='bbox 426 3136 571 3200; x_wconf 51' lang='lat' dir='ltr'><strong>¹dimittit</strong></span> <span class='ocrx_word' id='word_1_230' title='bbox 596 3157 726 3201; x_wconf 77' lang='lat' dir='ltr'><strong>uxorem</strong></span> <span class='ocrx_word' id='word_1_231' title='bbox 756 3158 870 3213; x_wconf 82' lang='lat' dir='ltr'><strong>seem,</strong></span> <span class='ocrx_word' id='word_1_232' title='bbox 901 3148 1028 3218; x_wconf 77' lang='lat' dir='ltr'><strong>excepte</strong></span> <span class='ocrx_word' id='word_1_233' title='bbox 1057 3134 1269 3217; x_wconf 76' lang='lat' dir='ltr'><strong>fornicationis</strong></span> 
     </span>
     <span class='ocr_line' id='line_1_29' title="bbox 168 3237 1272 3321; baseline -0.004 -18"><span class='ocrx_word' id='word_1_234' title='bbox 168 3261 281 3316; x_wconf 80' lang='lat' dir='ltr'><strong>causa,</strong></span> <span class='ocrx_word' id='word_1_235' title='bbox 302 3239 382 3321; x_wconf 72' lang='lat' dir='ltr'><strong>fecit</strong></span> <span class='ocrx_word' id='word_1_236' title='bbox 405 3258 472 3303; x_wconf 86' lang='lat' dir='ltr'><strong>eom</strong></span> <span class='ocrx_word' id='word_1_237' title='bbox 493 3239 669 3313; x_wconf 52' lang='lat' dir='ltr'><strong>moechor&amp;</strong></span> <span class='ocrx_word' id='word_1_238' title='bbox 691 3242 796 3321; x_wconf 81' lang='lat' dir='ltr'><strong>etqui</strong></span> <span class='ocrx_word' id='word_1_239' title='bbox 817 3237 982 3303; x_wconf 80' lang='lat' dir='ltr'><strong>dimissam</strong></span> <span class='ocrx_word' id='word_1_240' title='bbox 1003 3241 1175 3318; x_wconf 81' lang='lat' dir='ltr'><strong>occeperit,</strong></span> <span class='ocrx_word' id='word_1_241' title='bbox 1196 3237 1272 3302; x_wconf 69' lang='lat' dir='ltr'><strong>odsi</strong></span> 
     </span>
     <span class='ocr_line' id='line_1_30' title="bbox 168 3338 1273 3423; baseline 0.001 -19"><span class='ocrx_word' id='word_1_242' title='bbox 168 3353 213 3404; x_wconf 89' lang='lat' dir='ltr'><strong>ter</strong></span> <span class='ocrx_word' id='word_1_243' title='bbox 244 3352 298 3404; x_wconf 87' lang='lat' dir='ltr'><strong>est.</strong></span> <span class='ocrx_word' id='word_1_244' title='bbox 326 3342 557 3407; x_wconf 81' lang='lat' dir='ltr'><strong>Animadverte</strong></span> <span class='ocrx_word' id='word_1_245' title='bbox 586 3341 664 3420; x_wconf 88' lang='lat' dir='ltr'><strong>quid</strong></span> <span class='ocrx_word' id='word_1_246' title='bbox 696 3344 803 3405; x_wconf 85' lang='lat' dir='ltr'><strong>dicat:</strong></span> <span class='ocrx_word' id='word_1_247' title='bbox 836 3339 892 3423; x_wconf 82' lang='lat' dir='ltr'><strong>qui</strong></span> <span class='ocrx_word' id='word_1_248' title='bbox 924 3339 1089 3418; x_wconf 68' lang='lat' dir='ltr'><strong>dimissum</strong></span> <span class='ocrx_word' id='word_1_249' title='bbox 1122 3338 1273 3422; x_wconf 73' lang='lat' dir='ltr'><strong>occeperit,</strong></span> 
     </span>
     <span class='ocr_line' id='line_1_31' title="bbox 170 3441 1272 3520; baseline -0.004 -14"><span class='ocrx_word' id='word_1_250' title='bbox 170 3445 297 3507; x_wconf 80' lang='lat' dir='ltr'><strong>adulter</strong></span> <span class='ocrx_word' id='word_1_251' title='bbox 317 3455 370 3506; x_wconf 88' lang='lat' dir='ltr'><strong>est.</strong></span> <span class='ocrx_word' id='word_1_252' title='bbox 404 3441 477 3506; x_wconf 84' lang='lat' dir='ltr'><strong>Sive</strong></span> <span class='ocrx_word' id='word_1_253' title='bbox 500 3444 565 3520; x_wconf 86' lang='lat' dir='ltr'><strong>ipsa</strong></span> <span class='ocrx_word' id='word_1_254' title='bbox 595 3444 750 3506; x_wconf 85' lang='lat' dir='ltr'><strong>dimiserit</strong></span> <span class='ocrx_word' id='word_1_255' title='bbox 784 3445 910 3516; x_wconf 87' lang='lat' dir='ltr'><strong>virum,</strong></span> <span class='ocrx_word' id='word_1_256' title='bbox 933 3445 1040 3506; x_wconf 78' lang='lat' dir='ltr'><strong>sicea</strong></span> <span class='ocrx_word' id='word_1_257' title='bbox 1066 3446 1139 3506; x_wconf 91' lang='lat' dir='ltr'><strong>viro</strong></span> <span class='ocrx_word' id='word_1_258' title='bbox 1161 3445 1272 3506; x_wconf 86' lang='lat' dir='ltr'><strong>dimissa</strong></span> 
     </span>
     <span class='ocr_line' id='line_1_32' title="bbox 170 3540 1272 3623; baseline -0.003 -17"><span class='ocrx_word' id='word_1_259' title='bbox 170 3545 234 3618; x_wconf 89' lang='lat' dir='ltr'><strong>sit,</strong></span> <span class='ocrx_word' id='word_1_260' title='bbox 256 3543 387 3606; x_wconf 87' lang='lat' dir='ltr'><strong>adulter</strong></span> <span class='ocrx_word' id='word_1_261' title='bbox 407 3551 475 3617; x_wconf 88' lang='lat' dir='ltr'><strong>cst,</strong></span> <span class='ocrx_word' id='word_1_262' title='bbox 497 3541 553 3621; x_wconf 83' lang='lat' dir='ltr'><strong>qui</strong></span> <span class='ocrx_word' id='word_1_263' title='bbox 576 3560 646 3604; x_wconf 88' lang='lat' dir='ltr'><strong>eam</strong></span> <span class='ocrx_word' id='word_1_264' title='bbox 678 3540 964 3622; x_wconf 67' lang='lat' dir='ltr'><strong>seraper-teones</strong></span> <span class='ocrx_word' id='word_1_265' title='bbox 986 3553 1018 3605; x_wconf 87' lang='lat' dir='ltr'><strong>et</strong></span> <span class='ocrx_word' id='word_1_266' title='bbox 1040 3544 1192 3622; x_wconf 80' lang='lat' dir='ltr'><strong>Apostoli</strong></span> <span class='ocrx_word' id='word_1_267' title='bbox 1212 3561 1272 3623; x_wconf 76' lang='lat' dir='ltr'><strong>pra·</strong></span> 
     </span>
     <span class='ocr_line' id='line_1_33' title="bbox 173 3643 1273 3724; baseline -0.002 -19"><span class='ocrx_word' id='word_1_268' title='bbox 173 3662 243 3707; x_wconf 86' lang='lat' dir='ltr'><strong>rem</strong></span> <span class='ocrx_word' id='word_1_269' title='bbox 266 3645 407 3724; x_wconf 83' lang='lat' dir='ltr'><strong>conjugii</strong></span> <span class='ocrx_word' id='word_1_270' title='bbox 428 3644 586 3706; x_wconf 85' lang='lat' dir='ltr'><strong>sarcinam</strong></span> <span class='ocrx_word' id='word_1_271' title='bbox 608 3643 833 3722; x_wconf 82' lang='lat' dir='ltr'><strong>intelligentes,</strong></span> <span class='ocrx_word' id='word_1_272' title='bbox 848 3643 878 3705; x_wconf 84' lang='lat' dir='ltr'><strong>si</strong></span> <span class='ocrx_word' id='word_1_273' title='bbox 898 3643 946 3706; x_wconf 81' lang='lat' dir='ltr'><strong>ite</strong></span> <span class='ocrx_word' id='word_1_274' title='bbox 967 3654 1024 3718; x_wconf 87' lang='lat' dir='ltr'><strong>est,</strong></span> <span class='ocrx_word' id='word_1_275' title='bbox 1040 3647 1205 3724; x_wconf 88' lang='lat' dir='ltr'><strong>inquiunt,</strong></span> <span class='ocrx_word' id='word_1_276' title='bbox 1219 3659 1273 3707; x_wconf 85' lang='lat' dir='ltr'><strong>nort</strong></span> 
     </span>
     <span class='ocr_line' id='line_1_34' title="bbox 171 3743 1275 3830; baseline 0 -22"><span class='ocrx_word' id='word_1_277' title='bbox 171 3744 295 3827; x_wconf 80' lang='lat' dir='ltr'><strong>expedit</strong></span> <span class='ocrx_word' id='word_1_278' title='bbox 315 3743 436 3808; x_wconf 78' lang='lat' dir='ltr'><strong>domini</strong></span> <span class='ocrx_word' id='word_1_279' title='bbox 458 3763 586 3806; x_wconf 78' lang='lat' dir='ltr'><strong>uxorem</strong></span> <span class='ocrx_word' id='word_1_280' title='bbox 607 3743 756 3825; x_wconf 81' lang='lat' dir='ltr'><strong>accipere.</strong></span> <span class='ocrx_word' id='word_1_281' title='bbox 780 3748 828 3808; x_wconf 82' lang='lat' dir='ltr'><strong>Ad</strong></span> <span class='ocrx_word' id='word_1_282' title='bbox 847 3766 932 3826; x_wconf 5' lang='lat' dir='ltr'><strong>,quos</strong></span> <span class='ocrx_word' id='word_1_283' title='bbox 956 3745 1134 3812; x_wconf 83' lang='lat' dir='ltr'><strong>Dominus:</strong></span> <span class='ocrx_word' id='word_1_284' title='bbox 1158 3746 1214 3830; x_wconf 83' lang='lat' dir='ltr'><strong>qus&#39;</strong></span> <span class='ocrx_word' id='word_1_285' title='bbox 1227 3764 1275 3828; x_wconf 91' lang='lat' dir='ltr'><strong>po·</strong></span> 
     </span>
     <span class='ocr_line' id='line_1_35' title="bbox 173 3845 759 3927; baseline -0.007 -19"><span class='ocrx_word' id='word_1_286' title='bbox 173 3855 241 3921; x_wconf 82' lang='lat' dir='ltr'><strong>test,</strong></span> <span class='ocrx_word' id='word_1_287' title='bbox 265 3847 378 3926; x_wconf 85' lang='lat' dir='ltr'><strong>iuquit,</strong></span> <span class='ocrx_word' id='word_1_288' title='bbox 402 3865 510 3926; x_wconf 83' lang='lat' dir='ltr'><strong>capere</strong></span> <span class='ocrx_word' id='word_1_289' title='bbox 531 3845 637 3927; x_wconf 85' lang='lat' dir='ltr'><strong>capiet</strong></span> <span class='ocrx_word' id='word_1_290' title='bbox 657 3854 719 3910; x_wconf 88' lang='lat' dir='ltr'><strong>eto.</strong></span> <span class='ocrx_word' id='word_1_291' title='bbox 741 3865 759 3904; x_wconf 82' lang='lat' dir='ltr'><strong>n</strong></span> 
     </span>
    </p>

    <p class='ocr_par' dir='ltr' id='par_1_4' title="bbox 172 3946 1277 4233">
     <span class='ocr_line' id='line_1_36' title="bbox 253 3946 1274 4031; baseline 0.002 -21"><span class='ocrx_word' id='word_1_292' title='bbox 253 3946 304 4011; x_wconf 75' lang='lat' dir='ltr'><strong>lix</strong></span> <span class='ocrx_word' id='word_1_293' title='bbox 320 3949 367 4012; x_wconf 90' lang='lat' dir='ltr'><strong>his</strong></span> <span class='ocrx_word' id='word_1_294' title='bbox 382 3949 487 4023; x_wconf 88' lang='lat' dir='ltr'><strong>dietis,</strong></span> <span class='ocrx_word' id='word_1_295' title='bbox 503 3947 558 4010; x_wconf 89' lang='lat' dir='ltr'><strong>ubi</strong></span> <span class='ocrx_word' id='word_1_296' title='bbox 579 3949 685 4011; x_wconf 87' lang='lat' dir='ltr'><strong>statim</strong></span> <span class='ocrx_word' id='word_1_297' title='bbox 708 3951 860 4027; x_wconf 88' lang='lat' dir='ltr'><strong>sequitur</strong></span> <span class='ocrx_word' id='word_1_298' title='bbox 880 3948 1027 4028; x_wconf 87' lang='lat' dir='ltr'><strong>quaestio</strong></span> <span class='ocrx_word' id='word_1_299' title='bbox 1051 3948 1274 4031; x_wconf 88' lang='lat' dir='ltr'><strong>discipulorum</strong></span> 
     </span>
     <span class='ocr_line' id='line_1_37' title="bbox 172 4044 1277 4116; baseline 0.003 -6"><span class='ocrx_word' id='word_1_300' title='bbox 172 4065 247 4111; x_wconf 90' lang='lat' dir='ltr'><strong>cum</strong></span> <span class='ocrx_word' id='word_1_301' title='bbox 268 4046 368 4112; x_wconf 86' lang='lat' dir='ltr'><strong>lesu:</strong></span> <span class='ocrx_word' id='word_1_302' title='bbox 391 4048 421 4110; x_wconf 84' lang='lat' dir='ltr'><strong>sc&#39;</strong></span> <span class='ocrx_word' id='word_1_303' title='bbox 441 4048 516 4112; x_wconf 81' lang='lat' dir='ltr'><strong>telis</strong></span> <span class='ocrx_word' id='word_1_304' title='bbox 537 4058 582 4112; x_wconf 86' lang='lat' dir='ltr'><strong>est</strong></span> <span class='ocrx_word' id='word_1_305' title='bbox 602 4068 700 4114; x_wconf 83' lang='lat' dir='ltr'><strong>censo</strong></span> <span class='ocrx_word' id='word_1_306' title='bbox 728 4048 793 4112; x_wconf 83' lang='lat' dir='ltr'><strong>oiri</strong></span> <span class='ocrx_word' id='word_1_307' title='bbox 822 4069 894 4113; x_wconf 82' lang='lat' dir='ltr'><strong>cum</strong></span> <span class='ocrx_word' id='word_1_308' title='bbox 925 4068 1027 4114; x_wconf 77' lang='lat' dir='ltr'><strong>oerore</strong></span> <span class='ocrx_word' id='word_1_309' title='bbox 1060 4059 1123 4115; x_wconf 89' lang='lat' dir='ltr'><strong>etc.</strong></span> <span class='ocrx_word' id='word_1_310' title='bbox 1155 4071 1214 4116; x_wconf 92' lang='lat' dir='ltr'><strong>nou</strong></span> <span class='ocrx_word' id='word_1_311' title='bbox 1241 4044 1277 4114; x_wconf 74' lang='lat' dir='ltr'><strong>ei</strong></span> 
     </span>
     <span class='ocr_line' id='line_1_38' title="bbox 175 4148 1276 4233; baseline 0.002 -21"><span class='ocrx_word' id='word_1_312' title='bbox 175 4167 203 4212; x_wconf 86' lang='lat' dir='ltr'><strong>c.</strong></span> <span class='ocrx_word' id='word_1_313' title='bbox 221 4148 259 4213; x_wconf 86' lang='lat' dir='ltr'><strong>V.</strong></span> <span class='ocrx_word' id='word_1_314' title='bbox 275 4149 329 4214; x_wconf 87' lang='lat' dir='ltr'><strong>sed</strong></span> <span class='ocrx_word' id='word_1_315' title='bbox 351 4168 393 4214; x_wconf 89' lang='lat' dir='ltr'><strong>ex</strong></span> <span class='ocrx_word' id='word_1_316' title='bbox 415 4169 442 4214; x_wconf 87' lang='lat' dir='ltr'><strong>e.</strong></span> <span class='ocrx_word' id='word_1_317' title='bbox 460 4149 547 4214; x_wconf 84' lang='lat' dir='ltr'><strong>Xlll.</strong></span> <span class='ocrx_word' id='word_1_318' title='bbox 564 4152 742 4217; x_wconf 87' lang='lat' dir='ltr'><strong>secundnm</strong></span> <span class='ocrx_word' id='word_1_319' title='bbox 765 4157 907 4218; x_wconf 86' lang='lat' dir='ltr'><strong>veterem</strong></span> <span class='ocrx_word' id='word_1_320' title='bbox 929 4169 1079 4233; x_wconf 74' lang='lat' dir='ltr'><strong>graecam</strong></span> <span class='ocrx_word' id='word_1_321' title='bbox 1101 4162 1136 4218; x_wconf 90' lang='lat' dir='ltr'><strong>et</strong></span> <span class='ocrx_word' id='word_1_322' title='bbox 1156 4153 1276 4218; x_wconf 85' lang='lat' dir='ltr'><strong>lstimm</strong></span> 
     </span>
    </p>
   </div>
   <div class='ocr_carea' id='block_1_2' title="bbox 0 0 1467 4784">
    <p class='ocr_par' dir='ltr' id='par_1_5' title="bbox 0 0 1467 4784">
     <span class='ocr_line' id='line_1_39' title="bbox 0 0 1467 4784; baseline 0 0"><span class='ocrx_word' id='word_1_323' title='bbox 0 0 1467 4784; x_wconf 95' lang='lat' dir='ltr'><strong> </strong></span> 
     </span>
    </p>
   </div>
  </div>
 </body>
</html>
