<?xml version="1.0" encoding="UTF-8"?>
<!DOCTYPE html PUBLIC "-//W3C//DTD XHTML 1.0 Transitional//EN"
    "http://www.w3.org/TR/xhtml1/DTD/xhtml1-transitional.dtd">
<html xmlns="http://www.w3.org/1999/xhtml" xml:lang="en" lang="en">
 <head>
  <title>
</title>
<meta http-equiv="Content-Type" content="text/html;charset=utf-8" />
  <meta name='ocr-system' content='tesseract 3.04.00' />
  <meta name='ocr-capabilities' content='ocr_page ocr_carea ocr_par ocr_line ocrx_word'/>
</head>
<body>
  <div class='ocr_page' id='page_1' title='image "./insgregoriinyss00vincgoog/insgregoriinyss00vincgoog_0198.png"; bbox 0 0 2886 4784; ppageno 0'>
   <div class='ocr_carea' id='block_1_1' title="bbox 632 442 815 513">
    <p class='ocr_par' dir='ltr' id='par_1_1' title="bbox 632 442 815 513">
     <span class='ocr_line' id='line_1_1' title="bbox 632 442 815 513; baseline -0.027 -1"><span class='ocrx_word' id='word_1_1' title='bbox 632 442 770 513; x_wconf 69' lang='lat' dir='ltr'>dardi</span> <span class='ocrx_word' id='word_1_2' title='bbox 794 444 815 508; x_wconf 90' lang='grc' dir='ltr'>Ι.</span> 
     </span>
    </p>
   </div>
   <div class='ocr_carea' id='block_1_2' title="bbox 315 650 1136 732">
    <p class='ocr_par' dir='ltr' id='par_1_2' title="bbox 315 650 1136 732">
     <span class='ocr_line' id='line_1_2' title="bbox 315 650 1136 732; baseline -0.004 -13"><span class='ocrx_word' id='word_1_3' title='bbox 315 652 341 719; x_wconf 78' lang='grc' dir='ltr'><strong><em>Α</em></strong></span> <span class='ocrx_word' id='word_1_4' title='bbox 363 675 388 716; x_wconf 85' lang='lat' dir='ltr'>c.</span> <span class='ocrx_word' id='word_1_5' title='bbox 415 651 592 731; x_wconf 70' lang='lat' dir='ltr'>Professore</span> <span class='ocrx_word' id='word_1_6' title='bbox 618 650 777 731; x_wconf 86' lang='lat' dir='ltr'>Freppetio</span> <span class='ocrx_word' id='word_1_7' title='bbox 798 650 922 732; x_wconf 82' lang='lat' dir='ltr'>objectis</span> <span class='ocrx_word' id='word_1_8' title='bbox 944 671 1136 732; x_wconf 82' lang='lat' dir='ltr'>responsum.</span> 
     </span>
    </p>
   </div>
   <div class='ocr_carea' id='block_1_3' title="bbox 159 902 1281 2356">
    <p class='ocr_par' dir='ltr' id='par_1_3' title="bbox 159 902 1281 2356">
     <span class='ocr_line' id='line_1_3' title="bbox 173 902 1276 1042; baseline 0.002 -18"><span class='ocrx_word' id='word_1_9' title='bbox 173 902 254 1025; x_wconf 80' lang='lat' dir='ltr'>Vir</span> <span class='ocrx_word' id='word_1_10' title='bbox 274 981 302 1026; x_wconf 86' lang='lat' dir='ltr'>a.</span> <span class='ocrx_word' id='word_1_11' title='bbox 327 956 517 1040; x_wconf 77' lang='lat' dir='ltr'>Freppelius</span> <span class='ocrx_word' id='word_1_12' title='bbox 539 964 569 1024; x_wconf 91' lang='lat' dir='ltr'>iu</span> <span class='ocrx_word' id='word_1_13' title='bbox 592 963 674 1024; x_wconf 83' lang='lat' dir='ltr'>notis</span> <span class='ocrx_word' id='word_1_14' title='bbox 696 960 787 1025; x_wconf 86' lang='lat' dir='ltr'>Tomi</span> <span class='ocrx_word' id='word_1_15' title='bbox 814 958 835 1020; x_wconf 92' lang='grc' dir='ltr'>Ι.</span> <span class='ocrx_word' id='word_1_16' title='bbox 862 959 948 1024; x_wconf 82' lang='lat' dir='ltr'>Libri</span> <span class='ocrx_word' id='word_1_17' title='bbox 964 961 1107 1040; x_wconf 86' lang='lat' dir='ltr'>inscripti</span> <span class='ocrx_word' id='word_1_18' title='bbox 1129 959 1276 1042; x_wconf 65' lang='lat' dir='ltr'>Oripirsa</span> 
     </span>
     <span class='ocr_line' id='line_1_4' title="bbox 169 1059 1281 1144; baseline 0.002 -17"><span class='ocrx_word' id='word_1_19' title='bbox 169 1063 269 1128; x_wconf 79' lang='lat' dir='ltr'>Coars</span> <span class='ocrx_word' id='word_1_20' title='bbox 290 1064 495 1144; x_wconf 84' lang='lat' dir='ltr'>d&#39;eioquenee</span> <span class='ocrx_word' id='word_1_21' title='bbox 515 1068 619 1125; x_wconf 80' lang='lat' dir='ltr'>saaree</span> <span class='ocrx_word' id='word_1_22' title='bbox 642 1083 671 1142; x_wconf 93' lang='lat' dir='ltr'>p.</span> <span class='ocrx_word' id='word_1_23' title='bbox 694 1059 763 1132; x_wconf 77' lang='lat' dir='ltr'>dOd·</span> <span class='ocrx_word' id='word_1_24' title='bbox 787 1064 943 1125; x_wconf 87' lang='lat' dir='ltr'>adversus</span> <span class='ocrx_word' id='word_1_25' title='bbox 977 1064 1089 1125; x_wconf 83' lang='lat' dir='ltr'>thesim</span> <span class='ocrx_word' id='word_1_26' title='bbox 1112 1082 1130 1125; x_wconf 87' lang='lat' dir='ltr'>a</span> <span class='ocrx_word' id='word_1_27' title='bbox 1153 1082 1204 1127; x_wconf 91' lang='lat' dir='ltr'>me</span> <span class='ocrx_word' id='word_1_28' title='bbox 1233 1066 1281 1130; x_wconf 88' lang='lat' dir='ltr'>di·</span> 
     </span>
     <span class='ocr_line' id='line_1_5' title="bbox 163 1161 1280 1245; baseline 0.001 -17"><span class='ocrx_word' id='word_1_29' title='bbox 163 1184 307 1228; x_wconf 85' lang='lat' dir='ltr'>seussam</span> <span class='ocrx_word' id='word_1_30' title='bbox 330 1167 360 1226; x_wconf 93' lang='lat' dir='ltr'>in</span> <span class='ocrx_word' id='word_1_31' title='bbox 382 1184 429 1226; x_wconf 86' lang='lat' dir='ltr'>ee.</span> <span class='ocrx_word' id='word_1_32' title='bbox 462 1163 567 1227; x_wconf 80' lang='lat' dir='ltr'>xvii.</span> <span class='ocrx_word' id='word_1_33' title='bbox 592 1162 710 1226; x_wconf 81' lang='lat' dir='ltr'>xviii.</span> <span class='ocrx_word' id='word_1_34' title='bbox 739 1161 831 1226; x_wconf 78' lang='lat' dir='ltr'>&#39;iomi</span> <span class='ocrx_word' id='word_1_35' title='bbox 864 1163 903 1225; x_wconf 87' lang='lat' dir='ltr'>ii.</span> <span class='ocrx_word' id='word_1_36' title='bbox 935 1183 976 1226; x_wconf 82' lang='lat' dir='ltr'>ex</span> <span class='ocrx_word' id='word_1_37' title='bbox 1008 1165 1200 1245; x_wconf 88' lang='lat' dir='ltr'>quibusdam</span> <span class='ocrx_word' id='word_1_38' title='bbox 1230 1167 1280 1230; x_wconf 90' lang='lat' dir='ltr'>lo·</span> 
     </span>
     <span class='ocr_line' id='line_1_6' title="bbox 164 1261 1278 1330; baseline 0 0"><span class='ocrx_word' id='word_1_39' title='bbox 164 1266 351 1330; x_wconf 81' lang='lat' dir='ltr'>nationibus</span> <span class='ocrx_word' id='word_1_40' title='bbox 374 1264 570 1328; x_wconf 76' lang='lat' dir='ltr'>Periaruboa</span> <span class='ocrx_word' id='word_1_41' title='bbox 592 1263 677 1326; x_wconf 84' lang='lat' dir='ltr'>Libri</span> <span class='ocrx_word' id='word_1_42' title='bbox 704 1265 742 1326; x_wconf 90' lang='grc' dir='ltr'>ΙΙ.</span> <span class='ocrx_word' id='word_1_43' title='bbox 767 1283 794 1326; x_wconf 88' lang='lat' dir='ltr'>a.</span> <span class='ocrx_word' id='word_1_44' title='bbox 820 1263 873 1326; x_wconf 85' lang='lat' dir='ltr'>tx.</span> <span class='ocrx_word' id='word_1_45' title='bbox 898 1282 928 1326; x_wconf 95' lang='grc' dir='ltr'>ιι.</span> <span class='ocrx_word' id='word_1_46' title='bbox 944 1261 974 1326; x_wconf 82' lang='grc'>7.</span> <span class='ocrx_word' id='word_1_47' title='bbox 999 1264 1168 1326; x_wconf 76' lang='lat' dir='ltr'><strong>adstruere</strong></span> <span class='ocrx_word' id='word_1_48' title='bbox 1191 1269 1278 1330; x_wconf 88' lang='lat' dir='ltr'>uisus</span> 
     </span>
     <span class='ocr_line' id='line_1_7' title="bbox 163 1365 1276 1446; baseline -0.001 -16"><span class='ocrx_word' id='word_1_49' title='bbox 163 1376 226 1443; x_wconf 88' lang='lat' dir='ltr'>est,</span> <span class='ocrx_word' id='word_1_50' title='bbox 249 1366 423 1446; x_wconf 80' lang='lat' dir='ltr'>Origeuem</span> <span class='ocrx_word' id='word_1_51' title='bbox 448 1384 559 1446; x_wconf 79' lang='lat' dir='ltr'>reapse</span> <span class='ocrx_word' id='word_1_52' title='bbox 580 1368 761 1428; x_wconf 89' lang='lat' dir='ltr'>animarum</span> <span class='ocrx_word' id='word_1_53' title='bbox 784 1365 947 1428; x_wconf 78' lang='lat' dir='ltr'>admisisse</span> <span class='ocrx_word' id='word_1_54' title='bbox 970 1367 1276 1444; x_wconf 73' lang='lat' dir='ltr'>praeexistentiam,</span> 
     </span>
     <span class='ocr_line' id='line_1_8' title="bbox 162 1465 1277 1547; baseline 0.002 -18"><span class='ocrx_word' id='word_1_55' title='bbox 162 1485 297 1547; x_wconf 88' lang='lat' dir='ltr'>easque,</span> <span class='ocrx_word' id='word_1_56' title='bbox 322 1469 510 1545; x_wconf 84' lang='lat' dir='ltr'>priusquam</span> <span class='ocrx_word' id='word_1_57' title='bbox 533 1468 563 1526; x_wconf 92' lang='lat' dir='ltr'>iu</span> <span class='ocrx_word' id='word_1_58' title='bbox 586 1467 672 1528; x_wconf 89' lang='lat' dir='ltr'>hune</span> <span class='ocrx_word' id='word_1_59' title='bbox 695 1465 849 1527; x_wconf 92' lang='lat' dir='ltr'>mundum</span> <span class='ocrx_word' id='word_1_60' title='bbox 875 1467 1031 1539; x_wconf 83' lang='lat' dir='ltr'>venirent,</span> <span class='ocrx_word' id='word_1_61' title='bbox 1051 1465 1277 1531; x_wconf 83' lang='lat' dir='ltr'>liberassetus</span> 
     </span>
     <span class='ocr_line' id='line_1_9' title="bbox 161 1566 1278 1641; baseline 0.003 -11"><span class='ocrx_word' id='word_1_62' title='bbox 161 1569 363 1641; x_wconf 84' lang='lat' dir='ltr'>exercuisse,</span> <span class='ocrx_word' id='word_1_63' title='bbox 381 1566 465 1628; x_wconf 88' lang='lat' dir='ltr'>unde</span> <span class='ocrx_word' id='word_1_64' title='bbox 489 1569 610 1627; x_wconf 84' lang='lat' dir='ltr'>variam</span> <span class='ocrx_word' id='word_1_65' title='bbox 633 1568 686 1628; x_wconf 88' lang='lat' dir='ltr'>bia</span> <span class='ocrx_word' id='word_1_66' title='bbox 706 1566 839 1629; x_wconf 89' lang='lat' dir='ltr'>sortitae</span> <span class='ocrx_word' id='word_1_67' title='bbox 860 1576 935 1629; x_wconf 89' lang='lat' dir='ltr'>sunt</span> <span class='ocrx_word' id='word_1_68' title='bbox 956 1567 1181 1631; x_wconf 84' lang='lat' dir='ltr'>conditionem.</span> <span class='ocrx_word' id='word_1_69' title='bbox 1200 1567 1278 1634; x_wconf 87' lang='lat' dir='ltr'>Pro·</span> 
     </span>
     <span class='ocr_line' id='line_1_10' title="bbox 161 1666 1275 1747; baseline 0.007 -19"><span class='ocrx_word' id='word_1_70' title='bbox 161 1670 303 1747; x_wconf 83' lang='lat' dir='ltr'>indeque</span> <span class='ocrx_word' id='word_1_71' title='bbox 323 1677 467 1730; x_wconf 87' lang='lat' dir='ltr'>statuens</span> <span class='ocrx_word' id='word_1_72' title='bbox 490 1686 666 1747; x_wconf 80' lang='lat' dir='ltr'><strong>numquam</strong></span> <span class='ocrx_word' id='word_1_73' title='bbox 691 1666 867 1729; x_wconf 74' lang='lat' dir='ltr'>Auctorem</span> <span class='ocrx_word' id='word_1_74' title='bbox 889 1687 922 1729; x_wconf 90' lang='lat' dir='ltr'>se</span> <span class='ocrx_word' id='word_1_75' title='bbox 945 1686 1079 1746; x_wconf 78' lang='lat' dir='ltr'>prorsus</span> <span class='ocrx_word' id='word_1_76' title='bbox 1101 1672 1275 1736; x_wconf 90' lang='lat' dir='ltr'>immunem</span> 
     </span>
     <span class='ocr_line' id='line_1_11' title="bbox 164 1768 1276 1851; baseline 0.003 -19"><span class='ocrx_word' id='word_1_77' title='bbox 164 1771 299 1849; x_wconf 75' lang='lat' dir='ltr'>gemisse</span> <span class='ocrx_word' id='word_1_78' title='bbox 320 1786 337 1829; x_wconf 96' lang='lat' dir='ltr'>a</span> <span class='ocrx_word' id='word_1_79' title='bbox 362 1768 502 1830; x_wconf 83' lang='lat' dir='ltr'>Platonis</span> <span class='ocrx_word' id='word_1_80' title='bbox 526 1769 649 1846; x_wconf 88' lang='lat' dir='ltr'>placitis</span> <span class='ocrx_word' id='word_1_81' title='bbox 671 1769 709 1829; x_wconf 91' lang='lat' dir='ltr'>de</span> <span class='ocrx_word' id='word_1_82' title='bbox 731 1770 912 1830; x_wconf 92' lang='lat' dir='ltr'>animarum</span> <span class='ocrx_word' id='word_1_83' title='bbox 934 1779 1033 1842; x_wconf 88' lang='lat' dir='ltr'>ortu,</span> <span class='ocrx_word' id='word_1_84' title='bbox 1057 1773 1132 1832; x_wconf 87' lang='lat' dir='ltr'>mibi</span> <span class='ocrx_word' id='word_1_85' title='bbox 1157 1790 1276 1851; x_wconf 85' lang='lat' dir='ltr'>expro-</span> 
     </span>
     <span class='ocr_line' id='line_1_12' title="bbox 162 1869 1274 1950; baseline 0.003 -17"><span class='ocrx_word' id='word_1_86' title='bbox 162 1873 240 1933; x_wconf 89' lang='lat' dir='ltr'>brat</span> <span class='ocrx_word' id='word_1_87' title='bbox 260 1871 507 1950; x_wconf 76' lang='lat' dir='ltr'>negligentiam,</span> <span class='ocrx_word' id='word_1_88' title='bbox 530 1871 617 1948; x_wconf 89' lang='lat' dir='ltr'>quod</span> <span class='ocrx_word' id='word_1_89' title='bbox 642 1869 715 1933; x_wconf 87' lang='lat' dir='ltr'>taiia</span> <span class='ocrx_word' id='word_1_90' title='bbox 739 1871 913 1948; x_wconf 88' lang='lat' dir='ltr'>praeteriri</span> <span class='ocrx_word' id='word_1_91' title='bbox 939 1870 1022 1932; x_wconf 87' lang='lat' dir='ltr'>dicta</span> <span class='ocrx_word' id='word_1_92' title='bbox 1045 1873 1076 1931; x_wconf 91' lang='lat' dir='ltr'>iu</span> <span class='ocrx_word' id='word_1_93' title='bbox 1103 1874 1200 1936; x_wconf 86' lang='lat' dir='ltr'>uitato</span> <span class='ocrx_word' id='word_1_94' title='bbox 1224 1871 1274 1936; x_wconf 88' lang='lat' dir='ltr'>Li·</span> 
     </span>
     <span class='ocr_line' id='line_1_13' title="bbox 163 1970 1274 2053; baseline 0.004 -18"><span class='ocrx_word' id='word_1_95' title='bbox 163 1974 224 2035; x_wconf 95' lang='lat' dir='ltr'>bro</span> <span class='ocrx_word' id='word_1_96' title='bbox 257 1970 298 2034; x_wconf 88' lang='lat' dir='ltr'>ii.</span> <span class='ocrx_word' id='word_1_97' title='bbox 325 1981 424 2051; x_wconf 88' lang='lat' dir='ltr'>atquo</span> <span class='ocrx_word' id='word_1_98' title='bbox 454 1972 516 2034; x_wconf 91' lang='lat' dir='ltr'>alia</span> <span class='ocrx_word' id='word_1_99' title='bbox 549 1971 647 2051; x_wconf 86' lang='lat' dir='ltr'>bajus</span> <span class='ocrx_word' id='word_1_100' title='bbox 679 1973 803 2050; x_wconf 77' lang='lat' dir='ltr'>generis</span> <span class='ocrx_word' id='word_1_101' title='bbox 827 1971 989 2046; x_wconf 88' lang='lat' dir='ltr'>piurima,</span> <span class='ocrx_word' id='word_1_102' title='bbox 1018 1972 1137 2051; x_wconf 84' lang='lat' dir='ltr'>quibus</span> <span class='ocrx_word' id='word_1_103' title='bbox 1162 1984 1274 2053; x_wconf 84' lang='lat' dir='ltr'>aperta</span> 
     </span>
     <span class='ocr_line' id='line_1_14' title="bbox 162 2070 1271 2154; baseline 0.003 -20"><span class='ocrx_word' id='word_1_104' title='bbox 162 2075 242 2154; x_wconf 84' lang='lat' dir='ltr'>(ipse</span> <span class='ocrx_word' id='word_1_105' title='bbox 262 2075 318 2152; x_wconf 82' lang='lat' dir='ltr'>eit)</span> <span class='ocrx_word' id='word_1_106' title='bbox 341 2073 402 2136; x_wconf 88' lang='lat' dir='ltr'>boe</span> <span class='ocrx_word' id='word_1_107' title='bbox 426 2073 565 2135; x_wconf 82' lang='lat' dir='ltr'>Platonis</span> <span class='ocrx_word' id='word_1_108' title='bbox 587 2074 626 2133; x_wconf 92' lang='lat' dir='ltr'>ab</span> <span class='ocrx_word' id='word_1_109' title='bbox 647 2091 687 2134; x_wconf 86' lang='lat' dir='ltr'>eo</span> <span class='ocrx_word' id='word_1_110' title='bbox 708 2070 893 2133; x_wconf 76' lang='lat' dir='ltr'>defenditur</span> <span class='ocrx_word' id='word_1_111' title='bbox 914 2072 1040 2151; x_wconf 79' lang='lat' dir='ltr'>dogma.</span> <span class='ocrx_word' id='word_1_112' title='bbox 1060 2072 1119 2135; x_wconf 84' lang='lat' dir='ltr'>Ex.</span> <span class='ocrx_word' id='word_1_113' title='bbox 1137 2092 1198 2153; x_wconf 69' lang='lat' dir='ltr'>pa</span> <span class='ocrx_word' id='word_1_114' title='bbox 1218 2074 1271 2138; x_wconf 87' lang='lat' dir='ltr'>Ia-</span> 
     </span>
     <span class='ocr_line' id='line_1_15' title="bbox 159 2171 1275 2256; baseline 0.004 -20"><span class='ocrx_word' id='word_1_115' title='bbox 159 2173 287 2239; x_wconf 81' lang='lat' dir='ltr'>ueaitar</span> <span class='ocrx_word' id='word_1_116' title='bbox 305 2193 372 2236; x_wconf 84' lang='lat' dir='ltr'>noa</span> <span class='ocrx_word' id='word_1_117' title='bbox 391 2193 455 2237; x_wconf 87' lang='lat' dir='ltr'>esse</span> <span class='ocrx_word' id='word_1_118' title='bbox 475 2171 649 2256; x_wconf 84' lang='lat' dir='ltr'>injustitia,</span> <span class='ocrx_word' id='word_1_119' title='bbox 670 2173 756 2252; x_wconf 82' lang='lat' dir='ltr'>paud</span> <span class='ocrx_word' id='word_1_120' title='bbox 776 2183 803 2234; x_wconf 87' lang='lat' dir='ltr'>et</span> <span class='ocrx_word' id='word_1_121' title='bbox 824 2172 860 2234; x_wconf 88' lang='lat' dir='ltr'>ia</span> <span class='ocrx_word' id='word_1_122' title='bbox 885 2184 992 2235; x_wconf 76' lang='lat' dir='ltr'>ventre</span> <span class='ocrx_word' id='word_1_123' title='bbox 1019 2176 1152 2255; x_wconf 75' lang='lat' dir='ltr'>fratrem</span> <span class='ocrx_word' id='word_1_124' title='bbox 1181 2196 1275 2240; x_wconf 83' lang='lat' dir='ltr'>suum</span> 
     </span>
     <span class='ocr_line' id='line_1_16' title="bbox 159 2272 1273 2356; baseline 0.002 -17"><span class='ocrx_word' id='word_1_125' title='bbox 159 2274 381 2356; x_wconf 73' lang='lat' dir='ltr'>supplantavit</span> <span class='ocrx_word' id='word_1_126' title='bbox 399 2272 507 2348; x_wconf 78' lang='lat' dir='ltr'>Jacob,</span> <span class='ocrx_word' id='word_1_127' title='bbox 528 2273 557 2338; x_wconf 89' lang='lat' dir='ltr'>si</span> <span class='ocrx_word' id='word_1_128' title='bbox 575 2293 618 2335; x_wconf 80' lang='lat' dir='ltr'>esa</span> <span class='ocrx_word' id='word_1_129' title='bbox 637 2274 849 2353; x_wconf 82' lang='lat' dir='ltr'>praecederetis</span> <span class='ocrx_word' id='word_1_130' title='bbox 869 2273 1013 2336; x_wconf 76' lang='lat' dir='ltr'>videlicet</span> <span class='ocrx_word' id='word_1_131' title='bbox 1043 2272 1124 2338; x_wconf 88' lang='lat' dir='ltr'>uitae</span> <span class='ocrx_word' id='word_1_132' title='bbox 1153 2276 1273 2341; x_wconf 85' lang='lat' dir='ltr'>meritis</span> 
     </span>
    </p>
   </div>
   <div class='ocr_carea' id='block_1_4' title="bbox 158 2373 1276 2861">
    <p class='ocr_par' dir='ltr' id='par_1_4' title="bbox 158 2373 1276 2861">
     <span class='ocr_line' id='line_1_17' title="bbox 159 2373 1275 2458; baseline 0.001 -18"><span class='ocrx_word' id='word_1_133' title='bbox 159 2377 254 2458; x_wconf 80' lang='lat' dir='ltr'>dipae</span> <span class='ocrx_word' id='word_1_134' title='bbox 274 2395 344 2439; x_wconf 84' lang='lat' dir='ltr'>eam</span> <span class='ocrx_word' id='word_1_135' title='bbox 364 2376 513 2438; x_wconf 73' lang='lat' dir='ltr'>dite‘otam</span> <span class='ocrx_word' id='word_1_136' title='bbox 535 2394 598 2438; x_wconf 89' lang='lat' dir='ltr'>esse</span> <span class='ocrx_word' id='word_1_137' title='bbox 618 2375 825 2439; x_wconf 80' lang='lat' dir='ltr'>seutiamasa</span> <span class='ocrx_word' id='word_1_138' title='bbox 844 2373 914 2438; x_wconf 75' lang='lat' dir='ltr'>lieo.</span> <span class='ocrx_word' id='word_1_139' title='bbox 939 2373 1020 2438; x_wconf 81' lang='lat' dir='ltr'>Tella</span> <span class='ocrx_word' id='word_1_140' title='bbox 1035 2376 1158 2454; x_wconf 81' lang='lat' dir='ltr'>(scribit</span> <span class='ocrx_word' id='word_1_141' title='bbox 1176 2375 1275 2458; x_wconf 84' lang='lat' dir='ltr'>Frep·</span> 
     </span>
     <span class='ocr_line' id='line_1_18' title="bbox 162 2475 1276 2558; baseline 0.002 -18"><span class='ocrx_word' id='word_1_142' title='bbox 162 2479 279 2558; x_wconf 84' lang='lat' dir='ltr'>pelias)</span> <span class='ocrx_word' id='word_1_143' title='bbox 302 2485 348 2540; x_wconf 89' lang='lat' dir='ltr'>est</span> <span class='ocrx_word' id='word_1_144' title='bbox 363 2484 520 2557; x_wconf 85' lang='lat' dir='ltr'>ponrtaot</span> <span class='ocrx_word' id='word_1_145' title='bbox 540 2478 574 2539; x_wconf 84' lang='lat' dir='ltr'>ia</span> <span class='ocrx_word' id='word_1_146' title='bbox 594 2477 687 2552; x_wconf 75' lang='lat' dir='ltr'>ibere,</span> <span class='ocrx_word' id='word_1_147' title='bbox 710 2477 762 2539; x_wconf 86' lang='lat' dir='ltr'>ebe</span> <span class='ocrx_word' id='word_1_148' title='bbox 784 2475 829 2541; x_wconf 86' lang='grc' dir='ltr'>Μ.</span> <span class='ocrx_word' id='word_1_149' title='bbox 855 2475 1003 2540; x_wconf 80' lang='lat' dir='ltr'>Vioaeaai</span> <span class='ocrx_word' id='word_1_150' title='bbox 1011 2479 1224 2558; x_wconf 73' lang='lat' dir='ltr'>professeard</span> <span class='ocrx_word' id='word_1_151' title='bbox 1243 2479 1276 2542; x_wconf 84' lang='lat' dir='ltr'>ia</span> 
     </span>
     <span class='ocr_line' id='line_1_19' title="bbox 158 2577 1274 2660; baseline 0.001 -18"><span class='ocrx_word' id='word_1_152' title='bbox 158 2577 322 2658; x_wconf 76' lang='lat' dir='ltr'>Sopianae,</span> <span class='ocrx_word' id='word_1_153' title='bbox 344 2580 372 2641; x_wconf 88' lang='lat' dir='ltr'>s&#39;</span> <span class='ocrx_word' id='word_1_154' title='bbox 381 2587 424 2641; x_wconf 91' lang='lat' dir='ltr'>est</span> <span class='ocrx_word' id='word_1_155' title='bbox 444 2579 559 2658; x_wconf 79' lang='lat' dir='ltr'>abarpe&#39;</span> <span class='ocrx_word' id='word_1_156' title='bbox 580 2579 616 2640; x_wconf 91' lang='lat' dir='ltr'>de</span> <span class='ocrx_word' id='word_1_157' title='bbox 636 2578 777 2640; x_wconf 85' lang='lat' dir='ltr'>saateair</span> <span class='ocrx_word' id='word_1_158' title='bbox 798 2581 880 2641; x_wconf 87' lang='lat' dir='ltr'>daos</span> <span class='ocrx_word' id='word_1_159' title='bbox 902 2596 969 2641; x_wconf 83' lang='lat' dir='ltr'>urta</span> <span class='ocrx_word' id='word_1_160' title='bbox 990 2580 1132 2660; x_wconf 82' lang='lat' dir='ltr'>apolopie</span> <span class='ocrx_word' id='word_1_161' title='bbox 1155 2585 1274 2649; x_wconf 72' lang='lat' dir='ltr'>reserate</span> 
     </span>
     <span class='ocr_line' id='line_1_20' title="bbox 158 2677 1275 2761; baseline 0.001 -18"><span class='ocrx_word' id='word_1_162' title='bbox 158 2679 193 2743; x_wconf 85' lang='lat' dir='ltr'>d’</span> <span class='ocrx_word' id='word_1_163' title='bbox 206 2677 349 2759; x_wconf 78' lang='lat' dir='ltr'>Oripdae.</span> <span class='ocrx_word' id='word_1_164' title='bbox 372 2678 403 2742; x_wconf 88' lang='lat' dir='ltr'>It</span> <span class='ocrx_word' id='word_1_165' title='bbox 421 2690 465 2742; x_wconf 87' lang='lat' dir='ltr'>est</span> <span class='ocrx_word' id='word_1_166' title='bbox 484 2679 569 2755; x_wconf 87' lang='lat' dir='ltr'>arai,</span> <span class='ocrx_word' id='word_1_167' title='bbox 592 2681 620 2742; x_wconf 85' lang='lat' dir='ltr'>te</span> <span class='ocrx_word' id='word_1_168' title='bbox 640 2681 727 2742; x_wconf 81' lang='lat' dir='ltr'>docte</span> <span class='ocrx_word' id='word_1_169' title='bbox 751 2678 893 2759; x_wconf 82' lang='lat' dir='ltr'>Critique</span> <span class='ocrx_word' id='word_1_170' title='bbox 912 2700 950 2743; x_wconf 85' lang='lat' dir='ltr'>ae</span> <span class='ocrx_word' id='word_1_171' title='bbox 971 2681 1030 2744; x_wconf 86' lang='lat' dir='ltr'>rite</span> <span class='ocrx_word' id='word_1_172' title='bbox 1047 2701 1106 2761; x_wconf 88' lang='lat' dir='ltr'>pus</span> <span class='ocrx_word' id='word_1_173' title='bbox 1129 2684 1157 2744; x_wconf 87' lang='lat' dir='ltr'>ts</span> <span class='ocrx_word' id='word_1_174' title='bbox 1181 2691 1275 2757; x_wconf 77' lang='lat' dir='ltr'>teste,</span> 
     </span>
     <span class='ocr_line' id='line_1_21' title="bbox 159 2780 1273 2861; baseline 0.004 -19"><span class='ocrx_word' id='word_1_175' title='bbox 159 2781 215 2842; x_wconf 81' lang='lat' dir='ltr'>abe</span> <span class='ocrx_word' id='word_1_176' title='bbox 235 2799 315 2842; x_wconf 83' lang='lat' dir='ltr'>noas</span> <span class='ocrx_word' id='word_1_177' title='bbox 337 2799 451 2843; x_wconf 86' lang='lat' dir='ltr'>aeneas</span> <span class='ocrx_word' id='word_1_178' title='bbox 472 2783 509 2843; x_wconf 87' lang='lat' dir='ltr'>de</span> <span class='ocrx_word' id='word_1_179' title='bbox 532 2780 740 2861; x_wconf 84' lang='lat' dir='ltr'>reproduire,</span> <span class='ocrx_word' id='word_1_180' title='bbox 762 2800 822 2861; x_wconf 90' lang='lat' dir='ltr'>pas</span> <span class='ocrx_word' id='word_1_181' title='bbox 850 2782 923 2860; x_wconf 83' lang='lat' dir='ltr'>plus</span> <span class='ocrx_word' id='word_1_182' title='bbox 947 2783 1000 2845; x_wconf 86' lang='lat' dir='ltr'>abe</span> <span class='ocrx_word' id='word_1_183' title='bbox 1030 2784 1062 2844; x_wconf 86' lang='lat' dir='ltr'>d’</span> <span class='ocrx_word' id='word_1_184' title='bbox 1075 2793 1181 2846; x_wconf 83' lang='lat' dir='ltr'>autres</span> <span class='ocrx_word' id='word_1_185' title='bbox 1209 2801 1273 2846; x_wconf 82' lang='lat' dir='ltr'>aaa</span> 
     </span>
    </p>
   </div>
   <div class='ocr_carea' id='block_1_5' title="bbox 156 2881 1277 4274">
    <p class='ocr_par' dir='ltr' id='par_1_5' title="bbox 156 2881 1277 4274">
     <span class='ocr_line' id='line_1_22' title="bbox 160 2881 1276 2964; baseline 0.005 -22"><span class='ocrx_word' id='word_1_186' title='bbox 160 2881 268 2945; x_wconf 83' lang='lat' dir='ltr'>moins</span> <span class='ocrx_word' id='word_1_187' title='bbox 289 2883 484 2946; x_wconf 85' lang='lat' dir='ltr'>aoaeiaaats.</span> <span class='ocrx_word' id='word_1_188' title='bbox 508 2901 525 2940; x_wconf 82' lang='lat' dir='ltr'>s</span> <span class='ocrx_word' id='word_1_189' title='bbox 549 2881 669 2944; x_wconf 85' lang='lat' dir='ltr'>Deinde</span> <span class='ocrx_word' id='word_1_190' title='bbox 691 2883 752 2943; x_wconf 89' lang='lat' dir='ltr'>alia</span> <span class='ocrx_word' id='word_1_191' title='bbox 776 2886 855 2945; x_wconf 82' lang='lat' dir='ltr'>citat</span> <span class='ocrx_word' id='word_1_192' title='bbox 875 2884 1015 2946; x_wconf 82' lang='lat' dir='ltr'>clariora</span> <span class='ocrx_word' id='word_1_193' title='bbox 1034 2885 1113 2964; x_wconf 83' lang='lat' dir='ltr'>(ipse</span> <span class='ocrx_word' id='word_1_194' title='bbox 1127 2884 1215 2962; x_wconf 72' lang='lat' dir='ltr'>diuiti</span> <span class='ocrx_word' id='word_1_195' title='bbox 1231 2891 1276 2948; x_wconf 87' lang='lat' dir='ltr'>ie-</span> 
     </span>
     <span class='ocr_line' id='line_1_23' title="bbox 158 2981 1274 3060; baseline 0.003 -14"><span class='ocrx_word' id='word_1_196' title='bbox 158 2984 329 3046; x_wconf 79' lang='lat' dir='ltr'>stimoniar</span> <span class='ocrx_word' id='word_1_197' title='bbox 351 2982 485 3047; x_wconf 81' lang='lat' dir='ltr'>Justitia</span> <span class='ocrx_word' id='word_1_198' title='bbox 509 2981 680 3060; x_wconf 85' lang='lat' dir='ltr'>Creatoris,</span> <span class='ocrx_word' id='word_1_199' title='bbox 703 2992 739 3045; x_wconf 83' lang='lat' dir='ltr'>ut</span> <span class='ocrx_word' id='word_1_200' title='bbox 760 2981 838 3046; x_wconf 83' lang='lat' dir='ltr'>mibi</span> <span class='ocrx_word' id='word_1_201' title='bbox 858 2984 995 3057; x_wconf 82' lang='lat' dir='ltr'>videtur,</span> <span class='ocrx_word' id='word_1_202' title='bbox 1016 2985 1063 3048; x_wconf 86' lang='lat' dir='ltr'>ita</span> <span class='ocrx_word' id='word_1_203' title='bbox 1083 2986 1204 3048; x_wconf 87' lang='lat' dir='ltr'>demam</span> <span class='ocrx_word' id='word_1_204' title='bbox 1225 2987 1274 3049; x_wconf 84' lang='lat' dir='ltr'>iu·</span> 
     </span>
     <span class='ocr_line' id='line_1_24' title="bbox 156 3082 1277 3166; baseline 0.004 -20"><span class='ocrx_word' id='word_1_205' title='bbox 156 3082 262 3148; x_wconf 85' lang='lat' dir='ltr'>ridias</span> <span class='ocrx_word' id='word_1_206' title='bbox 284 3087 478 3159; x_wconf 82' lang='lat' dir='ltr'>ostendetur,</span> <span class='ocrx_word' id='word_1_207' title='bbox 498 3083 529 3147; x_wconf 89' lang='lat' dir='ltr'>si</span> <span class='ocrx_word' id='word_1_208' title='bbox 549 3104 663 3148; x_wconf 84' lang='lat' dir='ltr'>aaasas</span> <span class='ocrx_word' id='word_1_209' title='bbox 683 3085 881 3148; x_wconf 74' lang='lat' dir='ltr'>diversitatis</span> <span class='ocrx_word' id='word_1_210' title='bbox 905 3084 1122 3166; x_wconf 79' lang='lat' dir='ltr'>unusquisque</span> <span class='ocrx_word' id='word_1_211' title='bbox 1141 3087 1189 3149; x_wconf 84' lang='lat' dir='ltr'>oei</span> <span class='ocrx_word' id='word_1_212' title='bbox 1209 3106 1277 3150; x_wconf 86' lang='lat' dir='ltr'>eue-</span> 
     </span>
     <span class='ocr_line' id='line_1_25' title="bbox 158 3181 1277 3265; baseline 0.001 -19"><span class='ocrx_word' id='word_1_213' title='bbox 158 3181 299 3262; x_wconf 83' lang='lat' dir='ltr'>iestium,</span> <span class='ocrx_word' id='word_1_214' title='bbox 321 3185 368 3247; x_wconf 85' lang='lat' dir='ltr'>sel</span> <span class='ocrx_word' id='word_1_215' title='bbox 388 3182 585 3248; x_wconf 81' lang='lat' dir='ltr'>terrestrium</span> <span class='ocrx_word' id='word_1_216' title='bbox 605 3186 653 3246; x_wconf 85' lang='lat' dir='ltr'>vei</span> <span class='ocrx_word' id='word_1_217' title='bbox 673 3183 872 3265; x_wconf 74' lang='lat' dir='ltr'>infernorum</span> <span class='ocrx_word' id='word_1_218' title='bbox 895 3184 931 3246; x_wconf 85' lang='lat' dir='ltr'>ia</span> <span class='ocrx_word' id='word_1_219' title='bbox 960 3183 1122 3264; x_wconf 90' lang='lat' dir='ltr'>semetipso</span> <span class='ocrx_word' id='word_1_220' title='bbox 1148 3204 1277 3265; x_wconf 85' lang='lat' dir='ltr'>praeee-</span> 
     </span>
     <span class='ocr_line' id='line_1_26' title="bbox 156 3283 1270 3365; baseline 0.002 -19"><span class='ocrx_word' id='word_1_221' title='bbox 156 3286 263 3347; x_wconf 85' lang='lat' dir='ltr'>deates</span> <span class='ocrx_word' id='word_1_222' title='bbox 284 3285 482 3349; x_wconf 79' lang='lat' dir='ltr'>nativitatem</span> <span class='ocrx_word' id='word_1_223' title='bbox 503 3304 700 3365; x_wconf 82' lang='lat' dir='ltr'>corpoream,</span> <span class='ocrx_word' id='word_1_224' title='bbox 720 3284 828 3348; x_wconf 85' lang='lat' dir='ltr'>babere</span> <span class='ocrx_word' id='word_1_225' title='bbox 848 3283 974 3348; x_wconf 77' lang='lat' dir='ltr'>dicatur</span> <span class='ocrx_word' id='word_1_226' title='bbox 989 3284 1075 3362; x_wconf 86' lang='lat' dir='ltr'>(Lib.</span> <span class='ocrx_word' id='word_1_227' title='bbox 1100 3283 1140 3347; x_wconf 88' lang='grc' dir='ltr'>ΙΙ.</span> <span class='ocrx_word' id='word_1_228' title='bbox 1164 3305 1192 3351; x_wconf 88' lang='lat' dir='ltr'>e.</span> <span class='ocrx_word' id='word_1_229' title='bbox 1216 3284 1270 3350; x_wconf 85' lang='lat' dir='ltr'>tx.</span> 
     </span>
     <span class='ocr_line' id='line_1_27' title="bbox 158 3383 1270 3468; baseline 0.004 -21"><span class='ocrx_word' id='word_1_230' title='bbox 158 3405 190 3447; x_wconf 93' lang='lat' dir='ltr'>n.</span> <span class='ocrx_word' id='word_1_231' title='bbox 205 3387 254 3460; x_wconf 83' lang='lat'>7).</span> <span class='ocrx_word' id='word_1_232' title='bbox 278 3383 349 3450; x_wconf 86' lang='lat' dir='ltr'>Noa</span> <span class='ocrx_word' id='word_1_233' title='bbox 369 3385 459 3451; x_wconf 89' lang='lat' dir='ltr'>iatra</span> <span class='ocrx_word' id='word_1_234' title='bbox 480 3388 574 3468; x_wconf 84' lang='lat' dir='ltr'>bajas</span> <span class='ocrx_word' id='word_1_235' title='bbox 594 3385 696 3448; x_wconf 82' lang='lat' dir='ltr'>serati</span> <span class='ocrx_word' id='word_1_236' title='bbox 715 3386 814 3448; x_wconf 86' lang='lat' dir='ltr'>uitam</span> <span class='ocrx_word' id='word_1_237' title='bbox 834 3385 1026 3466; x_wconf 79' lang='lat' dir='ltr'>dispensatio</span> <span class='ocrx_word' id='word_1_238' title='bbox 1041 3386 1183 3450; x_wconf 76' lang='lat' dir='ltr'>bumaria</span> <span class='ocrx_word' id='word_1_239' title='bbox 1196 3407 1270 3452; x_wconf 82' lang='lat' dir='ltr'>euo-</span> 
     </span>
     <span class='ocr_line' id='line_1_28' title="bbox 157 3487 1274 3569; baseline 0.003 -19"><span class='ocrx_word' id='word_1_240' title='bbox 157 3487 326 3563; x_wconf 84' lang='lat' dir='ltr'>ctaditar,</span> <span class='ocrx_word' id='word_1_241' title='bbox 345 3489 398 3551; x_wconf 89' lang='lat' dir='ltr'>sed</span> <span class='ocrx_word' id='word_1_242' title='bbox 416 3488 525 3569; x_wconf 71' lang='lat' dir='ltr'>saturi</span> <span class='ocrx_word' id='word_1_243' title='bbox 545 3499 647 3553; x_wconf 86' lang='lat' dir='ltr'>statas</span> <span class='ocrx_word' id='word_1_244' title='bbox 667 3507 796 3552; x_wconf 83' lang='lat' dir='ltr'>eausam</span> <span class='ocrx_word' id='word_1_245' title='bbox 822 3496 965 3568; x_wconf 83' lang='lat' dir='ltr'>praestat</span> <span class='ocrx_word' id='word_1_246' title='bbox 991 3506 1107 3568; x_wconf 82' lang='lat' dir='ltr'>semper</span> <span class='ocrx_word' id='word_1_247' title='bbox 1134 3488 1274 3553; x_wconf 82' lang='lat' dir='ltr'>anterior</span> 
     </span>
     <span class='ocr_line' id='line_1_29' title="bbox 158 3588 1273 3670; baseline 0.004 -19"><span class='ocrx_word' id='word_1_248' title='bbox 158 3590 343 3653; x_wconf 85' lang='lat' dir='ltr'>meritorum</span> <span class='ocrx_word' id='word_1_249' title='bbox 373 3599 487 3654; x_wconf 86' lang='lat' dir='ltr'>statas.</span> <span class='ocrx_word' id='word_1_250' title='bbox 513 3589 607 3670; x_wconf 81' lang='lat' dir='ltr'>(Lib.</span> <span class='ocrx_word' id='word_1_251' title='bbox 634 3588 690 3652; x_wconf 92' lang='grc' dir='ltr'><strong>ΙΙΙ.</strong></span> <span class='ocrx_word' id='word_1_252' title='bbox 714 3610 741 3653; x_wconf 87' lang='lat' dir='ltr'>o.</span> <span class='ocrx_word' id='word_1_253' title='bbox 768 3589 791 3652; x_wconf 94' lang='grc' dir='ltr'>Ι.</span> <span class='ocrx_word' id='word_1_254' title='bbox 815 3609 845 3652; x_wconf 91' lang='grc' dir='ltr'>ιι.</span> <span class='ocrx_word' id='word_1_255' title='bbox 868 3589 941 3668; x_wconf 82' lang='grc'><strong>17).</strong></span> <span class='ocrx_word' id='word_1_256' title='bbox 966 3588 1039 3655; x_wconf 89' lang='lat' dir='ltr'>Nun</span> <span class='ocrx_word' id='word_1_257' title='bbox 1068 3592 1273 3655; x_wconf 78' lang='lat' dir='ltr'>advertentes</span> 
     </span>
     <span class='ocr_line' id='line_1_30' title="bbox 159 3691 1272 3774; baseline 0.003 -22"><span class='ocrx_word' id='word_1_258' title='bbox 159 3693 392 3768; x_wconf 75' lang='lat' dir='ltr'>(valentiniani)</span> <span class='ocrx_word' id='word_1_259' title='bbox 415 3694 501 3774; x_wconf 89' lang='lat' dir='ltr'>quod</span> <span class='ocrx_word' id='word_1_260' title='bbox 526 3711 568 3754; x_wconf 84' lang='lat' dir='ltr'>ex</span> <span class='ocrx_word' id='word_1_261' title='bbox 590 3692 856 3771; x_wconf 84' lang='lat' dir='ltr'>praecedentibus</span> <span class='ocrx_word' id='word_1_262' title='bbox 884 3691 978 3755; x_wconf 89' lang='lat' dir='ltr'>liberi</span> <span class='ocrx_word' id='word_1_263' title='bbox 1010 3692 1135 3754; x_wconf 93' lang='lat' dir='ltr'>arbitrii</span> <span class='ocrx_word' id='word_1_264' title='bbox 1167 3695 1272 3755; x_wconf 87' lang='lat' dir='ltr'>causis</span> 
     </span>
     <span class='ocr_line' id='line_1_31' title="bbox 159 3791 1269 3874; baseline -0.001 -18"><span class='ocrx_word' id='word_1_265' title='bbox 159 3795 305 3857; x_wconf 87' lang='lat' dir='ltr'>instituta</span> <span class='ocrx_word' id='word_1_266' title='bbox 330 3795 444 3859; x_wconf 88' lang='lat' dir='ltr'>inisset</span> <span class='ocrx_word' id='word_1_267' title='bbox 464 3815 482 3858; x_wconf 87' lang='lat' dir='ltr'>a</span> <span class='ocrx_word' id='word_1_268' title='bbox 506 3793 574 3858; x_wconf 85' lang='lat' dir='ltr'>Deo</span> <span class='ocrx_word' id='word_1_269' title='bbox 597 3796 812 3874; x_wconf 86' lang='lat' dir='ltr'>dispositionis</span> <span class='ocrx_word' id='word_1_270' title='bbox 844 3794 902 3856; x_wconf 92' lang='lat' dir='ltr'>ista</span> <span class='ocrx_word' id='word_1_271' title='bbox 937 3797 1075 3856; x_wconf 86' lang='lat' dir='ltr'>varietas</span> <span class='ocrx_word' id='word_1_272' title='bbox 1097 3791 1187 3870; x_wconf 86' lang='lat' dir='ltr'>(Lib.</span> <span class='ocrx_word' id='word_1_273' title='bbox 1213 3793 1269 3856; x_wconf 94' lang='grc' dir='ltr'><strong>ΙΙΙ.</strong></span> 
     </span>
     <span class='ocr_line' id='line_1_32' title="bbox 159 3892 1275 3975; baseline -0.002 -17"><span class='ocrx_word' id='word_1_274' title='bbox 159 3914 188 3958; x_wconf 86' lang='lat' dir='ltr'>u.</span> <span class='ocrx_word' id='word_1_275' title='bbox 213 3893 251 3956; x_wconf 86' lang='lat' dir='ltr'>V.</span> <span class='ocrx_word' id='word_1_276' title='bbox 275 3914 305 3957; x_wconf 90' lang='lat' dir='ltr'>n.</span> <span class='ocrx_word' id='word_1_277' title='bbox 329 3893 371 3973; x_wconf 85' lang='grc'>5).</span> <span class='ocrx_word' id='word_1_278' title='bbox 397 3894 437 3958; x_wconf 84' lang='lat' dir='ltr'>Et</span> <span class='ocrx_word' id='word_1_279' title='bbox 459 3897 531 3959; x_wconf 88' lang='lat' dir='ltr'>bine</span> <span class='ocrx_word' id='word_1_280' title='bbox 554 3895 737 3959; x_wconf 72' lang='lat' dir='ltr'>concludite</span> <span class='ocrx_word' id='word_1_281' title='bbox 762 3915 779 3954; x_wconf 80' lang='lat' dir='ltr'>r</span> <span class='ocrx_word' id='word_1_282' title='bbox 803 3893 897 3957; x_wconf 82' lang='lat' dir='ltr'>Teate</span> <span class='ocrx_word' id='word_1_283' title='bbox 917 3892 1052 3975; x_wconf 81' lang='lat' dir='ltr'>critique</span> <span class='ocrx_word' id='word_1_284' title='bbox 1072 3892 1205 3957; x_wconf 80' lang='lat' dir='ltr'>strituss</span> <span class='ocrx_word' id='word_1_285' title='bbox 1225 3895 1275 3956; x_wconf 83' lang='lat' dir='ltr'>de·</span> 
     </span>
     <span class='ocr_line' id='line_1_33' title="bbox 157 3993 1275 4078; baseline -0.002 -19"><span class='ocrx_word' id='word_1_286' title='bbox 157 3997 247 4059; x_wconf 83' lang='lat' dir='ltr'>aierit</span> <span class='ocrx_word' id='word_1_287' title='bbox 268 3993 467 4075; x_wconf 78' lang='lat' dir='ltr'>impossible,</span> <span class='ocrx_word' id='word_1_288' title='bbox 488 3996 635 4078; x_wconf 84' lang='lat' dir='ltr'>torsp&#39;oa</span> <span class='ocrx_word' id='word_1_289' title='bbox 665 3996 776 4057; x_wconf 82' lang='lat' dir='ltr'>absrde</span> <span class='ocrx_word' id='word_1_290' title='bbox 804 3995 848 4058; x_wconf 86' lang='lat' dir='ltr'>ies</span> <span class='ocrx_word' id='word_1_291' title='bbox 878 4012 1029 4075; x_wconf 84' lang='lat' dir='ltr'>oaurapes</span> <span class='ocrx_word' id='word_1_292' title='bbox 1050 3996 1138 4058; x_wconf 82' lang='lat' dir='ltr'>d’an</span> <span class='ocrx_word' id='word_1_293' title='bbox 1160 4004 1275 4058; x_wconf 80' lang='lat' dir='ltr'>auteur</span> 
     </span>
     <span class='ocr_line' id='line_1_34' title="bbox 156 4093 1274 4178; baseline -0.001 -20"><span class='ocrx_word' id='word_1_294' title='bbox 156 4114 233 4158; x_wconf 86' lang='lat' dir='ltr'>aare</span> <span class='ocrx_word' id='word_1_295' title='bbox 254 4096 281 4157; x_wconf 86' lang='lat' dir='ltr'>a</span> <span class='ocrx_word' id='word_1_296' title='bbox 299 4094 388 4176; x_wconf 88' lang='lat' dir='ltr'>parti</span> <span class='ocrx_word' id='word_1_297' title='bbox 404 4096 488 4176; x_wconf 89' lang='lat' dir='ltr'>pris,</span> <span class='ocrx_word' id='word_1_298' title='bbox 511 4098 572 4159; x_wconf 89' lang='lat' dir='ltr'>soit</span> <span class='ocrx_word' id='word_1_299' title='bbox 592 4097 628 4158; x_wconf 90' lang='lat' dir='ltr'>de</span> <span class='ocrx_word' id='word_1_300' title='bbox 649 4096 675 4157; x_wconf 83' lang='lat' dir='ltr'>te</span> <span class='ocrx_word' id='word_1_301' title='bbox 696 4094 855 4175; x_wconf 81' lang='lat' dir='ltr'>deaiprer,</span> <span class='ocrx_word' id='word_1_302' title='bbox 879 4093 936 4157; x_wconf 91' lang='lat' dir='ltr'>soit</span> <span class='ocrx_word' id='word_1_303' title='bbox 956 4096 990 4158; x_wconf 86' lang='lat' dir='ltr'>de</span> <span class='ocrx_word' id='word_1_304' title='bbox 1010 4093 1094 4178; x_wconf 72' lang='lat' dir='ltr'>faire</span> <span class='ocrx_word' id='word_1_305' title='bbox 1115 4112 1172 4157; x_wconf 88' lang='lat' dir='ltr'>soa</span> <span class='ocrx_word' id='word_1_306' title='bbox 1200 4113 1274 4174; x_wconf 90' lang='lat' dir='ltr'>apo·</span> 
     </span>
     <span class='ocr_line' id='line_1_35' title="bbox 158 4192 291 4274; baseline -0.03 -18"><span class='ocrx_word' id='word_1_307' title='bbox 158 4192 251 4274; x_wconf 79' lang='lat' dir='ltr'>iopie.</span> <span class='ocrx_word' id='word_1_308' title='bbox 273 4215 291 4252; x_wconf 82' lang='grc' dir='ltr'>ιι</span> 
     </span>
    </p>
   </div>
   <div class='ocr_carea' id='block_1_6' title="bbox 1096 4294 1135 4360">
    <p class='ocr_par' dir='ltr' id='par_1_6' title="bbox 1096 4294 1135 4360">
     <span class='ocr_line' id='line_1_36' title="bbox 1096 4294 1135 4360; baseline 0.026 -1"><span class='ocrx_word' id='word_1_309' title='bbox 1096 4294 1135 4360; x_wconf 82' lang='grc'>12</span> 
     </span>
    </p>
   </div>
   <div class='ocr_carea' id='block_1_7' title="bbox 0 0 1448 4784">
    <p class='ocr_par' dir='ltr' id='par_1_7' title="bbox 0 0 1448 4784">
     <span class='ocr_line' id='line_1_37' title="bbox 0 0 1448 4784; baseline 0 1"><span class='ocrx_word' id='word_1_310' title='bbox 0 0 1448 4784; x_wconf 95' lang='lat' dir='ltr'> </span> 
     </span>
    </p>
   </div>
  </div>
 </body>
</html>
