2886 4784
1232 353 1273 423 93

240 448 391 513 Profecto
413 449 482 512 lieri
506 467 569 512 non
590 452 720 528 potnit,
753 458 789 513 ut
820 469 939 515 novom
965 458 1123 517 statutum
1156 467 1268 520 contra

157 549 278 634 Moysis
303 550 506 614 tolerantiam
523 552 562 614 de
577 553 718 633 conjugii
741 554 971 617 insolubilitate
993 558 1152 619 nescirent
1173 558 1264 622 disci·

157 653 239 732 puli,
263 654 349 732 qnod
372 672 435 717 non
456 657 648 734 ignorarunt
669 656 840 734 pharisaei.
864 655 1079 737 Proindeque‚
1104 661 1129 720 si
1151 658 1264 723 lesum

157 753 198 816 de
219 754 279 816 bac
301 773 335 816 ro
357 757 599 833 interrogarunt
621 756 768 834 discipuli
790 766 977 836 stupentes,
1001 759 1187 839 hujusmodi
1219 763 1265 822 in-

159 858 335 935 terrogatio
357 875 420 920 non
436 858 625 920 vertebatur
639 858 678 920 de
694 859 841 938 dogmate
857 861 1045 940 praecipuo,
1061 862 1114 923 sed
1135 863 1174 925 de
1189 881 1267 942 qna·

158 956 232 1019 dam
253 961 382 1036 speciali
405 960 549 1038 ejusdem
572 961 824 1036 circumstantia,
854 963 995 1025 nondum
1018 965 1062 1025 eis
1082 966 1158 1027 satis
1180 973 1268 1041 nota,

159 1062 265 1139 quoad
291 1064 396 1124 mariti
422 1080 496 1124 eum
519 1080 624 1124 uxore
645 1065 843 1126 societatem.
870 1062 1008 1142 Propter
1028 1082 1126 1143 quam
1148 1063 1268 1139 Jesus,

145 1160 236 1224 inito
259 1163 414 1243 conjugio
436 1172 468 1225 et
490 1164 619 1243 quidem
642 1164 867 1240 indissolubili,
886 1173 1032 1227 mutuam
1056 1167 1139 1228 inter
1160 1167 1272 1246 conju·

161 1282 214 1342 ges
239 1266 331 1328 valde
360 1269 585 1328 commendans
616 1266 895 1343 benevolentiam,
932 1267 1130 1330 alterutrum
1159 1269 1272 1331 statuit

158 1366 208 1427 sni
231 1367 379 1446 eorporis
402 1385 463 1429 noo
486 1367 606 1429 babere
627 1375 840 1446 potestatem=
865 1377 897 1430 et
918 1368 991 1430 hino
1014 1368 1154 1430 alterum
1177 1368 1272 1430 alteri

161 1485 286 1528 morem
308 1485 424 1546 gerere
445 1468 576 1543 debere,
591 1469 708 1547 quovis
731 1474 841 1530 amoto
864 1475 1036 1548 praetextu
1059 1469 1125 1531 sive
1142 1469 1203 1530 viri
1225 1486 1275 1531 er·

160 1587 196 1647 ga
221 1587 371 1644 uxorem,
396 1570 447 1633 vel
470 1571 583 1633 uxoris
604 1589 680 1650 erga
705 1571 823 1644 virum,
846 1588 884 1632 ac
906 1572 1164 1651 uniuscujusque
1186 1569 1274 1632 dele·

158 1672 230 1725 ctus
254 1663 404 1725 mandans
428 1660 564 1726 vicissim
586 1663 736 1726 ferendos
758 1682 849 1739 osse,
868 1664 957 1726 nulla
979 1665 1116 1727 admissa
1140 1680 1276 1727 excusa·
1304 1678 1308 1682 ⁴

163 1765 250 1826 tione
271 1767 355 1828 eirca
379 1765 522 1827 debitum
545 1765 716 1845 conjugale
737 1773 769 1827 et
790 1767 898 1848 jugem
915 1765 1200 1839 cohabitationem,
1219 1782 1276 1826 ex·

162 1875 254 1941 cepta
278 1884 373 1928 causa
396 1864 571 1939 adulterii,
594 1864 779 1943 etquidem
803 1873 899 1940 nota,
923 1884 964 1927 ex
988 1866 1132 1927 mulieris
1155 1872 1272 1942 parte3

160 1985 263 2045 quare
286 1969 420 2030 maritus
438 1967 516 2047 jure
536 1976 708 2044 separatur
729 1967 769 2027 ab
792 1984 920 2038 uxore,
944 1967 1042 2045 ipsius
1066 1967 1168 2026 vitans
1198 1983 1276 2027 con·

160 2069 321 2142 sortium,
352 2086 391 2129 ne
425 2067 620 2129 matrimonii
650 2067 801 2130 sanctitas
824 2067 977 2130 violetur.
1001 2065 1048 2130 De
1069 2068 1132 2131 boo
1164 2048 1276 2145 itaque

164 2170 271 2232 mirati
292 2169 461 2248 discipuli,
484 2169 580 2249 plura
601 2169 802 2230 incommoda
824 2168 959 2231 scientes
981 2168 1129 2230 comitari
1151 2185 1274 2230 connu-

160 2272 271 2344 bium,
295 2289 380 2348 qnae
400 2290 418 2333 a
441 2271 621 2352 conjugatis
656 2269 787 2332 terenda
818 2278 945 2343 essent,
978 2287 1036 2333 nac
1059 2269 1128 2333 nlla
1151 2272 1278 2332 ratione

162 2374 302 2442 vitanda,
326 2373 479 2436 dixerunt
500 2372 603 2447 lesu,
625 2389 691 2436 non
711 2370 856 2450 eepedire
876 2370 1009 2443 nubem
1032 2390 1094 2432 non
1118 2388 1195 2434 vero
1219 2371 1275 2434 ob·

160 2482 379 2548 stupescentes
401 2474 439 2534 de
462 2474 609 2536 absoluta
632 2474 773 2554 coniugii
803 2473 1047 2546 insolubilitate,
1063 2489 1162 2551 qnam
1178 2479 1274 2536 antea

161 2584 392 2652 cognoverant,
416 2576 510 2637 sicuti
533 2585 564 2638 et
585 2576 711 2639 scribae
734 2582 767 2638 et
788 2575 963 2656 pharisaei.

245 2676 429 2752 Praeterea,
447 2685 482 2739 ut
498 2677 596 2755 magis
618 2676 743 2755 fulgeat
762 2695 866 2739 nexus
881 2675 1033 2739 dominici
1048 2676 1205 2739 sermonis
1223 2693 1273 2738 ro-

162 2779 228 2839 iate
249 2779 288 2838 ad
312 2777 499 2859 conjuginm
520 2779 636 2855 quavis
651 2778 689 2839 de
703 2795 799 2850 cansa
822 2776 1007 2851 insolubile,
1023 2783 1056 2838 et
1070 2776 1144 2838 binc
1165 2782 1277 2854 pateat

162 2882 281 2953 verba,
303 2879 358 2960 qni
378 2877 534 2942 dimiserit
556 2897 685 2940 uxorem
706 2898 811 2951 suom,
829 2887 957 2956 excepto
977 2897 1075 2940 eausa
1093 2875 1277 2958 fornicatio·

163 2981 227 3053 nis,
249 2982 416 3061 faciteam
436 2976 616 3050 moechari,
638 2996 701 3041 non
723 2997 791 3040 esse
823 2980 910 3040 ultra
944 2979 1096 3040 terminos
1126 2977 1273 3042 delinitos

164 3084 377 3162 exponenda,
399 3084 521 3146 scilicet
543 3099 606 3145 non
635 3083 722 3145 ultra
755 3082 886 3143 thalami
916 3081 1151 3159 separationem
1174 3080 1269 3142 unius
1367 3088 1373 3100 '

164 3186 205 3247 ab
226 3187 343 3259 altero,
366 3184 527 3265 coniugali
561 3193 665 3246 tamen
689 3183 817 3246 vinculo
841 3181 1006 3260 usquead
1030 3181 1124 3243 onius
1145 3181 1269 3242 obitum

165 3296 405 3367 perseverante,
427 3287 542 3349 sedulo
564 3284 801 3365 expendantur,
824 3301 907 3363 quae
930 3283 996 3362 ipse
1016 3280 1113 3344 Jesus
1139 3281 1276 3362 praemi·

163 3391 204 3452 sit
237 3409 277 3451 ex
309 3387 424 3452 Genesi
455 3395 605 3467 sumpta:
628 3396 656 3449 et
676 3394 770 3448 erunt
799 3387 862 3447 duo
889 3383 925 3446 in
957 3401 1052 3446 carno
1082 3401 1160 3446 ona.
1185 3379 1277 3458 Quod

164 3509 237 3570 erpo
260 3489 344 3552 Deus
364 3488 559 3570 conjunxit,
588 3488 677 3551 bomo
708 3506 773 3550 non
793 3496 925 3566 separer.
949 3486 1031 3550 Cum
1052 3486 1136 3548 enim
1160 3486 1222 3548 vita
1245 3494 1278 3547 et

164 3611 254 3656 mors
275 3594 307 3655 in
329 3611 427 3656 mann
449 3591 506 3655 Dei
527 3594 611 3668 sint3
636 3590 756 3654 ideireo
779 3589 1001 3652 tantummodo
1030 3606 1117 3650 mors
1147 3595 1277 3665 separat

164 3697 273 3760 virum
295 3696 335 3756 ab
359 3712 463 3757 uxore
484 3703 516 3756 et
539 3695 687 3756 vicissim.
705 3690 793 3755 Deus
810 3696 934 3756 creavit
953 3691 1134 3754 masculum
1157 3697 1188 3751 et
1211 3689 1277 3753 loe·

165 3800 306 3861 minam:
332 3816 453 3877 eosque
474 3798 550 3859 item
569 3795 679 3876 iunxit
702 3795 888 3877 hujusmodi
912 3795 1063 3869 vinculo,
1086 3811 1123 3855 ne
1150 3798 1279 3871 separa·

164 3907 289 3964 rentur.
314 3897 414 3962 Sicuti
437 3898 524 3961 llens
545 3905 594 3958 est
614 3905 731 3961 auctor
752 3916 866 3961 eorum
899 3896 1154 3977 conjunctionis,
1178 3895 1220 3955 ita
1244 3900 1277 3955 et

164 4002 354 4066 eorumdem
377 3999 598 4080 separationis.
622 3999 727 4075 Quam
759 4000 1017 4079 separationem,
1049 4015 1124 4059 eum
1156 3997 1187 4056 in
1217 4013 1276 4056 sna

164 4113 324 4183 potestate
353 4106 416 4178 sit,
446 4121 508 4165 non
530 4103 649 4167 homini
672 4104 830 4164 commisit
851 4099 938 4163 Dens
955 4144 964 4176 ,
980 4101 1033 4162 sed
1056 4101 1113 4160 sibi
1139 4099 1275 4160 vindica·

166 4207 232 4268 vit:
248 4205 338 4265 bomo
358 4221 422 4264 non
444 4210 577 4281 separet,
598 4211 727 4281 separet
749 4199 846 4265 Dens.
864 4200 910 4263 tle
931 4201 1018 4274 ideo,
1039 4217 1113 4261 cum
1135 4198 1202 4278 ipse
1226 4215 1279 4258 ve·
