2886 4784
164 448 194 511 rl
212 456 396 514 auctorem.
420 445 468 511 lta
490 446 573 511 enim
595 446 772 512 arbitratus
795 455 847 513 ast¹
863 447 1009 514 imminui
1034 450 1109 514 libri
1136 351 1280 517 momoffi

167 557 250 615 tum.
272 549 334 614 Sed
356 549 492 614 trusus.
517 547 558 629 (⁹)

244 636 286 713 Et
306 652 337 712 in
358 652 469 731 primia
492 650 578 714 baud
610 653 827 716 necessarium
860 652 945 718 duco
969 652 1065 718 talem
1087 653 1280 738 Hieronymi

162 751 319 816 refellere
339 752 553 829 sententiam,
576 770 651 816 cum
675 759 801 817 veteres
819 758 996 837 scriptores
1024 774 1088 819 una
1118 757 1285 820 fateantur

162 870 189 916 a.
213 853 419 933 Pamphilum
442 853 584 932 primum
606 871 644 916 ac
665 853 780 916 deinde
812 872 888 918 cnm
921 875 961 920 eo
993 857 1169 922 Eusebium
1201 860 1283 922 bane

162 952 319 1018 conflasse
340 955 555 1035 Apologiam:
579 975 637 1019 nec
659 956 749 1018 ullus
771 968 902 1035 praeter
935 957 1169 1041 Hieronymum
1205 961 1282 1025 huic

162 1055 331 1119 inficiatur
350 1059 504 1136 opinioni.
529 1056 601 1121 Non
617 1060 700 1121 enim
720 1060 813 1120 video
829 1078 890 1123 sur
902 1058 1050 1123 Ruffiuus
1065 1063 1174 1142 potina
1190 1062 1282 1126 Pam·

162 1158 254 1236 philo
276 1175 373 1238 quam
395 1158 538 1222 Eusebio
559 1141 766 1239 adscripserit
787 1159 899 1240 Opus:
924 1180 982 1223 nec
1005 1165 1080 1225 item
1105 1164 1197 1227 video
1219 1182 1282 1227 cur

164 1257 325 1322 Eusebius
347 1260 467 1323 dixerit
488 1279 522 1324 se
542 1271 671 1324 sextum
703 1262 906 1341 Apologetici
936 1262 1059 1326 librum
1090 1266 1280 1344 scripsisse,

161 1375 200 1422 ac
221 1362 348 1440 priores
380 1362 523 1442 quinque
557 1363 716 1442 redegisse
748 1365 888 1426 maxime
913 1383 939 1426 s.
964 1362 1182 1443 Pamphilum.
1214 1363 1283 1429 Nec

162 1465 240 1533 item
263 1464 359 1525 video
380 1481 441 1526 our
464 1463 637 1539 Eusebius,
656 1482 729 1527 cnm
752 1464 793 1525 eb
814 1464 927 1526 eodem
951 1473 1097 1544 tempore
1120 1467 1280 1546 Apologia

160 1583 278 1629 nomen
298 1565 478 1644 praeferret
499 1565 671 1645 Pamphili,
694 1566 750 1645 qni
774 1567 855 1627 bano
878 1567 1033 1629 iratribus
1053 1569 1120 1629 suis
1141 1568 1180 1629 ad
1209 1588 1275 1631 mo-

162 1668 241 1730 talla
265 1668 446 1741 damnatis,
467 1668 576 1743 dedit,
600 1686 662 1730 non
696 1669 789 1730 video
820 1687 882 1731 cur
910 1665 1094 1732 Historicus
1122 1688 1280 1750 personae

161 1786 254 1845 suae,
270 1769 443 1833 conditioni
462 1776 494 1832 et
511 1771 760 1831 circumstantiis
783 1773 934 1833 mentitus
955 1772 1008 1846 sit,
1032 1773 1168 1834 alteram
1187 1773 1279 1835 Pam·

161 1872 240 1951 pbili
263 1890 427 1935 assumens
448 1889 631 1950 personatu,
654 1879 686 1933 ct
708 1873 831 1934 cunctis
852 1872 1014 1947 illudens,
1037 1876 1114 1953 quin
1139 1882 1216 1937 tunc
1238 1874 1276 1935 il·

159 1971 224 2034 lius
247 1973 453 2035 revelaretur
473 1973 577 2036 dolus.
595 1972 664 2036 Nec
685 1973 816 2049 insuper
833 1972 926 2033 video
945 1973 976 2034 in
994 1973 1133 2036 Eusebio
1149 1974 1275 2048 dolum,

160 2089 228 2152 quo
248 2072 426 2136 lectoribus
446 2074 613 2148 illuderet,
637 2075 720 2134 iuter
740 2073 803 2134 alia
827 2090 970 2135 asserens
993 2071 1167 2154 Origencm
1189 2082 1280 2136 recta.

159 2173 309 2237 docuisse
331 2192 369 2237 ac
400 2193 474 2239 cnm
508 2178 625 2254 pietate
658 2180 835 2237 mortuum.
860 2171 1011 2237 Fortasse
1043 2177 1274 2255 suspicandum
1384 2203 1387 2207 ’

159 2285 220 2350 est,
244 2273 435 2350 Eusebium,
459 2277 593 2338 excluso
618 2275 809 2354 Pamphilo,
833 2282 942 2354 partes
964 2278 1144 2356 suscepisse
1167 2274 1282 2357 Orige-

159 2376 207 2438 nis
221 2377 375 2447 errantis,
392 2377 484 2456 qnasi
507 2377 573 2454 ipse
594 2376 710 2438 similia
733 2375 946 2455 profiteretur
966 2376 1063 2455 impia
1087 2383 1120 2439 et
1141 2376 1281 2439 absurda

159 2475 341 2555 dognista'l
363 2476 466 2539 Absit.

140 2601 142 2606 s
250 2575 471 2652 Quamobrem
497 2577 573 2638 alibi
595 2577 627 2636 in
648 2574 751 2640 Tomo
774 2577 831 2641 lll.
856 2598 898 2642 er
922 2596 963 2641 ss.
994 2578 1143 2641 Patribus
1174 2585 1206 2640 et
1236 2596 1279 2641 ex

157 2679 251 2741 libris
270 2681 337 2742 suis
358 2681 400 2741 ab
420 2681 543 2742 erroris
565 2687 638 2740 nota
665 2679 898 2742 vindicavimus
921 2677 1109 2755 Eusebium,
1135 2679 1280 2742 testimo·

157 2781 212 2842 nio
233 2782 284 2842 usi
305 2781 453 2853 illorum,
476 2781 531 2858 qui
553 2776 683 2863 Synodo
704 2780 856 2842 nicaenae
876 2779 1108 2842 iuterfuerunt.
1131 2777 1277 2842 Alexan-

156 2880 217 2942 der
238 2872 473 2964 alexandrinus
488 2881 519 2942 in
542 2874 677 2958 epistola
700 2889 791 2942 notat
803 2923 815 2954 ,
836 2881 892 2959 qui
913 2880 954 2941 ab
978 2877 1123 2943 Ecclesia
1151 2879 1278 2943 deiece-

158 2990 250 3054 rnut,
274 2983 344 3044 Arii
364 2983 561 3060 discipulns;
584 2990 616 3042 et
637 2982 677 3042 ab
700 2982 747 3043 bis
769 2981 915 3043 excludit
932 2979 1108 3042 Eusebium
1130 2977 1281 3056 Pampbi·

155 3083 239 3146 lum.
262 3081 410 3145 Socrates
432 3085 463 3145 in
485 3081 583 3145 Libro
608 3081 631 3144 l.
656 3080 737 3144 Hist.
763 3081 851 3144 Eccl.
875 3081 956 3144 duos
984 3088 1142 3142 memorat
1176 3079 1278 3143 Euse-

156 3184 241 3259 bius,
265 3203 365 3248 nuum
387 3183 595 3247 Nicomediae
619 3186 805 3262 episcopum
833 3183 979 3245 factionis
1004 3184 1135 3243 arianae
1157 3184 1275 3260 princi·

158 3285 257 3364 pe'm3
279 3293 311 3349 et
331 3284 473 3347 alterum
495 3282 673 3347 Eusebium
707 3282 911 3362 Pamphilum
943 3281 1122 3346 Caesareae
1152 3281 1275 3344 antisti·

159 3398 248 3462 tem,
271 3388 326 3465 qui
348 3388 500 3448 nicaenae
526 3385 598 3448 fidei
625 3388 826 3465 subscripsit.
860 3383 1015 3464 Deinceps
1043 3385 1074 3445 io
1102 3382 1202 3446 Libro
1232 3381 1274 3445 ll.

155 3503 186 3550 c.
209 3482 329 3548 xvttt.
352 3484 492 3583 miratur
512 3500 573 3547 cnr
596 3482 755 3548 Eusebius
777 3489 811 3546 et
832 3481 1023 3547 Eustatbius
1050 3485 1134 3546 inter
1163 3501 1198 3546 se
1231 3482 1278 3542 di·

236 3739 268 3812 (*)
288 3738 429 3796 Eusebius
447 3741 478 3795 in
495 3739 582 3798 Libro
600 3740 652 3798 vi.
675 3740 712 3799 lic
728 3754 847 3816 praepos.
868 3735 1026 3812 Encopslicc
1049 3752 1074 3792 c.
1094 3734 1148 3791 IX.
1168 3733 1274 3808 Orige-

158 3831 207 3888 uis
233 3831 427 3889 testimonium
451 3832 586 3890 maerens
609 3831 713 3888 Fatum
731 3833 842 3900 citans,
861 3831 901 3886 ita
921 3827 1063 3903 praeuenit
1085 3826 1161 3882 illius
1185 3825 1275 3882 dicta:

159 3949 174 3978 a
196 3925 313 3981 Audisti
331 3925 434 3999 quippe
453 3931 575 3999 quantus
592 3924 649 3982 fnit
665 3924 713 3981 ille
731 3922 888 3997 Origenes,
909 3938 993 3996 quem
1012 3938 1068 3976 nou
1091 3918 1273 3993 negaverim,

154 4017 302 4074 laboribus
321 4019 380 4075 suis
399 4035 561 4092 persuasus,
575 4018 709 4075 ineffabili
727 4023 854 4074 aeternae
872 4016 976 4090 gloriae
994 4013 1038 4069 uti
1056 4011 1179 4086 gaudio:
1193 4027 1276 4083 quem

154 4110 310 4167 exteriores
332 4114 415 4168 etiam
436 4118 548 4184 propter
560 4110 718 4167 'mirabilem
736 4110 766 4164 in
786 4109 863 4166 omni
885 4123 988 4181 genera
1008 4122 1101 4161 rerum
1121 4104 1274 4160 doctrinam

153 4201 276 4258 minime
295 4203 435 4276 ignorant.
459 4224 472 4252 o
