2886 4784
1240 338 1281 407 bl

158 443 296 508 inimicis
318 443 558 525 propugnavit:
583 443 674 504 nimis
698 443 817 505 durnin
844 443 927 506 toret
956 451 989 505 et
1019 458 1115 505 snnne
1151 443 1283 506 criticae

162 547 252 626 leges
285 545 635 624 praetergrederetur,
660 545 691 605 ln
710 542 870 624 judicium
901 562 1017 607 vocure
1041 544 1219 608 Auctorem
1241 545 1284 606 ob

162 647 338 712 nonnullas
359 646 515 709 obscuras
539 646 589 706 rel
612 645 726 706 dubias
747 645 787 704 de
810 646 871 706 boe
892 643 1051 728 Mysterio
1070 644 1281 708 locutioncsr

160 748 287 821 cibas,
309 749 428 810 ceteris
449 746 670 809 sincerissimis
692 746 858 825 neglectis,
882 746 986 808 eidem
1008 745 1171 826 objicere,
1193 763 1284 809 eum·

161 849 383 930 que-demum
407 857 443 912 ut
465 848 665 910 hoereticum
688 845 978 912 condemnare..Et
1012 847 1051 909 ad
1083 848 1145 910 boc
1175 847 1283 910 solnm

160 950 336 1014 reducitur
358 957 424 1014 totu
445 950 486 1010 de
507 947 648 1028 Origene
670 951 818 1027 quaestio
839 949 924 1011 eirca
959 947 1087 1011 divinae
1117 946 1283 1010 Trinitatis

162 1051 346 1115 doctrinam
368 1051 400 1112 ln
421 1051 488 1114 suis
508 1051 636 1130 scriptis
658 1062 845 1130 expressam
866 1047 920 1128 (ii.

247 1149 428 1232 Alioquin,
450 1153 476 1214 si
498 1152 541 1214 ob
562 1151 717 1232 quasdam
739 1151 888 1231 Origeuts
920 1151 1074 1214 dictiones
1106 1150 1241 1214 seorsim
1261 1162 1280 1212 u

161 1257 344 1328 contextu,
368 1263 400 1315 et
421 1253 540 1316 omisso
560 1254 695 1316 illarum
715 1253 861 1316 studioso
883 1254 1031 1316 examine
1052 1253 1062 1332 t
1074 1253 1105 1316 in
1126 1271 1194 1333 quo
1215 1268 1281 1312 ms·

163 1355 254 1417 xime
276 1353 481 1417 offenderunt
501 1357 716 1435 interpretes)
739 1363 912 1434 arguatur,
934 1355 1053 1419 nedum
1073 1361 1200 1418 veteres
1222 1350 1282 1415 Pa·

165 1461 256 1530 tres,
276 1454 344 1536 jam
367 1455 454 1531 dixi,
478 1455 694 1536 rednrgnendi
723 1467 848 1530 essent,
870 1457 925 1520 sed
947 1465 979 1520 et
1000 1457 1196 1520 recentiores
1219 1452 1282 1518 Ec·

161 1555 454 1619 clesiaedoetnres
473 1556 528 1618 sed
552 1563 585 1618 et
605 1559 673 1638 ipse
689 1556 783 1620 dirus
798 1555 956 1636 Tbomas3
972 1566 1004 1620 et
1020 1558 1159 1637 amplius
1180 1555 1279 1637 (mibi

164 1657 329 1735 donetur)
351 1656 555 1735 Evangelista
578 1654 719 1721 ioannes
740 1657 885 1721 eamdem
907 1659 1032 1722 subiret
1059 1657 1283 1739 reprehensio·
1388 1665 1390 1670 ’

164 1770 255 1833 nem,
271 1774 348 1822 cunr
367 1759 556 1838 scripserltr
573 1757 672 1822 Pater
691 1758 797 1840 major
817 1776 863 1822 me
878 1771 931 1822 est.
948 1759 997 1823 Eo
1013 1762 1113 1840 magis
1133 1762 1279 1839 iuquam,

162 1857 253 1940 quod
273 1860 344 1940 ipse
364 1857 533 1922 conlectus
552 1865 623 1934 est,
645 1876 873 1940 quaecumque
901 1860 1035 1923 dixisset
1059 1860 1099 1922 de
1120 1861 1183 1923 boc
1203 1860 1281 1939 dog·

166 1971 264 2035 mute,
288 1960 369 2022 idest
389 1960 558 2040 quibusvis
581 1962 747 2024 vocubulis
768 1979 847 2024 usus
869 1961 973 2037 toret,
997 1963 1103 2025 minus
1123 1969 1212 2025 certe
1233 1963 1280 2023 in·

161 2059 287 2135 dicare,
308 2077 407 2140 quarn
431 2061 613 2139 postularet
632 2063 772 2124 altitudo
798 2060 956 2144 Mysterii.
986 2060 1028 2124 Et
1057 2062 1130 2125 binc
1162 2064 1279 2125 merito

161 2161 371 2238 concludam,
393 2163 424 2224 in
447 2163 507 2225 bac
527 2151 716 2243 quaestione
744 2163 891 2242 iniquum
924 2164 1092 2242 reputari,
1114 2172 1279 2226 errantem

164 2262 344 2342 reprobare
365 2261 538 2341 Origenem
550 2284 561 2342 3
584 2265 638 2327 sed
661 2263 736 2327 illos
766 2273 912 2326 errantes
944 2267 1052 2343 potius
1075 2259 1200 2339 rideri,
1221 2267 1279 2343 qni
1303 2278 1304 2281 ’

162 2379 277 2429 coram
298 2363 472 2444 splendidis
494 2365 583 2428 lllius
603 2365 879 2430 declarationibus
911 2366 1103 2440 obcoecati,
1126 2365 1280 2428 nonnulla

164 2467 199 2529 in
221 2465 288 2528 suis
308 2465 399 2528 libris
423 2465 580 2529 voeabula
604 2467 711 2529 rimati
732 2476 830 2542 sunt,
851 2484 980 2530 sensum
1010 2467 1130 2530 eisdem
1161 2465 1280 2530 adscri-

161 2565 289 2642 bentes,
309 2566 352 2628 ab
372 2567 460 2630 illius
482 2576 643 2648 conceptu
665 2576 696 2629 et
720 2567 781 2630 ilde
803 2587 938 2647 prorsus
958 2570 1113 2632 alienum.

242 2663 273 2731 2.
291 2666 366 2731 Post
386 2668 465 2732 baec
486 2687 561 2732 cum
576 2686 604 2732 c.
622 2669 756 2732 Censori
775 2671 879 2734 visum
895 2670 956 2734 luit
970 2669 1279 2751 Semipclagianismi

160 2769 283 2833 sentina
306 2771 447 2833 revelari
468 2772 500 2832 in
522 2769 720 2834 Pericrcbon
742 2774 855 2849 libris,
879 2773 965 2836 haud
988 2775 1016 2836 ei
1040 2761 1235 2852 displiceat,
1252 2772 1279 2833 si

161 2870 324 2950 quaedam
347 2872 400 2948 (in
422 2868 524 2935 Tomn
547 2869 589 2935 ll.
612 2875 857 2952 praetermissa)
879 2875 910 2936 in
933 2876 994 2937 linc
1015 2874 1090 2937 loco
1110 2873 1300 2948 addidero,

161 2988 229 3035 non
251 2980 363 3036 contra
385 2991 460 3036 eum
483 2971 636 3035 dimicans
656 2973 712 3037 sed
735 2976 891 3039 adversus
914 2974 1091 3038 Hnetium:
1109 2977 1164 3055 qui
1183 2976 1214 3036 in
1229 2971 1280 3036 nt.-

162 3071 226 3135 bro
247 3071 290 3136 ll.
315 3069 601 3152 Oriqcnidnorum,
625 3071 822 3150 Quaestione
844 3071 917 3137 Vll.
941 3093 970 3136 n.
995 3071 1043 3138 tn
1065 3074 1105 3137 de
1127 3075 1189 3136 boc
1208 3072 1283 3136 Ori·

161 3176 251 3256 genis
272 3191 387 3239 errore
407 3174 547 3253 scripsit,
569 3177 799 3240 animadversis
822 3177 1008 3257 praecipue,
1031 3193 1115 3256 quae
1139 3173 1280 3237 Valenti·

164 3294 220 3352 no,
244 3270 388 3353 Basttttt,
412 3284 443 3338 et
465 3274 623 3340 Marcioni
646 3281 798 3360 opposuit
818 3278 858 3341 do
879 3279 1040 3341 creaturis
1067 3275 1279 3341 rationalibus

162 3378 197 3440 in
219 3374 317 3440 Libro
342 3378 365 3439 Ι.
389 3397 417 3441 c.
443 3374 513 3440 vlt.
530 3387 563 3442 et
584 3380 616 3441 ln
637 3378 736 3443 Libro
752 3378 808 3442 ill.
826 3400 853 3443 c.
870 3379 895 3444 l.
912 3399 941 3442 ιι.
955 3376 1006 3446 110.
1024 3376 1075 3443 bt.
1092 3377 1176 3441 unde
1192 3374 1280 3439 llue-

163 3481 230 3542 tlus
252 3479 338 3542 idem
359 3482 560 3544 occasionem
581 3473 720 3560 sumpsit
741 3483 834 3545 illum
857 3481 1073 3546 insimulandi.
1096 3475 1208 3555 Quare
1235 3478 1280 3536 in·
1377 3462 1384 3473 ¹

162 3590 217 3645 ter
236 3590 345 3643 cetera
368 3583 504 3644 scribit:
528 3603 544 3640 c
567 3580 697 3644 Nonum
720 3584 818 3646 modo
837 3584 969 3646 secundi
990 3583 1078 3648 Libri
1103 3579 1280 3662 11111ιίΜὶ-

153 3679 228 3764 piis
249 3691 346 3761 caput
371 3683 471 3763 relegi
496 3684 614 3761 velim,
637 3685 668 3747 ln
694 3684 780 3765 qnod
814 3684 973 3765 dispersas
1007 3685 1082 3747 alibi
1115 3685 1282 3747 doctrinae

236 3905 270 3980 (Ἴ
289 3905 353 3961 dnm
371 3904 489 3963 arbitror
506 3905 639 3964 lectorem
657 3907 711 3964 sibi
728 3907 903 3982 persuudere,
920 3925 965 3966 me
982 3907 1018 3966 de
1035 3906 1190 3968 Pericrclton
1200 3905 1277 3964 locu·

162 4007 238 4069 tum,
258 4003 367 4056 textum
385 4016 519 4075 graecum
538 3999 696 4075 genuinum
714 4006 743 4057 ei
760 4001 915 4058 versionem
926 4000 1079 4076 genuinam
1087 3999 1206 4068 Rnffini,
1219 4015 1277 4054 nou

158 4109 229 4150 vero
247 4091 365 4148 alterum
389 4090 557 4167 Hieronymi
581 4092 712 4150 falsatum
737 4093 862 4151 codicem
886 4094 1063 4170 significem
1082 4092 1118 4151 de
1136 4109 1192 4168 quo
1210 4091 1276 4149 alibi

157 4186 315 4260 disputari,
336 4185 386 4244 sed
404 4185 488 4244 latius
505 4185 579 4243 inire
594 4185 871 4246 ‚disserendumcrit
