2886 4784
172 487 322 536 sermono
343 468 496 549 ipsorpni
517 470 743 548 exponebatur
763 485 779 532 n
803 470 905 542 nobis,
919 469 973 531 sed
998 474 1104 530 tomen
1118 469 1193 529 alini
1216 475 1288 534 aits.

169 568 357 653 quietemque
377 566 532 632 dimiserit
551 587 683 633 uxorem
696 589 786 634 sunm
800 567 866 632 misi
881 586 922 631 ra
931 585 1036 630 -ιιιιιιιι
1048 565 1287 649 fornicationis,

171 671 320 735 etodium
340 669 480 746 duxerit,
502 672 695 748 moechetur,
710 673 736 735 si
754 673 816 734 hoe
837 670 933 733 modo
954 669 1203 748 intelligendum
1218 678 1285 745 est,

172 772 431 854 ntnntenuque
452 788 550 835 eausa
572 772 794 836 fornicatiouis
814 771 990 846 dimiserit,
1012 777 1045 832 et
1065 770 1161 831 sliam
1183 769 1287 832 duxe-

171 874 238 950 rit,
259 891 323 937 non
344 872 564 948 moechetur,
586 890 649 937 nou
672 874 801 937 ridetur
822 873 853 934 in
876 873 936 934 hae
956 889 1053 934 erosa
1089 888 1148 950 per
1180 871 1285 933 torma

170 990 243 1040 erse
262 973 369 1037 mariti
390 981 424 1038 el
442 973 568 1037 uxoris.
591 971 862 1054 Quandoquidem
894 972 1013 1038 mulier
1041 973 1165 1035 etiamsi
1186 989 1285 1035 eausa

171 1073 394 1139 fornicationis
414 1074 596 1140 discesserit
617 1092 635 1137 a
659 1077 742 1153 viro,
764 1085 797 1138 et
817 1074 873 1136 alii
894 1076 1052 1153 nupserit,
1070 1075 1262 1138 moechatur
1270 1092 1283 1154 3

170 1177 225 1240 rit·
244 1181 354 1238 autem
374 1174 401 1238 ei
422 1175 534 1239 eadem
556 1193 653 1239 eausr
674 1193 814 1240 uxorem
832 1175 1001 1247 dimiserit,
1016 1183 1048 1237 et
1062 1175 1159 1237 aliam
1181 1174 1284 1238 duxe-

169 1277 228 1351 rit,
249 1293 312 1358 oon
334 1277 537 1341 moechatur.
562 1278 604 1342 tt
625 1277 651 1339 si
674 1294 733 1364 par
754 1275 859 1339 dorma
881 1275 983 1338 estin
1004 1281 1170 1356 utroque:
1197 1284 1298 1338 uter·-

169 1396 236 1459 que
258 1377 463 1456 moechatur,
478 1379 504 1442 si
526 1397 561 1443 so
581 1377 681 1442 alteri>
695 1377 853 1460 iunxerit,
871 1378 967 1440 etiam
987 1393 1063 1440 eum
1083 1394 1102 1438 a
1124 1375 1285 1453 fornican-

169 1489 202 1547 te
222 1498 258 1544 re
277 1479 482 1560 disjunxerit.
499 1479 613 1544 Parem
632 1497 711 1543 vero
731 1498 799 1543 esse
815 1479 952 1543 iormrm
973 1479 1005 1540 in
1026 1479 1087 1541 hnc
1108 1495 1204 1542 eausa
1223 1477 1282 1539 siri

166 1589 269 1662 atque
290 1578 434 1643 mulieris
455 1581 499 1643 ibi
519 1580 658 1644 ostendit
681 1580 857 1660 Apostolus
878 1579 987 1659 (quod
1017 1595 1113 1658 saepe
1142 1595 1286 1641 comme·

167 1680 362 1746 morandum
383 1682 454 1754 est)
468 1681 617 1745 obicum
640 1681 793 1744 dixissets
808 1698 893 1743 error
910 1699 974 1742 oon
995 1680 1084 1743 iniat
1098 1689 1283 1760 potestatem

166 1781 312 1865 eorporis
331 1781 395 1858 sui,
417 1785 470 1845 red
488 1781 563 1857 oir,
583 1783 701 1864 adjecit
721 1792 819 1862 atque
840 1783 905 1845 aits
929 1779 1079 1846 similiter
1097 1791 1127 1845 et
1145 1781 1197 1844 eir
1217 1799 1285 1845 ιιοιι

165 1886 452 1966 tetstpotssmtsm
472 1884 616 1966 eorporis
636 1882 701 1961 sui,
722 1886 777 1946 red
797 1883 922 1947 mulier.

249 2006 267 2046 ιι
291 1983 357 2050 mr
366 2002 439 2064 erpo
455 1983 585 2063 linquis)
598 1980 785 2063 interposuit
808 1981 979 2047 Dominum
994 1999 1125 2046 seusam
1140 1980 1293 2062 fornico-f

164 2082 279 2162 mortis,
293 2095 322 2148 et
334 2102 399 2148 ιιοιι
408 2084 516 2166 potius
529 2084 715 2166 peneruiitrr
735 2084 801 2147 uit:
822 2082 1011 2167 quicumque
1029 2081 1183 2148 dimiserit
1201 2103 1280 2146 uxo»

162 2203 231 2250 rem
250 2203 355 2260 suum,
374 2195 403 2249 et
422 2184 522 2248 ulium
543 2183 674 2250 auseis
693 2185 884 2260 moechatur,
905 2182 935 2246 ri
953 2194 981 2247 et
1001 2184 1057 2248 ille
1075 2185 1280 2248 meminissem

160 2287 234 2369 ptri,
254 2285 387 2352 dimissu
405 2285 585 2369 fornicante
606 2285 748 2362 muliare,
769 2287 903 2349 aiteram
922 2281 1040 2350 ducit?

247 2409 267 2449 ιι
287 2387 394 2466 Credo
415 2391 491 2469 quia
514 2389 609 2464 iliud,
626 2388 712 2469 quod
736 2388 839 2468 meins
860 2397 920 2463 este
937 2391 998 2452 hoe
1014 2386 1170 2452 Dominus
1189 2405 1278 2452 eom·

163 2507 353 2556 memorare
374 2490 489 2552 voluit.
512 2487 620 2571 Maius
640 2491 725 2552 enim
747 2488 946 2552 adulterium
967 2508 1036 2552 esse
1057 2491 1130 2570 quis
1158 2499 1276 2571 negat3

166 2608 277 2660 uxore
297 2608 361 2653 non
383 2590 561 2654 tornicante
583 2590 724 2665 dimissa,
742 2590 878 2652 niteram
894 2590 1027 2665 ducere,
1043 2598 1143 2670 quam
1162 2590 1188 2653 si
1210 2591 1290 2656 ror-2

162 2693 329 2759 uleaumm
345 2694 485 2773 quisque
506 2692 682 2766 dimiserit,
705 2699 737 2755 et
758 2700 836 2756 tune
856 2690 992 2757 alteram
1023 2692 1181 2758 duxerit?
1202 2691 1275 2759 Nou

160 2793 240 2876 quia
261 2800 295 2855 et
315 2793 377 2855 noo
398 2792 597 2856 adulterium
618 2809 682 2854 oon
707 2800 776 2866 est,
799 2790 854 2856 sed
875 2794 953 2872 quia
974 2794 1079 2859 miuus
1099 2802 1174 2872 est,
1197 2794 1275 2872 ιιιιί,Ι

162 2893 344 2957 fornicante
365 2892 505 2967 dimisse,
527 2893 630 2955 altera
650 2892 832 2956 ducitur».

189 2990 394 3056 -lleinde'
385 3009 417 3054 ru
438 3009 470 3053 n.
486 2987 536 3058 12.
551 2993 677 3057 subdit.
695 2991 799 3055 «Nou
814 3002 922 3059 autem
938 2994 1044 3074 (sieut
1065 2993 1172 3058 neseio
1193 3011 1275 3075 qur·

162 3093 279 3158 retitui
302 3096 406 3159 risum
427 3093 497 3172 est)
518 3111 592 3157 enm
610 3091 776 3173 Evangelii
790 3096 967 3160 seeundum
984 3093 1275 3159 llrttlsaeutn‘rer·⁴
1400 3080 1404 3087 ’

145 3194 420 3275 4ιιιιιιιιὌιιιιειιι,
437 3182 638 3272 praetermisi
653 3193 740 3274 quod
761 3195 919 3277 scriptum
939 3203 987 3258 est
1007 3204 1037 3257 st
1056 3192 1157 3256 ulium
1174 3194 1290 3257 dare·-

159 3290 226 3366 rit,·
242 3303 276 3357 et
295 3296 342 3357 sir
362 3294 429 3356 dixi
441 3292 646 3357 >mussitatum
668 3294 723 3356 sed
745 3313 783 3358 ea
807 3294 903 3359 verita
926 3296 1032 3376 posui,
1047 3313 1133 3375 quse
1154 3296 1185 3356 iu
1205 3312 1273 3358 ser·

161 3413 258 3456 niune
277 3395 337 3456 illo
359 3394 488 3474 prolixo
509 3395 675 3472 leguntur,
692 3413 789 3475 quem
804 3394 961 3461 Dominus
975 3397 1088 3460 habuit
1103 3397 1134 3458 in
1150 3402 1269 3458 moute.

162 3493 259 3560 Hune
278 3498 362 3559 enim
386 3497 589 3560 tractandum
610 3514 832 3574 susceperam,
848 3516 932 3576 quae
950 3497 1048 3560 verba
1071 3497 1139 3561 illie
1160 3499 1204 3560 itu
1227 3497 1272 3559 le·

156 3608 293 3676 guntur,
309 3606 346 3659 ut
367 3597 472 3674 posui,
496 3596 588 3670 idest,
611 3595 801 3676 quicumque
820 3595 979 3661 dimiserit
1002 3615 1136 3660 uxorem
1150 3615 1276 3674 seems

157 3706 287 3776 exceptu
306 3714 404 3760 eausa
423 3693 659 3777 fornicationis,
679 3697 847 3777 faciteam
867 3696 1024 3762 moecliari
1035 3720 1044 3761 s
1067 3707 1097 3760 et
1115 3695 1171 3778 ptri
1183 3698 1271 3760 solu·

130 3843 133 3851 .
158 3809 224 3863 tum
245 3819 267 3861 ιι
286 3796 356 3860 niro
376 3797 519 3872 demerit,
540 3799 728 3861 merebatur.
752 3785 812 3864 Ubi
833 3802 891 3864 etsi
921 3800 1077 3864 nonnulla
1095 3799 1272 3879 exempla·

159 3901 209 3961 rin
233 3899 496 3962 verbis-diversis
516 3901 665 3962 eumdem
688 3917 816 3963 sensum
848 3902 966 3964 hanani
996 3902 1271 3979 interpretatum

157 4019 222 4064 uon
246 4007 350 4063 tamen
372 4001 412 4062 ab
432 4016 472 4063 eo
493 4001 579 4079 quod
603 4000 816 4080 intelligitur,
838 4002 1031 4080 discrepant.
1054 4001 1126 4064 Alia
1148 4002 1274 4081 qnippe

157 4103 292 4178 habeut,
306 4101 495 4183 quietemque
508 4100 683 4167 dimiserit:
699 4105 786 4182 elio,
802 4104 905 4167 omnis
919 4102 976 4185 qui
991 4099 1156 4166 dimiserit.
1174 4103 1269 4166 item·

156 4222 223 4284 que
243 4203 330 4283 ulia,
351 4212 479 4284 sumptu
498 4203 718 4283 fornicationis
738 4223 860 4270 ιιιιιιιιι
882 4207 967 4284 alia,
984 4214 1112 4286 praeter
1136 4212 1267 4268 roesam
