2886 4784
167 318 188 386 2
1244 374 1256 397 ,

162 441 210 487 ses
232 422 274 486 ad
294 419 444 483 duritiem
465 416 567 482 cordis
588 414 696 494 uestri,
710 413 856 499 permisit
876 414 966 501 aelia¹
982 412 1141 480 dimittere
1161 430 1261 479 uaeru

166 531 312 587 uestras:
334 521 373 584 ah
395 518 489 584 initio
510 528 612 582 aretem
634 537 697 582 nem
717 517 785 601 suit
804 517 861 594 sia,
878 525 916 581 ut
936 517 1134 581 concludat:
1151 539 1167 577 e
1184 518 1265 580 aliam

167 643 237 688 esse
257 624 362 702 legem
386 620 467 697 Dei,
490 639 574 701 quae
598 638 777 685 uxorema
801 621 871 683 tiro
894 619 1019 700 sejungi
1052 619 1221 700 prohihet,
1239 626 1266 682 et

166 725 277 800 aliam,
300 743 384 805 qnae
406 724 448 786 oh
468 723 621 786 duritiem
643 723 750 787 cerdis
775 723 932 802 permittit
953 718 1147 784 disortium.
1169 719 1266 797 Quare

166 826 298 912 Moyses
319 825 441 906 aliquid
464 826 665 888 contrarium
695 825 771 888 tulit
802 822 891 899 Deo,
924 824 980 903 qni
1013 824 1120 886 vetuit
1150 822 1267 886 dissolvi

165 929 366 1010 coniugium.
390 949 407 984 »
432 926 477 991 lta
499 926 657 991 disserens
680 926 887 991 Ptolomaeus
909 945 949 988 cx
971 943 999 988 a.
1017 922 1108 988 ΧΙΧ.
1122 923 1266 989 Matthaei

166 1029 315 1094 absolute
336 1030 484 1092 excludit
507 1027 684 1091 divortium
708 1031 740 1092 in
765 1027 850 1106 Lege
874 1026 1072 1091 christiana:
1096 1045 1202 1108 neque
1221 1045 1268 1089 aa·

165 1141 250 1196 tasse
265 1130 395 1195 ridetur
412 1129 609 1194 versiculum
622 1126 653 1196 9.
668 1130 763 1194 sicuti
778 1131 899 1210 legitur
913 1131 945 1192 in
959 1130 1150 1210 graecanica
1168 1130 1268 1210 talga-

168 1241 201 1296 ta
224 1233 375 1296 editione.

246 1333 447 1413 Theophilus
468 1336 498 1397 in
522 1333 620 1400 Libro
644 1334 699 1398 lll.
722 1335 761 1398 ad
785 1336 975 1408 Aetolicum
1002 1357 1034 1401 n.
1063 1335 1116 1403 ta
1146 1337 1267 1402 serint:

166 1456 183 1495 a
205 1432 278 1498 Vna
299 1446 408 1498 antem
432 1435 615 1515 evangelica
638 1436 789 1499 intentius
812 1435 851 1498 de
873 1437 1020 1501 castitate
1042 1439 1207 1517 praecepit
1225 1437 1265 1500 his

164 1536 294 1600 verbis:
316 1535 462 1618 quisquis
482 1534 597 1615 aspicit
618 1554 746 1599 eruorem
766 1537 903 1599 alienam
922 1539 967 1600 ad
999 1536 1268 1620 eeneupiscendan

165 1655 245 1715 eam,
261 1638 332 1719 jam
353 1637 530 1700 maechatus
550 1646 594 1701 est
614 1637 652 1701 in
671 1641 764 1701 eorde
783 1659 851 1703 suo.
871 1639 908 1702 Et
930 1639 987 1722 pui
1006 1641 1097 1704 ducit
1117 1641 1267 1705 diruissma

165 1757 188 1801 a
207 1737 287 1814 aira,
310 1739 499 1802 moechetur.
525 1736 586 1802 ate
607 1736 665 1820 ptri
684 1737 814 1803 dimittit
832 1759 964 1803 uaarem
984 1752 1116 1823 excepta
1139 1741 1266 1823 larame-

168 1838 269 1904 tinnis
281 1859 402 1915 eausa,
420 1841 500 1921 satit
520 1859 588 1903 eam
608 1840 777 1904 maechari.

176 1953 179 1959 '
248 1941 281 2007 Si
297 1961 338 2005 es
361 1938 542 2022 pretermissis
559 1941 708 2005 Patribus
729 1943 898 2024 perspicae
919 1961 982 2004 nen
995 1952 1133 2024 apparet
1147 1944 1265 2025 qualem

165 2043 340 2106 lectionem
361 2043 553 2106 exhiberent
574 2044 700 2108 codices
721 2047 803 2107 sacri
826 2045 857 2106 in
879 2064 907 2108 e.
933 2043 1019 2109 xlx.
1042 2043 1085 2111 9:
1110 2046 1265 2111 maniieste

168 2153 282 2208 tamen
301 2144 453 2206 indicarit
474 2143 622 2209 Clemens
643 2146 885 2208 alexandrinas.
909 2144 938 2208 ls
959 2145 1076 2224 itaque
1092 2146 1141 2211 bis
1161 2148 1200 2212 de
1218 2165 1267 2211 na·

80 2306 88 2317 ,
165 2245 240 2327 ptiis
261 2247 436 2326 loquitar,
460 2248 491 2308 in
512 2245 610 2309 Libro
643 2245 685 2308 ΙΙ.
708 2245 900 2312 stromatum
930 2266 961 2311 a.
982 2245 1033 2313 37.
1055 2257 1088 2312 et
1120 2251 1151 2313 in
1180 2247 1265 2313 Llhre

165 2346 226 2412 ΙΙΙ.
248 2367 278 2412 n.
301 2346 332 2413 7.
358 2351 387 2411 ia
421 2349 540 2430 quibus
571 2349 736 2428 speciatim
767 2348 925 2411 dominica
949 2351 1048 2412 verba
1078 2351 1210 2416 discutit
1232 2351 1264 2414 de

112 2509 116 2514 .
166 2450 308 2533 coniugii
328 2452 496 2514 sanctitate
518 2440 848 2513 adversos‘oetsodas
881 2452 1123 2516 haereticarum
1154 2453 1264 2531 opinin

167 2568 250 2627 nas,
273 2569 335 2614 una
359 2566 564 2631 propugnans
591 2549 679 2611 illius
707 2549 1032 2614 indissolubilitotem.
1056 2549 1091 2613 ln
1114 2551 1210 2616 Libro
1230 2550 1263 2615 ll.

164 2651 224 2714 elsi
247 2669 309 2713 nen
327 2652 534 2722 verbotenus,
557 2648 745 2729 Scripturas
764 2651 860 2712 verba
884 2653 981 2715 citat:
1005 2670 1069 2715 nen
1091 2652 1263 2717 dimittere·

161 2768 271 2814 aerem
289 2760 509 2830 praeterquam
531 2751 615 2830 qued
635 2767 871 2829 superacutum
885 2749 1125 2831 fornicationis.
1143 2751 1264 2818 Adulte-

164 2852 251 2915 rium
273 2861 381 2915 autem
404 2851 567 2914 existimat
581 2849 774 2931 (Scriptura)
791 2851 941 2932 conjungi
965 2855 1185 2928 matrimonio,
1201 2855 1264 2916 tite

161 2953 267 3016 altero
289 2973 329 3016 ex
352 2952 552 3031 separatis.»
575 2951 611 3014 ln
632 2971 698 3031 que
719 2970 867 3016 sermone
889 2953 995 3040 statim
1011 2955 1110 3017 solvit
1126 2955 1262 3028 dubiam,

161 3053 250 3134 qaod
272 3056 350 3116 eriri
375 3062 501 3133 poterat
522 3071 563 3115 ex
595 3052 777 3115 eottditione
808 3063 935 3132 exceptu
961 3053 1119 3117 adulterii
1147 3074 1258 3127 eausa,

162 3155 207 3216 ita
230 3153 377 3216 absolute
399 3151 578 3216 excludens
599 3171 617 3214 a
642 3155 712 3215 tiro
735 3153 914 3217 dimittente
937 3174 1088 3232 uxorem,
1113 3157 1262 3220 licentiam

162 3254 300 3317 alteram
322 3254 470 3316 dueetsdi.
496 3251 588 3328 Quae
607 3270 684 3315 vero
701 3253 799 3331 paulo
822 3265 893 3331 post
914 3256 1043 3319 subdit:
1062 3278 1078 3315 u
1094 3257 1151 3337 qui
1170 3266 1262 3320 autem

160 3350 324 3417 dimissam
343 3352 458 3433 accipit
479 3371 621 3426 umorem,
644 3353 834 3428 maechatur,
849 3356 971 3435 inquit:
996 3355 1101 3437 siquis
1122 3362 1206 3423 enim
1224 3357 1263 3420 di·

160 3453 283 3517 miserit
303 3473 458 3526 umorem,
481 3453 661 3535 moechatur
681 3451 806 3533 ipsam,
830 3457 891 3519 hec
913 3466 960 3520 est
980 3461 1066 3538 aegit
1088 3477 1160 3522 eam
1190 3477 1262 3523 nee

158 3556 250 3619 altari
268 3575 284 3614 a
300 3574 362 3617 non
378 3575 419 3619 ex
436 3554 595 3617 Matthaei
616 3573 644 3618 c.
661 3552 699 3617 V.
717 3557 769 3619 vel
792 3555 877 3620 XlX.
895 3560 1096 3639 reputasse
1119 3581 1160 3624 ex
1184 3559 1259 3624 Mat·-

93 3699 97 3706 -
160 3658 189 3722 ai
211 3678 238 3722 a.
262 3655 304 3721 X.
321 3658 374 3720 ubi
396 3659 462 3721 ait:
485 3655 543 3738 qui
562 3655 722 3720 dimiserit
741 3679 875 3724 uxerem
896 3681 1001 3736 suam,
1015 3672 1044 3724 et
1065 3663 1197 3727 alteram
1215 3664 1261 3725 dtt·

160 3753 217 3833 cit,
239 3756 420 3819 moechatur
439 3773 535 3835 suuper
554 3773 631 3819 eam.

242 3856 400 3934 Quamvis
424 3875 501 3920 vero
523 3875 565 3919 ex
596 3856 645 3919 his
677 3876 739 3921 nou
770 3868 896 3924 constet
929 3879 1041 3941 reapse
1066 3881 1084 3924 a
1107 3862 1258 3928 Clemente

161 3961 255 4023 citari
277 3978 305 4022 c.
324 3957 409 4022 xlx.
427 3957 606 4037 Matthaei3
629 3959 835 4024 nihilominus
857 3962 888 4023 in
912 3960 1008 4026 Libro
1026 3962 1083 4026 ΙΙΙ.
1102 3966 1156 4028 uhi
1178 3965 1258 4028 luae·

157 4060 264 4123 lenter
288 4059 510 4137 exponendam
541 4061 641 4124 sumit
671 4061 894 4141 quaestionem
927 4062 1057 4128 Christo
1089 4066 1256 4129 ablatama

160 4159 335 4241 pharisaeis
358 4177 398 4222 ex
422 4159 567 4239 praeieln
599 4161 722 4242 capitc=
740 4161 769 4224 si
790 4161 861 4224 iicet
882 4163 1002 4228 homiui
1022 4164 1175 4230 dimittere
1193 4181 1258 4229 uae
