2886 4784
194 349 216 415 8

193 456 343 516 haereses
364 461 527 515 certamen
549 457 765 533 certavimus3
782 454 972 535 nullamque
988 473 1051 516 non
1068 455 1241 519 retutelam
1257 474 1313 520 re«

190 554 361 633 liquimus.
383 551 480 618 Nunc
502 561 619 630 restat,
643 563 680 617 ut
701 558 881 620 maximum
903 563 1067 620 certamen
1088 558 1243 621 ineamus.
1265 557 1314 620 Ο-

192 662 302 734 portet
322 660 356 716 et
378 644 600 732 explicare'et
621 655 791 720 confutare
813 658 978 729 haereses,
1000 672 1084 736 qnae
1099 643 1217 720 uostris
1234 665 1314 720 tem·

195 754 330 833 poribus
351 756 583 818 innotuerunt:
606 757 803 835 quibuscum
826 757 945 820 indocti
967 765 1000 820 et
1021 757 1160 820 audaces
1179 758 1314 837 quidam

196 858 342 920 homines
363 858 549 921 disturbare
569 861 640 922 ausi
661 867 737 921 sunt
758 856 937 921 Ecclesiam
951 865 1014 919 etc.
1032 876 1049 914 a
1069 855 1110 919 Et
1123 875 1212 932 sane,
1228 843 1316 937 qnos

196 957 337 1021 audaces
359 964 392 1020 et
412 959 557 1022 indoctos
579 958 657 1022 dicit
677 959 871 1032 hamelinus,
890 957 921 1019 hi
935 965 1012 1020 suut
1028 955 1165 1033 Nactus,
1178 967 1210 1039 et
1230 977 1316 1038 quos

196 1059 386 1122 somniando
405 1068 583 1122 sectatores
603 1059 674 1138 eius
700 1058 831 1138 arguit,
860 1055 1062 1138 Zephyrium
1093 1068 1126 1120 et
1157 1057 1315 1122 Callistus

195 1159 380 1235 Pontifices,
406 1160 491 1223 unde
513 1162 724 1222 callistianam
746 1168 851 1223 oriam
874 1179 942 1222 esse
962 1162 1140 1238 praesumit
1154 1161 1313 1223 scholam.

196 1259 281 1336 llic,
304 1262 399 1324 sicuti
422 1263 454 1323 in
476 1263 765 1339 praecedentibus,
787 1271 900 1324 contra
924 1260 1066 1327 Noetum
1092 1251 1157 1340 eq'it
1183 1261 1321 1344 Anony-

197 1380 270 1424 mus
279 1379 291 1439 ;
313 1363 405 1424 istius
427 1379 557 1425 errores
579 1363 737 1424 adversus
752 1363 893 1422 divinam
907 1359 1029 1425 Christi
1046 1361 1243 1445 hypostasim
1260 1379 1318 1422 no-

199 1464 301 1540 tavit3
324 1480 383 1525 nec
405 1470 510 1524 tamen
531 1462 664 1525 relellit.
689 1461 826 1524 Fatetur
856 1441 984 1524 interim
1014 1481 1048 1525 se
1080 1479 1142 1540 pro
1174 1463 1315 1524 veritate

195 1580 363 1643 pugnare:
387 1563 442 1625 sed
466 1564 582 1625 ubisit
605 1565 737 1636 veritas,
762 1563 813 1624 vel
833 1563 933 1642 quale
957 1564 1101 1625 veritatis
1124 1563 1238 1642 dogma
1256 1580 1317 1623 er·

158 1693 162 1699 ·
196 1666 265 1726 rori
288 1664 529 1743 opponendum,
545 1664 630 1725 silet.
649 1651 728 1725 ltem
745 1664 776 1723 in
792 1661 891 1724 Libro
908 1660 964 1725 tx.
980 1680 1011 1724 n.
1027 1660 1078 1728 st.
1092 1656 1256 1742 gloriatur
1274 1663 1316 1724 de

194 1782 257 1828 suo
278 1766 393 1828 labore
413 1766 445 1826 in
467 1766 709 1827 haereticorum
724 1764 921 1842 exponendis
936 1764 1155 1842 impietatibus
1165 1783 1177 1842 3
1193 1764 1318 1842 gaudet

195 1866 236 1927 de
258 1866 400 1929 utilitate
422 1867 452 1927 iu
474 1867 536 1928 hoc
555 1865 665 1928 studio
685 1865 811 1926 cunctis
825 1874 1027 1942 comparata,
1044 1882 1119 1926 cun
1138 1864 1315 1926 viderinta

195 1985 230 2036 se
253 1967 424 2030 haeresum
446 1975 598 2030 auctores
621 1965 766 2028 funditus
792 1981 933 2026 eversos.
957 1963 1005 2028 hc
1036 1964 1166 2026 demum
1199 1967 1231 2027 in
1263 1963 1319 2028 Li·

195 2067 257 2130 bro
278 2065 322 2130 X.
343 2084 375 2130 n.
399 2063 429 2130 5.
450 2065 630 2139 concludit,
656 2066 827 2127 haeresum
850 2064 1072 2153 labyrinthum
1095 2082 1159 2126 non
1173 2065 1205 2125 ri
1225 2065 1318 2128 diru-

194 2168 292 2248 pisse,
313 2169 368 2230 sed
389 2169 459 2231 sula
481 2168 679 2230 refutatione
701 2176 734 2229 et
748 2154 895 2229 veritatis
910 2169 1033 2228 virtuto
1046 2165 1243 2228 dissolvisse.

274 2265 395 2331 'lamen
407 2269 483 2347 qais
497 2265 631 2330 credet?
645 2276 776 2344 praeter
793 2269 938 2330 omnium
954 2267 1225 2346 expectationem,
1242 2267 1317 2328 nul·

194 2367 317 2430 limode
337 2376 414 2430 sunt
434 2367 474 2428 ab
494 2368 564 2445 ipso
588 2364 720 2430 reiutati
744 2367 908 2427 haeretici.
931 2363 1000 2429 Nec
1021 2365 1103 2440 ulla,
1125 2369 1273 2444 iuquam,
1296 2384 1316 2426 a

196 2470 321 2531 ratione
342 2471 440 2546 petila
462 2474 665 2544 argumenta,
681 2484 739 2528 nec
758 2476 831 2543 apta
850 2465 1029 2529 bibliorum
1042 2467 1240 2541 testimonia,
1256 2485 1317 2528 nec

194 2583 280 2645 quae
295 2567 474 2646 apostolica
486 2565 519 2628 el
531 2567 747 2628 ecclesiastica
767 2567 896 2628 traditio
910 2567 1032 2639 docuit,
1049 2568 1184 2645 singulis
1203 2567 1318 2628 haere-

196 2668 285 2728 sibus
306 2667 511 2746 opponenda,
534 2668 671 2730 contulit
693 2684 842 2745 usquam.
867 2665 934 2731 Nisi
957 2669 1044 2747 quod
1069 2669 1115 2730 bis
1141 2666 1315 2743 addiderit,

196 2767 367 2830 haereticis
389 2783 448 2846 per
467 2767 588 2845 seipsos
608 2769 685 2829 satis
708 2768 870 2841 refutatis,
893 2769 984 2832 nulla
1006 2787 1089 2847 opus
1104 2786 1174 2831 csse
1189 2767 1317 2831 reluta·

197 2872 294 2933 tione.
321 2869 433 2947 Quare
454 2867 711 2930 concludendum
739 2868 817 2949 jure
843 2876 913 2942 est,
939 2861 1109 2930 historiam
1138 2869 1313 2930 haeresum

197 2971 426 3048 conscripsisse
448 2969 671 3048 Anonymum,
692 2985 756 3028 nou
773 2985 851 3030 vero
872 2967 1148 3031 contutationem:
1165 2977 1203 3030 et
1224 2968 1315 3047 quod

195 3072 381 3148 saepissime
402 3070 586 3149 spopondit,
608 3075 642 3130 et
664 3071 804 3130 maxime
825 3070 857 3129 in
878 3069 1086 3146 inscriptione
1107 3067 1236 3146 Operis,
1259 3067 1316 3131 de·

194 3172 309 3242 iecisse
329 3172 468 3250 penitas.
493 3167 620 3231 Nedum
642 3178 751 3230 autern
769 3169 956 3248 anonymus
978 3170 1128 3231 haereses
1154 3168 1315 3231 refutarit

76 3290 85 3304 ‘·
192 3271 289 3351 juxta
310 3273 508 3349 praemissa,
531 3268 586 3332 sed
609 3285 715 3346 neque
738 3267 978 3329 haereticorum
999 3267 1126 3346 singula
1149 3269 1314 3330 recensuit

196 3370 370 3450 dogmata3
392 3370 541 3448 quamvis
556 3367 597 3429 ab
610 3369 700 3428 initio
712 3365 754 3426 'aa
770 3365 883 3426 deinde
904 3383 1001 3445 saepe
1022 3368 1201 3429 obtestatus
1221 3368 1264 3428 sit
1277 3383 1315 3429 se

197 3470 385 3532 iacturum:
408 3489 426 3528 r
450 3465 510 3531 Sed
529 3467 682 3538 omnium,
703 3467 821 3544 inquit,
843 3464 1071 3528 haereticorum
1092 3463 1313 3544 opinionibus,

194 3587 290 3650 quarn
309 3566 379 3649 fieri
397 3576 519 3646 potest,
538 3575 686 3628 accurate
711 3575 740 3628 ct
759 3567 921 3629 enucleate
941 3563 1104 3644 repentis.
1128 3583 1144 3621 a
1167 3563 1236 3628 Nec
1258 3584 1318 3629 ιιιι-

194 3686 294 3749 quam
316 3670 482 3747 proposito
502 3667 675 3743 satisfaciu
693 3685 752 3730 uec
767 3667 871 3730 multo
894 3667 997 3737 miuus
1013 3668 1045 3727 iu
1061 3664 1315 3729 transcribendis

194 3789 219 3830 s.
243 3768 367 3831 lrenaei
391 3767 444 3830 vel
465 3767 608 3829 aliarum
630 3769 757 3843 scriptis
778 3767 944 3830 studiosus
966 3767 1050 3830 luit:
1074 3765 1156 3828 adeo
1178 3771 1228 3840 ui,
1252 3766 1313 3828 nisi

194 3869 329 3931 illorum
351 3867 426 3929 libri
448 3875 666 3945 superessent,
693 3869 747 3929 vix
770 3869 892 3930 horum
914 3873 1088 3944 caperetur
1107 3881 1233 3928 seusus.

281 3965 427 4045 insuper,
450 3967 537 4047 quod
560 3967 845 4029 demonstrandum
867 3967 1089 4045 aggredimur,
1111 3964 1207 4027 sicuti
1228 3964 1318 4028 Aba·

197 4082 314 4149 nymus
330 4068 423 4147 plura
441 4067 513 4129 inda
528 4068 703 4141 subtraxit,
716 4085 801 4145 quae
815 4083 878 4129 nou
893 4073 987 4129 eraut
1003 4065 1158 4141 tolle‘nda3
1172 4065 1216 4127 ita
1229 4064 1317 4126 mul·

196 4173 228 4227 ta
250 4175 281 4228 et
301 4167 435 4233 confusa
459 4176 491 4231 ct
516 4167 594 4230 ialaa
619 4167 758 4246 adjecit3
774 4176 806 4229 et
823 4168 954 4245 insuper
970 4168 1000 4228 in
1013 4168 1103 4232 scitis
1116 4180 1316 4245 graecorum
