<?xml version="1.0" encoding="UTF-8"?>
<!DOCTYPE html PUBLIC "-//W3C//DTD XHTML 1.0 Transitional//EN"
    "http://www.w3.org/TR/xhtml1/DTD/xhtml1-transitional.dtd">
<html xmlns="http://www.w3.org/1999/xhtml" xml:lang="en" lang="en">
 <head>
  <title>
</title>
<meta http-equiv="Content-Type" content="text/html;charset=utf-8" />
  <meta name='ocr-system' content='tesseract 3.04.00' />
  <meta name='ocr-capabilities' content='ocr_page ocr_carea ocr_par ocr_line ocrx_word'/>
</head>
<body>
  <div class='ocr_page' id='page_1' title='image "./insgregoriinyss00vincgoog/insgregoriinyss00vincgoog_0391.png"; bbox 0 0 2886 4784; ppageno 0'>
   <div class='ocr_carea' id='block_1_1' title="bbox 94 411 1268 4252">
    <p class='ocr_par' dir='ltr' id='par_1_1' title="bbox 159 411 1254 683">
     <span class='ocr_line' id='line_1_1' title="bbox 163 411 1252 497; baseline 0.013 -18"><span class='ocrx_word' id='word_1_1' title='bbox 163 423 215 479; x_wconf 90' lang='lat' dir='ltr'><strong>tea</strong></span> <span class='ocrx_word' id='word_1_2' title='bbox 235 411 461 480; x_wconf 86' lang='lat' dir='ltr'><strong>sustinuerunt</strong></span> <span class='ocrx_word' id='word_1_3' title='bbox 488 411 644 494; x_wconf 76' lang='lat' dir='ltr'><strong>Origenes</strong></span> <span class='ocrx_word' id='word_1_4' title='bbox 666 422 698 480; x_wconf 91' lang='lat' dir='ltr'><strong>et</strong></span> <span class='ocrx_word' id='word_1_5' title='bbox 718 415 934 497; x_wconf 75' lang='lat' dir='ltr'><strong>origenistae,</strong></span> <span class='ocrx_word' id='word_1_6' title='bbox 963 423 1074 487; x_wconf 87' lang='lat' dir='ltr'><strong>cuncti</strong></span> <span class='ocrx_word' id='word_1_7' title='bbox 1103 421 1196 491; x_wconf 90' lang='lat' dir='ltr'><strong>simol</strong></span> <span class='ocrx_word' id='word_1_8' title='bbox 1214 445 1252 493; x_wconf 86' lang='lat' dir='ltr'><strong>aa·</strong></span> 
     </span>
     <span class='ocr_line' id='line_1_2' title="bbox 159 517 1254 599; baseline 0.013 -19"><span class='ocrx_word' id='word_1_9' title='bbox 159 517 360 581; x_wconf 86' lang='lat' dir='ltr'><strong>lemniarum</strong></span> <span class='ocrx_word' id='word_1_10' title='bbox 383 517 610 599; x_wconf 80' lang='lat' dir='ltr'><strong>perfidorum,</strong></span> <span class='ocrx_word' id='word_1_11' title='bbox 635 520 877 586; x_wconf 87' lang='lat' dir='ltr'><strong>baereticorum</strong></span> <span class='ocrx_word' id='word_1_12' title='bbox 890 565 913 596; x_wconf 88' lang='lat'><strong>,.</strong></span> <span class='ocrx_word' id='word_1_13' title='bbox 933 533 967 587; x_wconf 89' lang='lat' dir='ltr'><strong>et</strong></span> <span class='ocrx_word' id='word_1_14' title='bbox 997 525 1254 594; x_wconf 81' lang='lat' dir='ltr'><strong>schismaticorum</strong></span> 
     </span>
     <span class='ocr_line' id='line_1_3' title="bbox 163 614 1194 683; baseline 0.007 -3"><span class='ocrx_word' id='word_1_15' title='bbox 163 620 309 683; x_wconf 83' lang='lat' dir='ltr'><strong>victima.</strong></span> <span class='ocrx_word' id='word_1_16' title='bbox 1190 614 1194 622; x_wconf 80' lang='grc'>’</span> 
     </span>
    </p>

    <p class='ocr_par' dir='ltr' id='par_1_2' title="bbox 132 713 1264 1216">
     <span class='ocr_line' id='line_1_4' title="bbox 240 713 1257 807; baseline 0.009 -25"><span class='ocrx_word' id='word_1_17' title='bbox 240 713 415 785; x_wconf 84' lang='lat' dir='ltr'><strong>Praeterea</strong></span> <span class='ocrx_word' id='word_1_18' title='bbox 439 739 514 785; x_wconf 86' lang='lat' dir='ltr'><strong>cuna</strong></span> <span class='ocrx_word' id='word_1_19' title='bbox 533 721 611 802; x_wconf 87' lang='lat' dir='ltr'><strong>jure</strong></span> <span class='ocrx_word' id='word_1_20' title='bbox 627 724 740 785; x_wconf 86' lang='lat' dir='ltr'><strong>instem</strong></span> <span class='ocrx_word' id='word_1_21' title='bbox 758 741 818 802; x_wconf 92' lang='lat' dir='ltr'><strong>pro</strong></span> <span class='ocrx_word' id='word_1_22' title='bbox 836 728 1055 807; x_wconf 72' lang='lat' dir='ltr'><strong>recognitione</strong></span> <span class='ocrx_word' id='word_1_23' title='bbox 1070 729 1257 794; x_wconf 81' lang='lat' dir='ltr'><strong>causaoOri·</strong></span> 
     </span>
     <span class='ocr_line' id='line_1_5' title="bbox 165 825 1262 905; baseline 0.005 -19"><span class='ocrx_word' id='word_1_24' title='bbox 165 825 277 904; x_wconf 76' lang='lat' dir='ltr'><strong>genis,</strong></span> <span class='ocrx_word' id='word_1_25' title='bbox 308 825 543 887; x_wconf 84' lang='lat' dir='ltr'><strong>monachornm</strong></span> <span class='ocrx_word' id='word_1_26' title='bbox 566 833 597 886; x_wconf 88' lang='lat' dir='ltr'><strong>ct</strong></span> <span class='ocrx_word' id='word_1_27' title='bbox 620 825 760 886; x_wconf 89' lang='lat' dir='ltr'><strong>aliorum</strong></span> <span class='ocrx_word' id='word_1_28' title='bbox 790 836 978 891; x_wconf 86' lang='lat' dir='ltr'><strong>sanctorum</strong></span> <span class='ocrx_word' id='word_1_29' title='bbox 1003 827 1164 905; x_wconf 81' lang='lat' dir='ltr'><strong>Petrum,</strong></span> <span class='ocrx_word' id='word_1_30' title='bbox 1185 833 1262 895; x_wconf 89' lang='lat' dir='ltr'><strong>sicuti</strong></span> 
     </span>
     <span class='ocr_line' id='line_1_6' title="bbox 168 921 1262 1007; baseline 0.003 -19"><span class='ocrx_word' id='word_1_31' title='bbox 168 935 202 988; x_wconf 87' lang='lat' dir='ltr'><strong>et</strong></span> <span class='ocrx_word' id='word_1_32' title='bbox 224 921 331 1004; x_wconf 79' lang='lat' dir='ltr'><strong>vigilii</strong></span> <span class='ocrx_word' id='word_1_33' title='bbox 356 922 461 1004; x_wconf 86' lang='lat' dir='ltr'><strong>Papae</strong></span> <span class='ocrx_word' id='word_1_34' title='bbox 482 932 514 987; x_wconf 88' lang='lat' dir='ltr'><strong>et</strong></span> <span class='ocrx_word' id='word_1_35' title='bbox 534 922 729 1000; x_wconf 85' lang='lat' dir='ltr'><strong>lustiuiaei,</strong></span> <span class='ocrx_word' id='word_1_36' title='bbox 753 942 815 986; x_wconf 84' lang='lat' dir='ltr'><strong>uara</strong></span> <span class='ocrx_word' id='word_1_37' title='bbox 838 935 912 1006; x_wconf 89' lang='lat' dir='ltr'><strong>peto</strong></span> <span class='ocrx_word' id='word_1_38' title='bbox 940 929 1095 992; x_wconf 75' lang='lat' dir='ltr'><strong>historiae</strong></span> <span class='ocrx_word' id='word_1_39' title='bbox 1113 931 1262 1007; x_wconf 63' lang='lat' dir='ltr'><strong>edoma·</strong></span> 
     </span>
     <span class='ocr_line' id='line_1_7' title="bbox 163 1025 1262 1106; baseline 0.003 -16"><span class='ocrx_word' id='word_1_40' title='bbox 163 1029 309 1098; x_wconf 89' lang='lat' dir='ltr'><strong>tionem,</strong></span> <span class='ocrx_word' id='word_1_41' title='bbox 332 1034 368 1088; x_wconf 92' lang='lat' dir='ltr'><strong>ut</strong></span> <span class='ocrx_word' id='word_1_42' title='bbox 389 1027 430 1087; x_wconf 89' lang='lat' dir='ltr'><strong>ab</strong></span> <span class='ocrx_word' id='word_1_43' title='bbox 451 1043 488 1087; x_wconf 91' lang='lat' dir='ltr'><strong>ea</strong></span> <span class='ocrx_word' id='word_1_44' title='bbox 510 1025 681 1089; x_wconf 88' lang='lat' dir='ltr'><strong>deleantur</strong></span> <span class='ocrx_word' id='word_1_45' title='bbox 703 1035 750 1089; x_wconf 84' lang='lat' dir='ltr'><strong>tet</strong></span> <span class='ocrx_word' id='word_1_46' title='bbox 781 1027 1009 1106; x_wconf 74' lang='lat' dir='ltr'><strong>ignominiosae</strong></span> <span class='ocrx_word' id='word_1_47' title='bbox 1039 1043 1136 1095; x_wconf 85' lang='lat' dir='ltr'><strong>notae</strong></span> <span class='ocrx_word' id='word_1_48' title='bbox 1160 1036 1262 1096; x_wconf 89' lang='lat' dir='ltr'><strong>sanctis</strong></span> 
     </span>
     <span class='ocr_line' id='line_1_8' title="bbox 132 1126 1264 1216; baseline 0.006 -26"><span class='ocrx_word' id='word_1_49' title='bbox 132 1130 135 1135; x_wconf 83' lang='lat'>&#39;</span> <span class='ocrx_word' id='word_1_50' title='bbox 163 1130 243 1192; x_wconf 83' lang='lat' dir='ltr'><strong>viris</strong></span> <span class='ocrx_word' id='word_1_51' title='bbox 270 1126 432 1202; x_wconf 82' lang='lat' dir='ltr'><strong>indictae,</strong></span> <span class='ocrx_word' id='word_1_52' title='bbox 466 1137 502 1191; x_wconf 88' lang='lat' dir='ltr'><strong>ut</strong></span> <span class='ocrx_word' id='word_1_53' title='bbox 533 1128 705 1190; x_wconf 88' lang='lat' dir='ltr'><strong>deteantur</strong></span> <span class='ocrx_word' id='word_1_54' title='bbox 737 1128 836 1191; x_wconf 73' lang='lat' dir='ltr'><strong>falsae</strong></span> <span class='ocrx_word' id='word_1_55' title='bbox 864 1132 1043 1196; x_wconf 86' lang='lat' dir='ltr'><strong>delationes</strong></span> <span class='ocrx_word' id='word_1_56' title='bbox 1075 1134 1264 1216; x_wconf 76' lang='lat' dir='ltr'><strong>hypocritico</strong></span> 
     </span>
    </p>

    <p class='ocr_par' dir='ltr' id='par_1_3' title="bbox 166 1228 1266 1308">
     <span class='ocr_line' id='line_1_9' title="bbox 166 1228 1266 1308; baseline 0.004 -15"><span class='ocrx_word' id='word_1_57' title='bbox 166 1233 239 1295; x_wconf 85' lang='lat' dir='ltr'><strong>zelo</strong></span> <span class='ocrx_word' id='word_1_58' title='bbox 262 1231 400 1303; x_wconf 86' lang='lat' dir='ltr'><strong>velatae,</strong></span> <span class='ocrx_word' id='word_1_59' title='bbox 421 1231 539 1308; x_wconf 78' lang='lat' dir='ltr'><strong>scripio</strong></span> <span class='ocrx_word' id='word_1_60' title='bbox 563 1229 659 1289; x_wconf 88' lang='lat' dir='ltr'><strong>notha</strong></span> <span class='ocrx_word' id='word_1_61' title='bbox 684 1228 880 1305; x_wconf 69' lang='lat' dir='ltr'><strong>refutentur,</strong></span> <span class='ocrx_word' id='word_1_62' title='bbox 904 1237 1143 1298; x_wconf 86' lang='lat' dir='ltr'><strong>commentitiae</strong></span> <span class='ocrx_word' id='word_1_63' title='bbox 1166 1252 1266 1298; x_wconf 91' lang='lat' dir='ltr'><strong>narra·</strong></span> 
     </span>
    </p>

    <p class='ocr_par' dir='ltr' id='par_1_4' title="bbox 130 1312 1267 1924">
     <span class='ocr_line' id='line_1_10' title="bbox 130 1312 1266 1414; baseline 0.004 -19"><span class='ocrx_word' id='word_1_64' title='bbox 130 1312 138 1329; x_wconf 60' lang='grc'><strong><em>’</em></strong></span> <span class='ocrx_word' id='word_1_65' title='bbox 165 1339 280 1404; x_wconf 86' lang='lat' dir='ltr'><strong>tiones,</strong></span> <span class='ocrx_word' id='word_1_66' title='bbox 296 1333 482 1413; x_wconf 76' lang='lat' dir='ltr'><strong>apocrypha</strong></span> <span class='ocrx_word' id='word_1_67' title='bbox 505 1331 766 1395; x_wconf 69' lang='lat' dir='ltr'><strong>decernentem</strong></span> <span class='ocrx_word' id='word_1_68' title='bbox 790 1336 862 1412; x_wconf 87' lang='lat' dir='ltr'><strong>quis</strong></span> <span class='ocrx_word' id='word_1_69' title='bbox 877 1354 929 1397; x_wconf 82' lang='lat' dir='ltr'><strong>cx.</strong></span> <span class='ocrx_word' id='word_1_70' title='bbox 950 1353 979 1414; x_wconf 74' lang='lat' dir='ltr'><strong>g.</strong></span> <span class='ocrx_word' id='word_1_71' title='bbox 998 1341 1028 1398; x_wconf 92' lang='lat' dir='ltr'><strong>in</strong></span> <span class='ocrx_word' id='word_1_72' title='bbox 1045 1338 1179 1402; x_wconf 87' lang='lat' dir='ltr'><strong>bistoria</strong></span> <span class='ocrx_word' id='word_1_73' title='bbox 1195 1339 1266 1403; x_wconf 80' lang='lat' dir='ltr'><strong>Coo·</strong></span> 
     </span>
     <span class='ocr_line' id='line_1_11' title="bbox 164 1432 1267 1520; baseline 0.002 -20"><span class='ocrx_word' id='word_1_74' title='bbox 164 1438 318 1501; x_wconf 89' lang='lat' dir='ltr'><strong>ciliorum</strong></span> <span class='ocrx_word' id='word_1_75' title='bbox 340 1454 381 1497; x_wconf 78' lang='lat' dir='ltr'><strong>es</strong></span> <span class='ocrx_word' id='word_1_76' title='bbox 405 1432 543 1495; x_wconf 87' lang='lat' dir='ltr'><strong>Labbaei</strong></span> <span class='ocrx_word' id='word_1_77' title='bbox 564 1432 672 1495; x_wconf 91' lang='lat' dir='ltr'><strong>studio</strong></span> <span class='ocrx_word' id='word_1_78' title='bbox 693 1445 807 1498; x_wconf 82' lang='lat' dir='ltr'><strong>exacta</strong></span> <span class='ocrx_word' id='word_1_79' title='bbox 829 1454 904 1498; x_wconf 82' lang='lat' dir='ltr'><strong>cuns</strong></span> <span class='ocrx_word' id='word_1_80' title='bbox 927 1440 1008 1501; x_wconf 92' lang='lat' dir='ltr'><strong>notis</strong></span> <span class='ocrx_word' id='word_1_81' title='bbox 1034 1447 1067 1503; x_wconf 85' lang='lat' dir='ltr'><strong>et</strong></span> <span class='ocrx_word' id='word_1_82' title='bbox 1095 1441 1267 1520; x_wconf 85' lang='lat' dir='ltr'><strong>appendici·</strong></span> 
     </span>
     <span class='ocr_line' id='line_1_12' title="bbox 162 1535 1267 1623; baseline 0.003 -21"><span class='ocrx_word' id='word_1_83' title='bbox 162 1541 224 1602; x_wconf 90' lang='lat' dir='ltr'><strong>bus</strong></span> <span class='ocrx_word' id='word_1_84' title='bbox 246 1555 350 1618; x_wconf 86' lang='lat' dir='ltr'><strong>usque</strong></span> <span class='ocrx_word' id='word_1_85' title='bbox 371 1535 410 1597; x_wconf 88' lang='lat' dir='ltr'><strong>ud</strong></span> <span class='ocrx_word' id='word_1_86' title='bbox 434 1536 581 1598; x_wconf 87' lang='lat' dir='ltr'><strong>ultimam</strong></span> <span class='ocrx_word' id='word_1_87' title='bbox 604 1535 783 1600; x_wconf 88' lang='lat' dir='ltr'><strong>Cardinelis</strong></span> <span class='ocrx_word' id='word_1_88' title='bbox 798 1536 960 1602; x_wconf 83' lang='lat' dir='ltr'><strong>Passionei</strong></span> <span class='ocrx_word' id='word_1_89' title='bbox 978 1539 1174 1616; x_wconf 82' lang='lat' dir='ltr'><strong>Editiouem,</strong></span> <span class='ocrx_word' id='word_1_90' title='bbox 1192 1540 1267 1623; x_wconf 75' lang='lat' dir='ltr'><strong>Vipi-</strong></span> 
     </span>
     <span class='ocr_line' id='line_1_13' title="bbox 159 1639 1267 1719; baseline 0.004 -16"><span class='ocrx_word' id='word_1_91' title='bbox 159 1641 196 1704; x_wconf 93' lang='lat' dir='ltr'><strong>lii</strong></span> <span class='ocrx_word' id='word_1_92' title='bbox 219 1639 326 1719; x_wconf 89' lang='lat' dir='ltr'><strong>Papae</strong></span> <span class='ocrx_word' id='word_1_93' title='bbox 349 1639 446 1700; x_wconf 86' lang='lat' dir='ltr'><strong>vitam</strong></span> <span class='ocrx_word' id='word_1_94' title='bbox 473 1643 505 1699; x_wconf 94' lang='grc' dir='ltr'><strong>ιι</strong></span> <span class='ocrx_word' id='word_1_95' title='bbox 527 1642 597 1698; x_wconf 90' lang='lat' dir='ltr'><strong>acta</strong></span> <span class='ocrx_word' id='word_1_96' title='bbox 621 1653 841 1716; x_wconf 90' lang='lat' dir='ltr'><strong>percurrens,</strong></span> <span class='ocrx_word' id='word_1_97' title='bbox 864 1657 927 1703; x_wconf 93' lang='lat' dir='ltr'><strong>non</strong></span> <span class='ocrx_word' id='word_1_98' title='bbox 946 1645 1105 1718; x_wconf 77' lang='lat' dir='ltr'><strong>senserit,</strong></span> <span class='ocrx_word' id='word_1_99' title='bbox 1130 1642 1217 1707; x_wconf 90' lang='lat' dir='ltr'><strong>illam</strong></span> <span class='ocrx_word' id='word_1_100' title='bbox 1235 1653 1267 1709; x_wconf 88' lang='lat' dir='ltr'><strong>ut</strong></span> 
     </span>
     <span class='ocr_line' id='line_1_14' title="bbox 161 1738 1266 1827; baseline 0.005 -21"><span class='ocrx_word' id='word_1_101' title='bbox 161 1741 312 1806; x_wconf 89' lang='lat' dir='ltr'><strong>libellum</strong></span> <span class='ocrx_word' id='word_1_102' title='bbox 335 1739 493 1803; x_wconf 78' lang='lat' dir='ltr'><strong>famosum</strong></span> <span class='ocrx_word' id='word_1_103' title='bbox 516 1738 627 1801; x_wconf 88' lang='lat' dir='ltr'><strong>baberi</strong></span> <span class='ocrx_word' id='word_1_104' title='bbox 650 1743 876 1821; x_wconf 84' lang='lat' dir='ltr'><strong>potiusquam</strong></span> <span class='ocrx_word' id='word_1_105' title='bbox 903 1748 1086 1809; x_wconf 86' lang='lat' dir='ltr'><strong>encomium</strong></span> <span class='ocrx_word' id='word_1_106' title='bbox 1110 1755 1143 1810; x_wconf 90' lang='grc' dir='ltr'><strong>ιι</strong></span> <span class='ocrx_word' id='word_1_107' title='bbox 1165 1746 1266 1827; x_wconf 88' lang='lat' dir='ltr'><strong>apole-</strong></span> 
     </span>
     <span class='ocr_line' id='line_1_15' title="bbox 163 1835 549 1924; baseline 0 -17"><span class='ocrx_word' id='word_1_108' title='bbox 163 1848 248 1924; x_wconf 77' lang='lat' dir='ltr'><strong>ptam</strong></span> <span class='ocrx_word' id='word_1_109' title='bbox 270 1837 507 1907; x_wconf 71' lang='lat' dir='ltr'><strong>pontificatus?</strong></span> <span class='ocrx_word' id='word_1_110' title='bbox 546 1835 549 1839; x_wconf 69' lang='grc'><strong>’</strong></span> 
     </span>
    </p>

    <p class='ocr_par' dir='ltr' id='par_1_5' title="bbox 94 1941 1268 3745">
     <span class='ocr_line' id='line_1_16' title="bbox 245 1941 1266 2027; baseline 0.003 -20"><span class='ocrx_word' id='word_1_111' title='bbox 245 1944 324 2008; x_wconf 88' lang='lat' dir='ltr'><strong>item</strong></span> <span class='ocrx_word' id='word_1_112' title='bbox 347 1942 513 2022; x_wconf 83' lang='lat' dir='ltr'><strong>qdonrodo</strong></span> <span class='ocrx_word' id='word_1_113' title='bbox 535 1941 704 2007; x_wconf 79' lang='lat' dir='ltr'><strong>ferendum</strong></span> <span class='ocrx_word' id='word_1_114' title='bbox 727 1954 787 2020; x_wconf 91' lang='lat' dir='ltr'><strong>ost,</strong></span> <span class='ocrx_word' id='word_1_115' title='bbox 803 1945 890 2025; x_wconf 82' lang='lat' dir='ltr'><strong>qued</strong></span> <span class='ocrx_word' id='word_1_116' title='bbox 914 1947 1085 2027; x_wconf 82' lang='lat' dir='ltr'><strong>bucusque</strong></span> <span class='ocrx_word' id='word_1_117' title='bbox 1106 1955 1266 2022; x_wconf 75' lang='lat' dir='ltr'><strong>narretur,</strong></span> 
     </span>
     <span class='ocr_line' id='line_1_17' title="bbox 163 2042 1268 2133; baseline 0 -20"><span class='ocrx_word' id='word_1_118' title='bbox 163 2045 382 2126; x_wconf 82' lang='lat' dir='ltr'><strong>incipiendus</strong></span> <span class='ocrx_word' id='word_1_119' title='bbox 407 2063 437 2106; x_wconf 86' lang='lat' dir='ltr'><strong>v.</strong></span> <span class='ocrx_word' id='word_1_120' title='bbox 460 2042 600 2133; x_wconf 85' lang='lat' dir='ltr'><strong>Beronio</strong></span> <span class='ocrx_word' id='word_1_121' title='bbox 622 2065 726 2126; x_wconf 83' lang='lat' dir='ltr'><strong>usquo</strong></span> <span class='ocrx_word' id='word_1_122' title='bbox 746 2047 785 2108; x_wconf 94' lang='lat' dir='ltr'><strong>ad</strong></span> <span class='ocrx_word' id='word_1_123' title='bbox 809 2049 998 2112; x_wconf 81' lang='lat' dir='ltr'><strong>novissimos</strong></span> <span class='ocrx_word' id='word_1_124' title='bbox 1029 2067 1142 2112; x_wconf 87' lang='lat' dir='ltr'><strong>rerum</strong></span> <span class='ocrx_word' id='word_1_125' title='bbox 1175 2051 1268 2115; x_wconf 85' lang='lat' dir='ltr'><strong>ecclc·</strong></span> 
     </span>
     <span class='ocr_line' id='line_1_18' title="bbox 94 2147 1267 2223; baseline 0.003 -12"><span class='ocrx_word' id='word_1_126' title='bbox 94 2219 97 2223; x_wconf 21' lang='lat'><strong>⁴</strong></span> <span class='ocrx_word' id='word_1_127' title='bbox 163 2151 365 2213; x_wconf 87' lang='lat' dir='ltr'><strong>siasticarurn</strong></span> <span class='ocrx_word' id='word_1_128' title='bbox 388 2147 569 2223; x_wconf 86' lang='lat' dir='ltr'><strong>historicos,</strong></span> <span class='ocrx_word' id='word_1_129' title='bbox 593 2150 633 2209; x_wconf 88' lang='lat' dir='ltr'><strong>de</strong></span> <span class='ocrx_word' id='word_1_130' title='bbox 654 2150 836 2211; x_wconf 88' lang='lat' dir='ltr'><strong>miserande</strong></span> <span class='ocrx_word' id='word_1_131' title='bbox 857 2147 1021 2213; x_wconf 79' lang='lat' dir='ltr'><strong>Ecclesiae</strong></span> <span class='ocrx_word' id='word_1_132' title='bbox 1039 2159 1130 2215; x_wconf 86' lang='lat' dir='ltr'><strong>statu</strong></span> <span class='ocrx_word' id='word_1_133' title='bbox 1143 2150 1267 2217; x_wconf 88' lang='lat' dir='ltr'><strong>suble·</strong></span> 
     </span>
     <span class='ocr_line' id='line_1_19' title="bbox 162 2247 1266 2330; baseline 0.003 -16"><span class='ocrx_word' id='word_1_134' title='bbox 162 2251 289 2319; x_wconf 89' lang='lat' dir='ltr'><strong>stioiani</strong></span> <span class='ocrx_word' id='word_1_135' title='bbox 313 2247 474 2329; x_wconf 75' lang='lat' dir='ltr'><strong>imperio?</strong></span> <span class='ocrx_word' id='word_1_136' title='bbox 503 2248 559 2312; x_wconf 92' lang='lat' dir='ltr'><strong>ubi</strong></span> <span class='ocrx_word' id='word_1_137' title='bbox 593 2249 744 2329; x_wconf 77' lang='lat' dir='ltr'><strong>Princeps</strong></span> <span class='ocrx_word' id='word_1_138' title='bbox 776 2260 1040 2330; x_wconf 86' lang='lat' dir='ltr'><strong>repraesentatur</strong></span> <span class='ocrx_word' id='word_1_139' title='bbox 1069 2253 1266 2328; x_wconf 83' lang='lat' dir='ltr'><strong>hacreticus,</strong></span> 
     </span>
     <span class='ocr_line' id='line_1_20' title="bbox 163 2350 1263 2436; baseline -0.002 -19"><span class='ocrx_word' id='word_1_140' title='bbox 163 2350 329 2417; x_wconf 80' lang='lat' dir='ltr'><strong>Ecclesiae</strong></span> <span class='ocrx_word' id='word_1_141' title='bbox 351 2350 536 2414; x_wconf 70' lang='lat' dir='ltr'><strong>Gamelione</strong></span> <span class='ocrx_word' id='word_1_142' title='bbox 566 2351 687 2425; x_wconf 89' lang='lat' dir='ltr'><strong>bostis,</strong></span> <span class='ocrx_word' id='word_1_143' title='bbox 711 2351 901 2415; x_wconf 76' lang='lat' dir='ltr'><strong>Pontificum</strong></span> <span class='ocrx_word' id='word_1_144' title='bbox 923 2350 1075 2430; x_wconf 85' lang='lat' dir='ltr'><strong>Silrerii,</strong></span> <span class='ocrx_word' id='word_1_145' title='bbox 1105 2352 1209 2436; x_wconf 76' lang='lat' dir='ltr'><strong>Vigilii</strong></span> <span class='ocrx_word' id='word_1_146' title='bbox 1234 2365 1263 2418; x_wconf 83' lang='lat' dir='ltr'><strong>ct</strong></span> 
     </span>
     <span class='ocr_line' id='line_1_21' title="bbox 164 2449 1265 2534; baseline 0.005 -20"><span class='ocrx_word' id='word_1_147' title='bbox 164 2451 288 2528; x_wconf 68' lang='lat' dir='ltr'><strong>Pelagii</strong></span> <span class='ocrx_word' id='word_1_148' title='bbox 311 2449 335 2511; x_wconf 92' lang='grc' dir='ltr'><strong>Ι.</strong></span> <span class='ocrx_word' id='word_1_149' title='bbox 360 2458 561 2528; x_wconf 87' lang='lat' dir='ltr'><strong>persecutor,</strong></span> <span class='ocrx_word' id='word_1_150' title='bbox 584 2451 811 2530; x_wconf 88' lang='lat' dir='ltr'><strong>episcoporum</strong></span> <span class='ocrx_word' id='word_1_151' title='bbox 832 2452 1095 2517; x_wconf 83' lang='lat' dir='ltr'><strong>orthodoxorum</strong></span> <span class='ocrx_word' id='word_1_152' title='bbox 1120 2464 1265 2534; x_wconf 69' lang='lat' dir='ltr'><strong>vexatorr</strong></span> 
     </span>
     <span class='ocr_line' id='line_1_22' title="bbox 166 2548 1264 2630; baseline 0.003 -15"><span class='ocrx_word' id='word_1_153' title='bbox 166 2554 224 2616; x_wconf 89' lang='lat' dir='ltr'><strong>nbi</strong></span> <span class='ocrx_word' id='word_1_154' title='bbox 248 2551 331 2630; x_wconf 84' lang='lat' dir='ltr'><strong>Papa</strong></span> <span class='ocrx_word' id='word_1_155' title='bbox 356 2548 492 2629; x_wconf 77' lang='lat' dir='ltr'><strong>vigilius</strong></span> <span class='ocrx_word' id='word_1_156' title='bbox 514 2551 697 2613; x_wconf 85' lang='lat' dir='ltr'><strong>haereticus</strong></span> <span class='ocrx_word' id='word_1_157' title='bbox 720 2552 850 2624; x_wconf 86' lang='lat' dir='ltr'><strong>dicitur,</strong></span> <span class='ocrx_word' id='word_1_158' title='bbox 874 2554 1036 2624; x_wconf 86' lang='lat' dir='ltr'><strong>intrusus,</strong></span> <span class='ocrx_word' id='word_1_159' title='bbox 1058 2556 1264 2627; x_wconf 85' lang='lat' dir='ltr'><strong>simoniacus,</strong></span> 
     </span>
     <span class='ocr_line' id='line_1_23' title="bbox 164 2652 1265 2732; baseline 0.002 -16"><span class='ocrx_word' id='word_1_160' title='bbox 164 2663 198 2716; x_wconf 88' lang='lat' dir='ltr'><strong>et</strong></span> <span class='ocrx_word' id='word_1_161' title='bbox 211 2656 242 2715; x_wconf 93' lang='lat' dir='ltr'><strong>ie</strong></span> <span class='ocrx_word' id='word_1_162' title='bbox 256 2655 324 2716; x_wconf 92' lang='lat' dir='ltr'><strong>suis</strong></span> <span class='ocrx_word' id='word_1_163' title='bbox 338 2652 476 2714; x_wconf 88' lang='lat' dir='ltr'><strong>decretis</strong></span> <span class='ocrx_word' id='word_1_164' title='bbox 492 2652 646 2714; x_wconf 88' lang='lat' dir='ltr'><strong>instabilis</strong></span> <span class='ocrx_word' id='word_1_165' title='bbox 653 2672 663 2730; x_wconf 81' lang='lat'><em>3</em></span> <span class='ocrx_word' id='word_1_166' title='bbox 681 2655 822 2732; x_wconf 87' lang='lat' dir='ltr'><strong>undiquc</strong></span> <span class='ocrx_word' id='word_1_167' title='bbox 843 2652 984 2715; x_wconf 81' lang='lat' dir='ltr'><strong>Ecclesia</strong></span> <span class='ocrx_word' id='word_1_168' title='bbox 1000 2657 1139 2719; x_wconf 77' lang='lat' dir='ltr'><strong>dissidiis</strong></span> <span class='ocrx_word' id='word_1_169' title='bbox 1153 2658 1265 2721; x_wconf 85' lang='lat' dir='ltr'><strong>lacera·</strong></span> 
     </span>
     <span class='ocr_line' id='line_1_24' title="bbox 164 2755 1264 2838; baseline 0.001 -19"><span class='ocrx_word' id='word_1_170' title='bbox 164 2767 220 2834; x_wconf 83' lang='lat' dir='ltr'><strong>ta3</strong></span> <span class='ocrx_word' id='word_1_171' title='bbox 243 2756 386 2833; x_wconf 86' lang='lat' dir='ltr'><strong>undiquc</strong></span> <span class='ocrx_word' id='word_1_172' title='bbox 407 2756 667 2816; x_wconf 88' lang='lat' dir='ltr'><strong>nestorianorum</strong></span> <span class='ocrx_word' id='word_1_173' title='bbox 687 2764 719 2817; x_wconf 93' lang='grc' dir='ltr'><strong>ιι</strong></span> <span class='ocrx_word' id='word_1_174' title='bbox 740 2755 1010 2838; x_wconf 76' lang='lat' dir='ltr'><strong>eutychianorum</strong></span> <span class='ocrx_word' id='word_1_175' title='bbox 1031 2758 1129 2819; x_wconf 89' lang='lat' dir='ltr'><strong>sectis</strong></span> <span class='ocrx_word' id='word_1_176' title='bbox 1150 2758 1264 2821; x_wconf 85' lang='lat' dir='ltr'><strong>icrreo·</strong></span> 
     </span>
     <span class='ocr_line' id='line_1_25' title="bbox 166 2854 1263 2939; baseline 0.002 -20"><span class='ocrx_word' id='word_1_177' title='bbox 166 2858 262 2920; x_wconf 88' lang='lat' dir='ltr'><strong>tibus.</strong></span> <span class='ocrx_word' id='word_1_178' title='bbox 293 2854 354 2918; x_wconf 86' lang='lat' dir='ltr'><strong>Hic</strong></span> <span class='ocrx_word' id='word_1_179' title='bbox 374 2856 547 2933; x_wconf 81' lang='lat' dir='ltr'><strong>acephali,</strong></span> <span class='ocrx_word' id='word_1_180' title='bbox 569 2857 637 2918; x_wconf 90' lang='lat' dir='ltr'><strong>illic</strong></span> <span class='ocrx_word' id='word_1_181' title='bbox 658 2857 850 2934; x_wconf 78' lang='lat' dir='ltr'><strong>origenistae</strong></span> <span class='ocrx_word' id='word_1_182' title='bbox 872 2857 1025 2919; x_wconf 87' lang='lat' dir='ltr'><strong>baeretici</strong></span> <span class='ocrx_word' id='word_1_183' title='bbox 1048 2858 1120 2935; x_wconf 73' lang='lat' dir='ltr'><strong>(sici</strong></span> <span class='ocrx_word' id='word_1_184' title='bbox 1140 2878 1263 2939; x_wconf 81' lang='lat' dir='ltr'><strong>praera-</strong></span> 
     </span>
     <span class='ocr_line' id='line_1_26' title="bbox 165 2955 1264 3037; baseline 0 -15"><span class='ocrx_word' id='word_1_185' title='bbox 165 2959 273 3022; x_wconf 86' lang='lat' dir='ltr'><strong>lcbant</strong></span> <span class='ocrx_word' id='word_1_186' title='bbox 286 2977 297 3036; x_wconf 85' lang='lat'>3</span> <span class='ocrx_word' id='word_1_187' title='bbox 320 2958 537 3037; x_wconf 86' lang='lat' dir='ltr'><strong>undequaque</strong></span> <span class='ocrx_word' id='word_1_188' title='bbox 557 2958 719 3018; x_wconf 88' lang='lat' dir='ltr'><strong>scandala.</strong></span> <span class='ocrx_word' id='word_1_189' title='bbox 743 2955 870 3032; x_wconf 84' lang='lat' dir='ltr'><strong>Quibus</strong></span> <span class='ocrx_word' id='word_1_190' title='bbox 898 2956 1027 3019; x_wconf 88' lang='lat' dir='ltr'><strong>demum</strong></span> <span class='ocrx_word' id='word_1_191' title='bbox 1060 2961 1205 3023; x_wconf 88' lang='lat' dir='ltr'><strong>addenda</strong></span> <span class='ocrx_word' id='word_1_192' title='bbox 1224 2969 1264 3025; x_wconf 86' lang='grc' dir='ltr'><strong>ιιι</strong></span> 
     </span>
     <span class='ocr_line' id='line_1_27' title="bbox 164 3056 1263 3138; baseline 0.002 -15"><span class='ocrx_word' id='word_1_193' title='bbox 164 3056 461 3138; x_wconf 80' lang='lat' dir='ltr'><strong>Incorruptibile’um</strong></span> <span class='ocrx_word' id='word_1_194' title='bbox 487 3068 599 3133; x_wconf 87' lang='lat' dir='ltr'><strong>secta,</strong></span> <span class='ocrx_word' id='word_1_195' title='bbox 621 3061 672 3121; x_wconf 92' lang='lat' dir='ltr'><strong>cui</strong></span> <span class='ocrx_word' id='word_1_196' title='bbox 695 3057 894 3121; x_wconf 74' lang='lat' dir='ltr'><strong>iustinianus</strong></span> <span class='ocrx_word' id='word_1_197' title='bbox 915 3059 1062 3124; x_wconf 89' lang='lat' dir='ltr'><strong>addictus</strong></span> <span class='ocrx_word' id='word_1_198' title='bbox 1083 3062 1213 3137; x_wconf 89' lang='lat' dir='ltr'><strong>dicitur,</strong></span> <span class='ocrx_word' id='word_1_199' title='bbox 1231 3078 1263 3125; x_wconf 78' lang='lat' dir='ltr'><strong>as</strong></span> 
     </span>
     <span class='ocr_line' id='line_1_28' title="bbox 166 3158 1263 3244; baseline 0.004 -21"><span class='ocrx_word' id='word_1_200' title='bbox 166 3169 198 3225; x_wconf 91' lang='lat' dir='ltr'><strong>in</strong></span> <span class='ocrx_word' id='word_1_201' title='bbox 219 3180 256 3225; x_wconf 91' lang='lat' dir='ltr'><strong>ea</strong></span> <span class='ocrx_word' id='word_1_202' title='bbox 278 3161 461 3223; x_wconf 75' lang='lat' dir='ltr'><strong>defunctus.</strong></span> <span class='ocrx_word' id='word_1_203' title='bbox 494 3158 530 3220; x_wconf 76' lang='lat' dir='ltr'><strong>Et</strong></span> <span class='ocrx_word' id='word_1_204' title='bbox 561 3161 639 3221; x_wconf 91' lang='lat' dir='ltr'><strong>baec</strong></span> <span class='ocrx_word' id='word_1_205' title='bbox 671 3163 777 3221; x_wconf 92' lang='lat' dir='ltr'><strong>omnia</strong></span> <span class='ocrx_word' id='word_1_206' title='bbox 809 3160 938 3238; x_wconf 86' lang='lat' dir='ltr'><strong>quidem</strong></span> <span class='ocrx_word' id='word_1_207' title='bbox 967 3164 1263 3244; x_wconf 78' lang='lat' dir='ltr'><strong>asseverabanipo</strong></span> 
     </span>
     <span class='ocr_line' id='line_1_29' title="bbox 165 3259 1262 3342; baseline -0.003 -13"><span class='ocrx_word' id='word_1_208' title='bbox 165 3267 322 3330; x_wconf 84' lang='lat' dir='ltr'><strong>tissimum</strong></span> <span class='ocrx_word' id='word_1_209' title='bbox 345 3265 444 3325; x_wconf 86' lang='lat' dir='ltr'><strong>trium</strong></span> <span class='ocrx_word' id='word_1_210' title='bbox 467 3259 693 3340; x_wconf 86' lang='lat' dir='ltr'><strong>Capitulorum</strong></span> <span class='ocrx_word' id='word_1_211' title='bbox 717 3261 921 3325; x_wconf 79' lang='lat' dir='ltr'><strong>defensores:</strong></span> <span class='ocrx_word' id='word_1_212' title='bbox 939 3281 1083 3342; x_wconf 85' lang='lat' dir='ltr'><strong>quorum</strong></span> <span class='ocrx_word' id='word_1_213' title='bbox 1098 3268 1262 3329; x_wconf 85' lang='lat' dir='ltr'><strong>auctorita·</strong></span> 
     </span>
     <span class='ocr_line' id='line_1_30' title="bbox 168 3360 1263 3446; baseline -0.003 -17"><span class='ocrx_word' id='word_1_214' title='bbox 168 3369 192 3429; x_wconf 89' lang='lat' dir='ltr'><strong>ti</strong></span> <span class='ocrx_word' id='word_1_215' title='bbox 214 3368 244 3428; x_wconf 92' lang='lat' dir='ltr'><strong>in</strong></span> <span class='ocrx_word' id='word_1_216' title='bbox 265 3364 415 3428; x_wconf 89' lang='lat' dir='ltr'><strong>omnibus</strong></span> <span class='ocrx_word' id='word_1_217' title='bbox 435 3380 560 3425; x_wconf 85' lang='lat' dir='ltr'><strong>cessere</strong></span> <span class='ocrx_word' id='word_1_218' title='bbox 581 3363 669 3423; x_wconf 90' lang='lat' dir='ltr'><strong>latini</strong></span> <span class='ocrx_word' id='word_1_219' title='bbox 694 3360 854 3424; x_wconf 84' lang='lat' dir='ltr'><strong>Historiae</strong></span> <span class='ocrx_word' id='word_1_220' title='bbox 875 3365 1113 3429; x_wconf 86' lang='lat' dir='ltr'><strong>ecclesiasticae</strong></span> <span class='ocrx_word' id='word_1_221' title='bbox 1142 3369 1263 3446; x_wconf 87' lang='lat' dir='ltr'><strong>scripto·</strong></span> 
     </span>
     <span class='ocr_line' id='line_1_31' title="bbox 169 3463 1263 3548; baseline -0.002 -17"><span class='ocrx_word' id='word_1_222' title='bbox 169 3487 240 3541; x_wconf 92' lang='lat' dir='ltr'><strong>rcs,</strong></span> <span class='ocrx_word' id='word_1_223' title='bbox 264 3468 319 3529; x_wconf 91' lang='lat' dir='ltr'><strong>uni</strong></span> <span class='ocrx_word' id='word_1_224' title='bbox 341 3465 382 3527; x_wconf 90' lang='lat' dir='ltr'><strong>ab</strong></span> <span class='ocrx_word' id='word_1_225' title='bbox 403 3463 473 3524; x_wconf 90' lang='lat' dir='ltr'><strong>aliis</strong></span> <span class='ocrx_word' id='word_1_226' title='bbox 496 3466 635 3525; x_wconf 88' lang='lat' dir='ltr'><strong>mutuati</strong></span> <span class='ocrx_word' id='word_1_227' title='bbox 659 3464 898 3538; x_wconf 88' lang='lat' dir='ltr'><strong>testimonium,</strong></span> <span class='ocrx_word' id='word_1_228' title='bbox 923 3474 959 3526; x_wconf 92' lang='lat' dir='ltr'><strong>ut</strong></span> <span class='ocrx_word' id='word_1_229' title='bbox 980 3467 1078 3528; x_wconf 88' lang='lat' dir='ltr'><strong>simul</strong></span> <span class='ocrx_word' id='word_1_230' title='bbox 1110 3473 1263 3548; x_wconf 76' lang='lat' dir='ltr'><strong>pergerent</strong></span> 
     </span>
     <span class='ocr_line' id='line_1_32' title="bbox 167 3563 1262 3646; baseline -0.002 -15"><span class='ocrx_word' id='word_1_231' title='bbox 167 3573 198 3631; x_wconf 90' lang='lat' dir='ltr'><strong>in</strong></span> <span class='ocrx_word' id='word_1_232' title='bbox 221 3576 376 3646; x_wconf 88' lang='lat' dir='ltr'><strong>perpetua</strong></span> <span class='ocrx_word' id='word_1_233' title='bbox 401 3565 572 3643; x_wconf 88' lang='lat' dir='ltr'><strong>illusione;</strong></span> <span class='ocrx_word' id='word_1_234' title='bbox 594 3564 726 3627; x_wconf 87' lang='lat' dir='ltr'><strong>acideo</strong></span> <span class='ocrx_word' id='word_1_235' title='bbox 748 3566 951 3626; x_wconf 89' lang='lat' dir='ltr'><strong>inimicorum</strong></span> <span class='ocrx_word' id='word_1_236' title='bbox 976 3563 1141 3632; x_wconf 82' lang='lat' dir='ltr'><strong>Ecclesiae</strong></span> <span class='ocrx_word' id='word_1_237' title='bbox 1160 3568 1262 3633; x_wconf 81' lang='lat' dir='ltr'><strong>Cathe-</strong></span> 
     </span>
     <span class='ocr_line' id='line_1_33' title="bbox 165 3665 1245 3745; baseline -0.004 -13"><span class='ocrx_word' id='word_1_238' title='bbox 165 3671 249 3733; x_wconf 89' lang='lat' dir='ltr'><strong>iicae</strong></span> <span class='ocrx_word' id='word_1_239' title='bbox 270 3667 437 3731; x_wconf 90' lang='lat' dir='ltr'><strong>conatibus</strong></span> <span class='ocrx_word' id='word_1_240' title='bbox 458 3667 497 3726; x_wconf 89' lang='lat' dir='ltr'><strong>ad</strong></span> <span class='ocrx_word' id='word_1_241' title='bbox 520 3666 601 3728; x_wconf 88' lang='lat' dir='ltr'><strong>banc</strong></span> <span class='ocrx_word' id='word_1_242' title='bbox 622 3665 868 3745; x_wconf 77' lang='lat' dir='ltr'><strong>expugnandam</strong></span> <span class='ocrx_word' id='word_1_243' title='bbox 888 3667 1136 3745; x_wconf 86' lang='lat' dir='ltr'><strong>suppeditarent</strong></span> <span class='ocrx_word' id='word_1_244' title='bbox 1155 3686 1245 3732; x_wconf 90' lang='lat' dir='ltr'><strong>arma.</strong></span> 
     </span>
    </p>

    <p class='ocr_par' dir='ltr' id='par_1_6' title="bbox 167 3765 1262 4252">
     <span class='ocr_line' id='line_1_34' title="bbox 249 3765 1262 3849; baseline -0.001 -17"><span class='ocrx_word' id='word_1_245' title='bbox 249 3769 384 3846; x_wconf 76' lang='lat' dir='ltr'><strong>Bionis</strong></span> <span class='ocrx_word' id='word_1_246' title='bbox 408 3768 469 3829; x_wconf 90' lang='lat' dir='ltr'><strong>boc</strong></span> <span class='ocrx_word' id='word_1_247' title='bbox 492 3768 636 3845; x_wconf 86' lang='lat' dir='ltr'><strong>patietur</strong></span> <span class='ocrx_word' id='word_1_248' title='bbox 656 3765 807 3837; x_wconf 88' lang='lat' dir='ltr'><strong>ulterius,</strong></span> <span class='ocrx_word' id='word_1_249' title='bbox 829 3768 1050 3830; x_wconf 84' lang='lat' dir='ltr'><strong>sincerissimis</strong></span> <span class='ocrx_word' id='word_1_250' title='bbox 1079 3789 1158 3833; x_wconf 91' lang='lat' dir='ltr'><strong>usus</strong></span> <span class='ocrx_word' id='word_1_251' title='bbox 1179 3781 1209 3833; x_wconf 92' lang='lat' dir='ltr'><strong>et</strong></span> <span class='ocrx_word' id='word_1_252' title='bbox 1226 3770 1262 3849; x_wconf 82' lang='lat' dir='ltr'><strong>ip</strong></span> 
     </span>
     <span class='ocr_line' id='line_1_35' title="bbox 167 3867 1260 3937; baseline -0.004 -1"><span class='ocrx_word' id='word_1_253' title='bbox 167 3876 234 3937; x_wconf 88' lang='lat' dir='ltr'><strong>sius</strong></span> <span class='ocrx_word' id='word_1_254' title='bbox 255 3870 428 3934; x_wconf 74' lang='lat' dir='ltr'><strong>iustiniani</strong></span> <span class='ocrx_word' id='word_1_255' title='bbox 455 3879 486 3930; x_wconf 89' lang='lat' dir='ltr'><strong>et</strong></span> <span class='ocrx_word' id='word_1_256' title='bbox 510 3868 700 3930; x_wconf 81' lang='lat' dir='ltr'><strong>l&#39;ontiiicum</strong></span> <span class='ocrx_word' id='word_1_257' title='bbox 725 3878 755 3929; x_wconf 91' lang='lat' dir='ltr'><strong>et</strong></span> <span class='ocrx_word' id='word_1_258' title='bbox 779 3867 918 3929; x_wconf 88' lang='lat' dir='ltr'><strong>aliorum</strong></span> <span class='ocrx_word' id='word_1_259' title='bbox 943 3870 1260 3933; x_wconf 85' lang='lat' dir='ltr'><strong>orthodoxnrnmde·</strong></span> 
     </span>
     <span class='ocr_line' id='line_1_36' title="bbox 167 3967 1261 4050; baseline -0.007 -16"><span class='ocrx_word' id='word_1_260' title='bbox 167 3972 338 4044; x_wconf 88' lang='lat' dir='ltr'><strong>cementis,</strong></span> <span class='ocrx_word' id='word_1_261' title='bbox 362 3988 447 4048; x_wconf 77' lang='lat' dir='ltr'><strong>nasac</strong></span> <span class='ocrx_word' id='word_1_262' title='bbox 467 3969 650 4029; x_wconf 89' lang='lat' dir='ltr'><strong>omnimode</strong></span> <span class='ocrx_word' id='word_1_263' title='bbox 671 3968 795 4030; x_wconf 87' lang='lat' dir='ltr'><strong>obstant</strong></span> <span class='ocrx_word' id='word_1_264' title='bbox 818 3967 947 4045; x_wconf 88' lang='lat' dir='ltr'><strong>pertidis</strong></span> <span class='ocrx_word' id='word_1_265' title='bbox 970 3969 1030 4029; x_wconf 86' lang='lat' dir='ltr'><strong>tria</strong></span> <span class='ocrx_word' id='word_1_266' title='bbox 1053 3969 1200 4050; x_wconf 83' lang='lat' dir='ltr'><strong>Capitula</strong></span> <span class='ocrx_word' id='word_1_267' title='bbox 1218 3970 1261 4027; x_wconf 81' lang='lat' dir='ltr'><strong>de.-</strong></span> 
     </span>
     <span class='ocr_line' id='line_1_37' title="bbox 168 4065 1262 4152; baseline -0.002 -18"><span class='ocrx_word' id='word_1_268' title='bbox 168 4072 366 4134; x_wconf 83' lang='lat' dir='ltr'><strong>tendentium</strong></span> <span class='ocrx_word' id='word_1_269' title='bbox 401 4066 672 4130; x_wconf 74' lang='lat' dir='ltr'><strong>enarrationibus?</strong></span> <span class='ocrx_word' id='word_1_270' title='bbox 701 4065 808 4130; x_wconf 88' lang='lat' dir='ltr'><strong>Mirer</strong></span> <span class='ocrx_word' id='word_1_271' title='bbox 838 4087 936 4144; x_wconf 89' lang='lat' dir='ltr'><strong>sane,</strong></span> <span class='ocrx_word' id='word_1_272' title='bbox 959 4073 1126 4149; x_wconf 86' lang='lat' dir='ltr'><strong>quomodo</strong></span> <span class='ocrx_word' id='word_1_273' title='bbox 1154 4070 1262 4152; x_wconf 84' lang='lat' dir='ltr'><strong>praeia-</strong></span> 
     </span>
     <span class='ocr_line' id='line_1_38' title="bbox 172 4169 1261 4252; baseline -0.002 -17"><span class='ocrx_word' id='word_1_274' title='bbox 172 4176 193 4235; x_wconf 88' lang='lat' dir='ltr'><strong>ti</strong></span> <span class='ocrx_word' id='word_1_275' title='bbox 216 4176 392 4252; x_wconf 85' lang='lat' dir='ltr'><strong>scriptores</strong></span> <span class='ocrx_word' id='word_1_276' title='bbox 417 4171 606 4234; x_wconf 82' lang='lat' dir='ltr'><strong>Pontificum</strong></span> <span class='ocrx_word' id='word_1_277' title='bbox 631 4169 851 4233; x_wconf 84' lang='lat' dir='ltr'><strong>Rouranorum</strong></span> <span class='ocrx_word' id='word_1_278' title='bbox 878 4171 1081 4249; x_wconf 75' lang='lat' dir='ltr'><strong>neglexerint</strong></span> <span class='ocrx_word' id='word_1_279' title='bbox 1105 4177 1261 4237; x_wconf 85' lang='lat' dir='ltr'><strong>auctorita·</strong></span> 
     </span>
    </p>
   </div>
   <div class='ocr_carea' id='block_1_2' title="bbox 0 0 1450 4784">
    <p class='ocr_par' dir='ltr' id='par_1_7' title="bbox 0 0 1450 4784">
     <span class='ocr_line' id='line_1_39' title="bbox 0 0 1450 4784; baseline 0 0"><span class='ocrx_word' id='word_1_280' title='bbox 0 0 1450 4784; x_wconf 95' lang='lat' dir='ltr'><strong> </strong></span> 
     </span>
    </p>
   </div>
  </div>
 </body>
</html>
