2886 4784
1171 368 1210 437 31

96 483 161 534 tt'ott
183 487 252 533 esse
273 467 390 548 Operis
420 470 613 546 auctorem)
642 472 749 551 quiin
778 473 875 534 citato
907 475 991 536 libro
1022 470 1075 534 ttt.
1108 494 1134 535 c.
1162 472 1213 539 28.

94 572 233 636 scribit:
258 592 275 631 u
299 571 341 634 ht
361 572 444 634 scire
465 572 599 647 debuit,
622 575 677 652 qui
707 581 792 636 stant
813 592 830 635 a
855 577 1000 654 partibus
1027 575 1215 656 Serpentis,

96 678 192 754 quasi
215 674 288 737 boni
312 676 436 739 consilii
458 687 574 738 auctor
595 676 777 740 hominibus
801 678 911 751 luerit,
930 691 1026 759 atque
1044 680 1103 741 hac
1126 683 1157 741 in
1181 698 1215 741 re

98 779 236 838 titanum
258 787 289 838 et
305 780 469 855 gigantum
489 777 614 840 lahulas
628 777 723 858 longe
738 791 905 857 superant,
923 792 953 842 et
970 783 1089 842 idcirco
1105 783 1217 860 ophia-

96 880 129 940 ni
151 879 229 941 dicti
249 889 336 951 snut,
360 898 415 940 eos
439 889 562 942 tantum
585 880 697 943 abesse
720 888 755 942 ut
778 881 942 942 christiani
958 867 1085 956 sint‚'nt
1102 881 1214 946 lesum

12 1047 15 1051 ,
98 999 162 1043 nou
185 982 289 1043 minus
311 979 407 1044 Celso
431 983 694 1046 calumnienturs
728 1001 787 1045 neo
818 985 848 1045 in
880 1002 995 1046 eorum
1027 984 1215 1048 sodalitium

97 1100 299 1163 quemquam
321 1083 445 1144 admitti
468 1094 641 1164 antequam
663 1082 775 1148 Jesum
798 1096 971 1148 execratus
994 1086 1141 1148 luerit.»
1166 1084 1215 1148 Ex

97 1184 238 1246 adverso
260 1179 448 1263 Anonymus
471 1184 509 1245 de
532 1184 650 1247 eisdem
674 1186 798 1264 inquit:
822 1207 838 1244 a
861 1184 901 1248 ttt
924 1188 1068 1250 omnium
1102 1206 1215 1249 rerum

97 1286 295 1366 principium
319 1285 479 1346 hominem
502 1286 615 1348 colunt
636 1296 668 1348 et
690 1285 809 1351 Filium
833 1289 980 1351 hominis.
1016 1286 1073 1352 Est
1104 1299 1214 1351 antem

98 1389 153 1452 hic
168 1387 266 1450 homo
278 1388 443 1449 masculus
456 1398 486 1449 et
502 1387 631 1461 lemine,
649 1398 680 1450 et
691 1391 776 1465 apud
790 1408 844 1451 ens
860 1397 995 1452 vocatur
1008 1389 1167 1453 Adamas.
1184 1435 1190 1449 .
1208 1432 1215 1449 .

99 1488 191 1552 llaec
212 1491 318 1551 omnia
342 1490 511 1573 rationalia
533 1499 566 1553 ct
587 1491 736 1551 animalia
760 1500 791 1552 et
816 1502 941 1553 terrena
964 1492 1164 1554 devenerunt
1184 1497 1217 1554 et

98 1599 268 1656 cessarunt
288 1590 384 1654 simul
403 1591 438 1651 in
461 1608 561 1653 unum
586 1591 747 1653 homiuem
770 1590 897 1667 lesum,
913 1594 968 1670 qui
984 1613 1025 1655 ex
1043 1590 1145 1654 Maria
1162 1610 1216 1654 na·

99 1702 151 1757 tus
175 1701 234 1756 est.
260 1713 275 1750 >t
456 1687 460 1693 ’

183 1794 383 1857 descendens
405 1803 512 1857 autem
537 1796 724 1879 Anonymus
746 1796 784 1856 ad
806 1800 1019 1858 naamitarum
1035 1797 1169 1858 nelanda
1185 1805 1218 1860 et

98 1897 207 1974 turpia
231 1897 395 1978 mysteria,
413 1896 540 1974 longam
558 1897 685 1958 conficit
701 1895 967 1976 disquisitionem,
984 1905 1016 1958 et
1031 1915 1094 1958 non
1108 1898 1215 1959 solum

97 1998 129 2058 in
152 1998 215 2059 hoc
236 1998 339 2076 capite
361 1997 415 2058 sed
438 1997 533 2058 etiam
557 1999 587 2058 in
617 1999 836 2076 sequentihus.
861 1996 1079 2060 Nihilominus
1102 1999 1132 2058 in
1155 1998 1216 2059 litte

100 2095 191 2161 Libri
215 2096 303 2160 Vlll.
326 2108 441 2162 exacta
465 2098 504 2159 de
527 2101 691 2161 encratitis
713 2101 914 2178 quaestione,
938 2098 1174 2174 subdittouod
1190 2100 1217 2160 si

98 2202 184 2264 aliae
207 2203 415 2264 nominentur
437 2202 600 2276 haereses,
624 2203 746 2265 scilicet
762 2201 952 2282 cajanorum
968 2212 1000 2262 et
1015 2201 1215 2280 ophitarum,

98 2312 133 2366 et
154 2302 394 2377 noachitarnm‚
418 2302 625 2382 aliorumque
647 2302 824 2374 similium,
849 2320 911 2363 nnn
933 2319 1061 2363 necesse
1083 2320 1152 2362 esse
1166 2320 1218 2362 ar-

99 2405 211 2467 bitrati
232 2423 345 2467 sumus
367 2422 451 2483 qnae
473 2403 513 2464 ab
535 2405 571 2464 iis
593 2404 677 2466 dicta
702 2403 752 2465 tel
770 2404 852 2467 lacta
869 2413 955 2477 snut,
972 2416 1135 2483 exponere
1148 2422 1159 2480 3
1178 2423 1217 2466 tte

98 2526 134 2569 se
153 2507 340 2568 existiment
362 2505 483 2586 aliquid
506 2525 590 2579 esse,
614 2506 663 2567 tel
687 2505 882 2568 discussione
899 2506 1019 2584 dignos.
1043 2524 1059 2560 n
1084 2503 1123 2566 Et
1139 2507 1216 2583 quid

99 2609 182 2669 haec
202 2607 261 2668 sihi
285 2604 412 2669 velint?
432 2616 464 2670 et
485 2625 545 2670 cur
567 2608 609 2669 ita
631 2607 759 2683 scripsit
782 2604 997 2687 Anonymnsi
1021 2602 1170 2668 Fortasse
1194 2610 1218 2669 i-

98 2709 251 2790 gnoratit
273 2709 469 2772 vocabulum
493 2708 680 2772 hebraicum
703 2707 822 2772 nachan
844 2726 972 2786 serpens
995 2708 1078 2772 unde
1101 2710 1218 2770 naassi·

70 2856 73 2865 ·
100 2821 165 2887 tae,
182 2800 264 2873 idem
280 2829 349 2873 esse
366 2829 403 2873 ac
420 2828 573 2889 graecum
595 2805 665 2901 ἔφες
686 2811 741 2890 ofis
754 2828 878 2890 serpeus
896 2811 978 2872 unde
1000 2806 1110 2903 ἕφιται
1131 2807 1218 2889 ophi·

98 2931 162 2991 tae,
185 2919 313 2999 dequo
335 2937 428 2980 nemo
452 2916 605 2981 dubitati
627 2916 778 2982 Proiecto
801 2922 900 2982 ceteri
924 2919 1096 2983 haeresum
1120 2921 1217 2982 histo·

98 3023 157 3083 riui
181 3021 241 3083 suh
264 3022 311 3082 his
334 3020 516 3081 nominihus
540 3037 639 3081 unum
663 3025 695 3079 et
717 3019 865 3080 eumdem
890 3038 1037 3081 errorem
1069 3039 1215 3099 compte-

100 3123 300 3185 henderunt:
324 3140 382 3184 nec
396 3121 477 3184 duos
494 3120 593 3200 hujus
608 3123 727 3182 erroris
745 3123 914 3198 magistros
931 3120 1029 3183 luisse
1047 3120 1216 3200 hucusque
1266 3122 1269 3127 '

99 3221 291 3302 agnovimus
303 3243 314 3301 3
339 3223 384 3284 nti
410 3222 518 3285 videre
541 3229 589 3282 est
610 3223 694 3300 apud
713 3242 737 3283 s.
758 3222 940 3294 transeam,
963 3218 1216 3292 Tertullianum,

98 3335 179 3386 ets.
204 3322 432 3403 Epiphaninm.
456 3322 589 3387 Constat
611 3324 721 3402 itaque
745 3323 953 3404 huottytnum
978 3324 1051 3384 talia
1074 3341 1216 3384 asseren·
1296 3374 1303 3389 ,

100 3439 191 3497 tem,
214 3434 272 3488 aut
292 3428 492 3499 nescivisse,
514 3425 640 3503 ophitas
663 3425 792 3486 eosdem
825 3426 937 3486 haberi
960 3443 998 3486 ac
1020 3442 1214 3502 naassenos3

100 3527 157 3603 ael,
176 3530 280 3604 ipsum
304 3527 333 3586 in
357 3528 417 3589 hoc
439 3524 741 3605 contlandoOpere¹
765 3543 781 3584 a
805 3525 940 3587 diversis
963 3525 1153 3587 auctoribus
1172 3527 1217 3585 dt-

99 3647 190 3691 versa
214 3628 252 3689 ad
275 3627 416 3689 litteram
441 3629 721 3700 transsumentem,
746 3626 884 3688 oblitum
908 3646 989 3703 esse,
1012 3646 1097 3706 quae
1122 3637 1216 3690 antra

97 3734 138 3794 de
161 3732 210 3793 his
232 3731 403 3792 haereticis
424 3730 484 3792 suh
507 3730 572 3791 alio
595 3732 722 3791 nomine
744 3729 954 3805 expenderat.

179 3830 335 3910 lleinceps
358 3832 533 3893 notandum
556 3831 712 3911 estquod
737 3830 777 3891 de
799 3829 918 3890 eisdem
940 3830 1052 3891 scribit
1088 3828 1216 3908 Anony-

98 3952 172 3996 mus
194 3935 225 3995 in
247 3931 347 3995 Libro
368 3930 408 3993 X.
431 3951 459 3994 n.
485 3929 508 3992 l.
533 3950 562 3992 n.
586 3929 615 3995 tl.
640 3952 656 3989 a
680 3930 740 3993 Sed
764 3948 866 4009 quum
889 3930 979 3991 nohis
1001 3932 1043 3991 itn
1068 3929 1214 4007 placeat,

96 4037 289 4116 incipiamus
312 4035 451 4096 asanais
482 4035 597 4097 ritihus
628 4050 766 4106 eornm,
791 4034 846 4111 qui
869 4029 1057 4110 Serpentem
1088 4032 1213 4093 colunt.

98 4136 253 4202 Naasseni
276 4138 438 4200 hominem
461 4136 572 4198 dicunt
593 4154 661 4198 esse
684 4136 911 4197 universorum
942 4134 1160 4212 principium,
1184 4140 1217 4194 et

97 4238 250 4302 eumdem
273 4237 375 4302 filium
400 4237 534 4302 hominis
546 4257 557 4315 3
581 4255 678 4316 quem
699 4244 733 4298 et
757 4235 927 4315 tripliciter
943 4233 1090 4296 dividunt
1109 4241 1169 4295 ete.
1196 4252 1211 4286 a
