2886 4784
1181 320 1223 389 15

105 421 162 484 tim
195 419 327 482 iocatus
355 419 395 482 de
419 427 582 484 astrorum
605 419 709 500 deque
730 417 828 482 ianae
850 421 1137 503 expirationibns‚
1164 443 1223 486 nn·

105 522 146 584 de
176 522 328 584 accidunt
361 521 519 602 ectypscs.
549 515 730 586 ilistoricns
761 524 875 585 scribit
904 524 1123 602 expirationes
1156 540 1226 587 esse

105 623 265 700 quosdam
288 639 389 684 aurae
411 618 620 701 permeatus,
656 621 741 686 unde
772 631 857 685 ostra
895 625 1066 687 ridentur:
1100 624 1221 701 onibus

106 724 266 787 meatibus
286 723 459 796 obturatis,
477 723 546 785 fieri
568 726 723 804 ectypses.
743 723 931 809 anonymus
949 743 1025 786 vero
1044 727 1222 801 expiratio-

107 841 164 884 nes
185 824 261 884 dicit
283 843 352 885 esse
373 823 528 903 quasdam
551 842 686 901 aereas,
718 827 804 887 circa
838 844 921 904 quos
953 826 1043 888 locos
1068 832 1226 903 apparent

107 923 244 985 steilaer
270 923 323 983 nbi
346 923 426 986 latet
447 941 572 987 sensns.

150 1017 152 1020 ⁴
191 1021 270 1085 item
291 1023 470 1084 secundnm
493 1022 715 1101 descriptionis
738 1021 884 1085 ordinem
906 1021 1008 1084 relate
1023 1022 1061 1083 ad
1083 1032 1167 1085 astra
1184 1042 1225 1086 ex

110 1120 343 1185 Anaximandri
366 1129 472 1182 mente
492 1119 656 1184 Cedrenns
679 1122 782 1199 pergit
801 1120 933 1183 loeutus
955 1120 994 1182 de
1009 1121 1078 1183 soie
1101 1122 1140 1182 dc
1166 1120 1227 1184 Zo-

104 1214 278 1296 'dicende
300 1221 419 1301 pluviis
450 1221 490 1283 de
521 1219 653 1300 inignrc
685 1238 723 1282 ac
755 1222 884 1284 demum
907 1221 947 1282 de
970 1221 1105 1283 bominis
1135 1231 1225 1286 ortu.

107 1306 210 1391 Εἶναι
233 1315 266 1388 δὲ
291 1314 345 1388 τὸν
370 1317 488 1390 κύκλον
511 1317 567 1388 rin
593 1311 688 1399 ἡλίου
708 1313 859 1389 ἓπτοίκοιί
880 1318 1149 1390 ἐικοσιπλοισίονοι
1171 1333 1230 1402 τῆς

105 1425 258 1504 σελήνης.
284 1415 354 1497 Καί
378 1421 528 1494 ἀνωτοίτω
543 1417 602 1516 μὲν
616 1411 702 1493 {iver
718 1423 775 1493 reb
793 1419 898 1505 ἥλιον,
914 1432 1088 1498 κατωτάτω
1102 1420 1138 1493 δέ
1153 1420 1228 1507 τους

105 1534 186 1596 τῶν
192 1525 385 1600 ἀπλανῶν’
363 1528 503 1628 ποτέρων
525 1528 674 1610 κύκλους.
692 1519 792 1599 'iride‘
807 1526 912 1614 ζοίδια
936 1530 1081 1623 γίνεσθαι
1097 1527 1232 1622 ἐξατμι-

110 1627 275 1728 ζομενοο
258 1628 318 1704 υπὸ
339 1634 395 1704 τὸυ
419 1631 540 1715 ἡλίου,
562 1633 700 1727 ἀνέμους
723 1628 756 1702 δέ
779 1633 924 1726 γίνεσθαι
949 1642 1009 1704 τῶν
1033 1635 1229 1705 λεπτοτάτων

107 1737 220 1830 ἀτμῶν
243 1737 335 1810 ἐκ
300 1763 356 1809 του
377 1739 469 1868 ἀέρος
492 1738 760 1841 ἀποκρινομένων,
784 1736 843 1810 καί
861 1737 940 1808 ὅταν
955 1738 1161 1866 ἀθροισθῶσι
1183 1761 1232 1808 κι

106 1839 320 1936 νουμένων,ε
304 1841 413 1931 υετους
435 1837 469 1915 δε
493 1843 529 1916 ἐκ
552 1857 610 1925 τῆς
639 1844 782 1936 ἀτμίδος
811 1858 869 1925 τῆς
896 1844 931 1915 ἐκ
961 1853 1021 1913 τῶν
1052 1840 1100 1938 ἀφ’
1137 1839 1232 1924 ηλτον

106 1947 378 2044 ἀνοιδοδουμένης.
402 1943 637 2052 ἀςτροιπάοδε,
662 1944 740 2019 οταν
762 1949 880 2043 ἄνεμος
902 1949 1064 2019 ἐκπίπτων
1087 1944 1232 2030 deierare

107 2051 167 2134 τάς
188 2055 327 2146 νεφέλας.
347 2053 415 2126 Tris
439 2055 475 2126 δὲ
497 2054 663 2158 ἄνθρωπον
685 2055 862 2157 κατορχάς
885 2054 982 2150 ipati
1004 2055 1233 2157 παραπλήσιον

106 2157 268 2251 γίνεσθαι.
298 2187 314 2226 υ
338 2167 358 2225 i.
381 2183 410 2225 e.
434 2161 517 2226 Solis
532 2162 692 2225 circulum
708 2162 747 2223 ad
763 2163 860 2224 lunae
875 2164 986 2224 orbem
1005 2179 1072 2223 esse
1094 2177 1231 2239 propor-

78 2345 81 2351 .
111 2267 198 2330 tione
220 2269 331 2344 viginti
352 2267 550 2347 septupium.
574 2265 609 2327 in
631 2285 758 2329 summo
781 2284 849 2328 esse
871 2267 986 2338 sotem,
1002 2265 1034 2325 in
1053 2265 1119 2325 imo
1135 2260 1231 2324 orbes

107 2365 281 2427 stellarum
303 2365 455 2452 binarum.
478 2364 614 2429 Zodiace
639 2367 723 2427 nasci
747 2367 920 2444 vaporibus
942 2383 960 2427 a
981 2364 1050 2426 sole
1071 2362 1230 2438 elevatis3

113 2475 239 2539 ventos,
255 2484 330 2528 cnm
353 2468 530 2529 tenuissimi
548 2485 683 2545 vapores
699 2485 739 2529 ex
755 2484 830 2529 aere
845 2474 1072 2540 secernuntur,
1091 2464 1147 2544 qni
1163 2463 1231 2526 coi·

111 2567 186 2629 lecti
209 2575 482 2644 commoventem
509 2567 636 2645 pluvias
657 2584 697 2630 ex
720 2566 957 2629 exalationibns
975 2584 993 2627 a
1009 2566 1079 2628 soie
1100 2583 1231 2628 sursum

112 2667 269 2746 elevatis3
292 2666 424 2744 inignra
448 2684 522 2728 cum
541 2675 656 2730 ventus
672 2684 846 2745 erumpens
860 2668 960 2728 nubes
975 2666 1113 2728 scindit:
1130 2674 1162 2728 et
1177 2666 1235 2727 bo·

110 2769 229 2830 minem
252 2766 293 2828 ab
314 2767 406 2829 initio
425 2767 564 2830 similem
588 2769 681 2846 piscis
702 2776 812 2830 natum
834 2785 913 2828 esse.
935 2786 952 2823 ν

193 2866 382 2948 Anonymus
407 2886 484 2929 vero
506 2869 624 2932 habet:
649 2890 665 2928 a
692 2853 790 2935 Εἶναι
808 2856 841 2933 δὲ
857 2865 913 2935 τάν
930 2863 1048 2934 κύκλον
1067 2866 1122 2932 rin
1139 2859 1234 2973 ἡλίου

109 2960 190 3034 ἑπτα
206 2962 267 3036 καὶ
292 2966 555 3038 εικοοιπλοισίονα
577 2981 636 3048 τῆς
659 2971 819 3050 σελνίνος
837 2964 895 3039 κοί
913 2969 1057 3039 ἀνωτάτο
1074 2967 1134 3063 μὲν
1148 2960 1233 3038 {abac

108 3092 165 3138 τον
188 3067 295 3153 ἥλιον
317 3073 492 3142 κατωτάτω
513 3065 546 3141 δὲ
574 3097 649 3155 τους
673 3083 734 3144 τῶν
756 3073 944 3146 ἀπλονῶν’
925 3075 1063 3175 ποτέρων
1086 3074 1231 3154 κύκλους.

106 3171 163 3242 Tei
185 3169 221 3243 δε
245 3176 314 3260 ζὼκ
347 3177 498 3268 γίνεσθαι
530 3175 827 3272 ἐξοτμιξόμενοι
809 3203 870 3247 υπο
893 3202 949 3246 του
979 3178 1085 3258 Ιἡλίου.
1109 3172 1177 3246 Τὸν
1200 3172 1234 3246 δὲ

105 3275 310 3450 ἄνθρωπον
289 3280 416 3400 οτερῳ
414 3277 487 3372 ζωῳ
509 3283 685 3374 γενονέναι.
709 3306 798 3351 τουτο
802 3306 869 3364 ςτιν
888 3280 991 3376 ίχθυΐ
1008 3281 1236 3378 παραπλήσιον

108 3384 182 3450 κοτ’
206 3378 325 3480 ἀρχάς.
349 3370 421 3453 ’dun
407 3394 506 3476 έςμου
528 3385 562 3454 δε
586 3385 732 3479 γίνεσθαι
756 3397 815 3457 τῶν
839 3385 1073 3459 λεπτοτάτωυ’
1053 3394 1163 3480 οιτμών
1181 3409 1237 3454 του

105 3483 204 3582 ἀέρος
228 3487 490 3588 ἀποκρινομένων
514 3494 572 3560 καί
596 3489 673 3565 ὅταν
691 3493 910 3588 ἀθροισθωοι,
927 3503 1130 3584 κινουμένου,
1148 3487 1237 3562 ὑετὸν

109 3585 174 3658 δὲ’
175 3614 208 3661 εκ
231 3603 292 3719 γρς
315 3589 555 3685 ἀναδοδομίνης
579 3592 613 3663 ἔκ
637 3603 698 3665 τῶν
722 3593 936 3690 (νεφελῶν)
918 3622 960 3690 υρ
960 3594 1114 3677 'iicon’
1117 3621 1222 3700 αοτροι
1201 3621 1240 3666 οι-
1346 3637 1349 3649 =

110 3694 176 3776 πάς
193 3693 270 3764 di*
253 3719 330 3766 οταν
352 3695 471 3791 ἀνεμος
495 3697 666 3790 ἐμπίπτων
687 3698 791 3796 δὶίςτᾴ
813 3701 871 3784 τάς
895 3703 1059 3794 νεφέλας·
1052 3724 1071 3765 t
1089 3723 1116 3766 e
1133 3703 1237 3784 Majo-

116 3818 187 3864 rem
209 3803 287 3865 iuna
309 3806 426 3882 septies
447 3816 479 3868 ct
502 3807 599 3869 vicies
627 3826 696 3869 esse
724 3810 802 3872 solis
829 3811 941 3872 orbern
954 3829 966 3889 3
989 3820 1021 3871 ct
1044 3825 1234 3887 supremum

115 3902 227 3966 locum
260 3921 423 3984 occupare
446 3905 576 3982 solem,
607 3906 752 3969 infimum
781 3927 858 3971 vero
888 3908 1032 3972 fixarum
1058 3908 1230 3970 stellarem

113 4002 238 4082 globos.
255 4003 416 4067 Animalia
439 4009 522 4087 gigni
544 4009 621 4071 dum
645 4028 686 4071 ex
708 4011 777 4072 soie
799 4021 996 4089 evaporat03
1019 4020 1051 4073 et
1074 4010 1234 4072 bominem

113 4101 212 4166 alteri
235 4106 366 4167 animati
389 4117 500 4170 natum
522 4127 591 4173 esse
612 4109 774 4209 simitpm‚
798 4110 879 4172 idest
905 4113 981 4190 pisci
1013 4130 1030 4172 a
1063 4111 1231 4189 principio.

112 4202 144 4266 E
165 4207 358 4271 tenuissimis
380 4216 412 4270 et
433 4219 506 4289 post
526 4213 781 4291 segregationem
804 4230 821 4274 a
846 4213 980 4290 reliquis
1002 4213 1164 4291 copiosius
1181 4231 1234 4273 ae·
