2886 4784
169 359 190 428 6

157 469 305 531 sitionem
329 469 518 549 postulans,
541 477 573 531 et
594 486 668 532 enm
691 487 753 531 una
777 470 959 536 obtestetur
983 489 1018 534 se
1051 471 1134 538 velle
1162 487 1278 534 omnes

159 570 309 633 haereses
333 571 500 645 refutare,
524 588 628 649 neque
651 571 752 635 ullam
775 573 843 634 sina
867 573 1064 637 refutatione
1099 573 1275 647 omittere,

161 688 199 731 ae
221 671 350 733 demum
374 673 404 733 in
436 672 643 735 conclusione
665 682 809 749 asserat,
838 692 855 735 a
882 692 916 736 se
941 674 1080 737 audaces
1102 676 1276 736 haeresum

161 779 314 833 auctores
336 771 480 834 funditus
502 789 653 850 eversos3
671 771 756 846 binc,
774 774 993 855 undequaque
1015 774 1281 851 circumspiciens

164 890 281 935 novem
303 873 403 951 ipsius
423 872 541 945 libros,
555 872 632 953 jure
654 874 766 951 putavi
783 875 990 955 Anonymum
1011 891 1074 936 sno
1095 873 1282 935 satisfactu-

162 989 236 1034 rum
259 989 327 1035 esse
347 972 536 1051 proposito:
560 973 714 1035 nimirum
737 974 818 1052 aptis
839 975 1040 1050 argumentis
1061 992 1078 1035 e
1100 971 1283 1051 Scriptura,

165 1073 215 1133 vel
237 1091 278 1135 ex
300 1073 476 1150 apostolica
501 1072 690 1146 traditione,
714 1092 773 1136 seu
796 1093 836 1136 ex
858 1074 1057 1157 synodorum
1091 1073 1281 1135 definitioni·

164 1173 246 1247 bus,
272 1173 321 1232 vel
348 1190 389 1233 ax
412 1170 547 1232 Petrum
571 1172 717 1234 doctrina
740 1180 797 1234 aut
820 1191 838 1233 a
862 1174 986 1235 ratione
1009 1174 1141 1252 petitis,
1165 1188 1285 1250 pravas

163 1274 404 1335 baereticorum
426 1273 597 1334 sententias
621 1282 899 1352 expugnaturum.

246 1369 297 1432 ab
312 1370 403 1431 initio
425 1367 511 1431 Libri
538 1371 562 1431 l.
577 1372 654 1434 dicit
674 1389 708 1432 se
730 1389 922 1449 graecorum
939 1370 1208 1450 pbilosophorum
1224 1387 1284 1433 en·

165 1471 349 1551 positurum
371 1473 550 1550 opiniones,
573 1472 692 1550 quibus
714 1472 827 1534 deinde
850 1472 1005 1533 baeretici
1028 1469 1285 1554 abalienatio

165 1571 229 1633 fine
245 1589 324 1634 rere
345 1570 422 1632 dicit
442 1571 571 1632 eosdem
594 1574 624 1633 in
648 1572 744 1634 rebus
766 1573 882 1635 creatis
904 1571 1199 1634 arbitratosinasse
1220 1589 1284 1634 nu·

166 1689 251 1746 men,
267 1673 321 1734 sed
338 1671 441 1734 Denta
460 1674 575 1735 harum
591 1672 737 1752 opificem
760 1693 777 1735 a
798 1674 958 1736 creaturis
973 1673 1159 1736 omnimode
1175 1671 1284 1734 diver·

166 1792 238 1837 sum
261 1775 433 1852 ignorasse.
461 1771 494 1833 lu
516 1772 615 1835 Libro
639 1771 692 1834 tv.
716 1776 781 1853 agit
802 1775 842 1836 de
871 1775 1065 1852 astrologis,
1094 1773 1134 1833 de
1160 1772 1288 1831 matbe-

168 1875 305 1948 maticis,
328 1873 367 1935 de
389 1873 597 1948 divinatione,
621 1874 660 1936 de
683 1878 802 1954 magist
830 1892 974 1954 qnorum
996 1874 1136 1952 placita,
1166 1875 1288 1949 inquit,

170 1983 364 2052 usurpantes
380 1974 548 2050 haeretiei,
566 1974 680 2037 fallere
701 1976 904 2038 arbitrantur
918 1976 1039 2036 multos
1054 1965 1212 2045 homines,
1228 1972 1288 2049 qui

166 2076 370 2154 astrologicis
392 2075 491 2136 rebus
514 2075 688 2153 plurimam
710 2094 841 2155 operam
865 2074 1108 2154 impendentes,
1133 2074 1207 2134 inde
1232 2090 1290 2132 eo·

169 2183 290 2240 uantur
308 2174 504 2238 confirmare
527 2176 678 2254 pietatem
702 2178 733 2237 in
746 2175 863 2251 Deum,
880 2195 965 2256 quae
980 2176 1110 2254 quidem
1127 2176 1220 2252 longe
1237 2183 1287 2237 est

169 2277 212 2338 ab
233 2277 352 2337 borum
373 2275 631 2355 cogitationibus.
655 2275 691 2336 ln
713 2279 869 2356 principio
890 2276 979 2339 Libri
1003 2273 1040 2338 V.
1063 2276 1102 2338 de
1124 2278 1288 2337 naassenis

169 2394 199 2436 n.
220 2373 250 2440 6.
273 2375 406 2437 scribite
431 2395 447 2433 a
471 2372 625 2436 Arbitror
646 2376 789 2436 omnium
807 2375 1077 2454 pbilosophorum
1093 2374 1179 2453 apud
1194 2390 1290 2452 grae·

170 2495 226 2540 cos
248 2484 280 2539 et
301 2476 459 2538 barbaros
481 2477 520 2536 de
542 2475 623 2550 Deo,
647 2476 686 2536 de
710 2477 819 2538 muudi
842 2481 1004 2539 creatione
1020 2476 1138 2555 placita
1154 2475 1291 2550 diligen·

171 2578 291 2639 tissime
312 2580 459 2656 exposita
481 2594 549 2638 esse
571 2577 601 2636 in
623 2587 767 2655 quatuor
789 2579 879 2638 libris
895 2575 1130 2655 superioribus.
1157 2619 1164 2634 .
1190 2574 1290 2637 ..lam

171 2679 272 2756 igitur
293 2677 331 2738 ad
356 2678 528 2739 haeresum
550 2676 779 2740 refutationem
803 2676 1064 2755 procedendnm3
1087 2683 1291 2753 quapropter

174 2777 320 2855 exposita
342 2784 418 2838 sunt
439 2776 558 2850 omnis,
581 2794 665 2854 qnae
687 2778 726 2838 de
749 2777 951 2856 pbilosophis
975 2778 1166 2840 dictasunt.
1188 2793 1204 2831 n
1230 2773 1290 2838 llis

173 2878 371 2957 praemissis,
395 2876 542 2939 fabulosa
566 2879 697 2940 enarrat
719 2896 950 2941 naassenorum
972 2886 1152 2939 commenta
1179 2876 1218 2936 de
1235 2875 1293 2938 Je-

174 2995 213 3040 su
236 2977 444 3056 genealogia3
472 2977 598 3038 infanda
632 2996 747 3039 eorum
777 2979 928 3058 mysteria
961 2985 1053 3040 notat
1083 2977 1290 3058 ethnicorum

174 3079 350 3139 commixta
374 3079 579 3151 vanitatibus,
602 3081 679 3157 quin
704 3097 742 3139 ne
764 3079 900 3142 verbum
917 3078 1048 3156 quidem
1065 3078 1235 3140 interserat
1248 3076 1290 3137 ad

175 3179 363 3259 hujusmodi
387 3181 580 3242 refellendos
603 3197 745 3241 errores.
764 3178 914 3242 Attamen
930 3181 960 3240 iu
977 3178 1039 3241 fine
1052 3177 1178 3241 subdite
1197 3199 1213 3235 a
1228 3175 1292 3238 Ta·

172 3281 217 3340 lia
238 3281 339 3359 igitur
358 3289 446 3356 sunt,
470 3299 555 3360 quae
577 3280 772 3342 effinxerunt
794 3281 950 3354 naasseui,
973 3279 1133 3358 gnosticos
1160 3280 1291 3341 nomino

172 3387 275 3443 semet
298 3390 458 3443 vocantes.
483 3381 542 3444 Sed
566 3383 720 3460 quoniam
743 3397 839 3442 error
871 3388 919 3442 est
952 3382 1126 3460 multiplex
1156 3387 1189 3442 et
1212 3397 1293 3442 rere

176 3480 359 3559 multiceps,
382 3481 496 3543 utilia
517 3493 616 3559 'quam
641 3481 723 3541 fama
748 3481 846 3542 tradit
868 3481 998 3564 hydra,
1031 3481 1188 3560 capitibus
1218 3480 1293 3560 ejus

176 3599 242 3643 uno
273 3585 340 3645 ictu
373 3599 432 3660 per
462 3582 690 3645 refutationem
722 3584 920 3662 amputatis,
947 3583 1089 3645 veritatis
1120 3583 1208 3661 virga
1241 3584 1293 3644 usi

176 3688 358 3747 monstrum
381 3683 534 3746 tollemus
558 3692 672 3746 totum.
697 3682 770 3747 Noa
792 3685 875 3746 enim
900 3686 981 3746 banc
1003 3685 1140 3745 inferet
1167 3690 1294 3745 ceteras

174 3783 326 3847 haereses
348 3801 498 3862 magnum
522 3786 655 3846 interest
676 3786 869 3860 discrimen,
899 3787 1019 3864 qnippe
1050 3803 1132 3861 quas
1160 3784 1296 3864 spiritus

178 3883 300 3944 erroris
323 3901 406 3946 unns
428 3892 459 3945 et
481 3883 565 3946 idem
587 3885 741 3945 continet.
764 3882 826 3946 Sed
852 3886 1006 3964 qnoniam
1027 3885 1185 3964 serpentis
1206 3900 1297 3946 com·

179 3991 388 4046 mutaverunt
409 3983 508 4046 rerba
531 3991 563 4046 et
587 3985 714 4047 nomina
736 3987 782 4047 ita
805 3994 841 4047 ut
862 3986 965 4047 multa
987 3986 1095 4064 capita
1121 3991 1298 4060 extarent,

177 4099 217 4144 ne
237 4084 282 4145 sic
303 4082 435 4161 quidem
458 4084 689 4148 refutationem
710 4084 920 4160 omittamus,
943 4102 1041 4164 quam
1064 4082 1190 4147 solunt.
1214 4101 1231 4139 s
1255 4082 1300 4146 Et

176 4183 237 4247 hac
259 4183 441 4249 satisfactus
465 4185 686 4249 declaratione
710 4182 902 4265 anonymus
925 4188 1040 4250 transit
1065 4185 1104 4248 ad
1134 4181 1298 4263 peraticu-
