2886 4784
322 464 390 530 Etsi
422 473 511 528 arcta
545 482 583 526 ac
615 464 784 543 perspicue
816 464 963 543 analogia
998 464 1172 528 universim
1208 464 1363 544 inspicia-

238 579 306 645 tur,
328 569 423 630 sicuti
446 575 608 629 noverunt
630 565 755 641 Critici‚
779 567 862 627 inter
887 563 1091 649 Anonymum
1113 575 1146 628 et
1171 563 1363 630 Theodora·

238 681 330 744 tum,
353 669 427 730 hinc
449 678 553 729 tamen
578 667 718 739 ridetur,
741 668 854 729 sedula
876 677 989 729 exacta
1016 667 1190 730 collatione
1216 669 1304 730 inter
1324 687 1364 730 u·

239 779 405 846 trumque,
428 784 492 827 non
514 767 586 837 iste,
609 767 663 828 sed
686 767 771 828 atter
794 767 890 827 vitam
913 769 1029 845 degens
1044 776 1115 847 post
1129 785 1301 852 cyrensem
1318 766 1360 831 ti-

238 869 418 947 piscopum,
442 867 532 928 istius
556 867 793 944 transcripsisse
814 886 947 943 sensus,
969 887 1007 929 ac
1030 869 1225 948 pierumque
1257 869 1361 950 hujus

238 987 390 1048 pravssse
412 969 518 1030 dicta:
542 969 622 1029 adeo
646 976 682 1030 nt
703 969 760 1031 nisi
781 971 949 1048 suppleret
979 966 1176 1033 Theodoreti
1211 975 1360 1034 testimo·

238 1074 340 1145 nium,
364 1089 495 1132 mancus
516 1079 547 1133 et
569 1070 710 1132 incertus
733 1071 886 1132 evaderet
909 1071 1066 1153 Anonymi
1089 1089 1209 1134 sermo.

318 1168 454 1248 reapse,
478 1167 701 1232 Theodoreus
717 1171 761 1231 ait
776 1168 987 1232 flcicesaeum
1003 1187 1043 1231 en
1057 1169 1159 1232 variis
1175 1170 1360 1234 haeresibus

237 1289 334 1334 snum
357 1269 563 1333 concinnasse
585 1288 744 1332 errorem.
768 1270 958 1350 huonymus
983 1289 1059 1333 vero
1082 1271 1358 1350 inquitenamni·

239 1369 296 1433 bus
317 1368 496 1432 haeresibus
519 1370 580 1431 hoc
601 1369 793 1447 explevisse.
813 1367 907 1444 Quod
924 1389 1000 1433 sane
1014 1370 1167 1434 historiae
1184 1373 1361 1435 haeresum

241 1472 456 1535 contradicit:
480 1473 604 1532 ntideo
627 1470 797 1533 dicendum
821 1483 907 1534 esset
928 1469 1170 1536 Theodorctum
1194 1473 1361 1559 Anonymi

241 1574 427 1638 emendasse
442 1583 598 1636 erratum.
624 1572 703 1635 item
725 1575 834 1636 subdit
850 1574 1051 1656 Anonymun
1070 1575 1256 1638 helcesaeos
1275 1576 1362 1638 simi·

240 1674 317 1736 iiter
339 1673 432 1735 fateri
454 1671 596 1734 universi
613 1671 777 1753 principia
802 1695 822 1736 a
844 1673 905 1736 Deo
936 1676 1021 1755 saeta
1053 1693 1125 1737 esse.
1151 1674 1263 1739 Aliter
1285 1693 1366 1739 sero

240 1772 465 1837 Theodoretns
488 1776 612 1853 inquit:
639 1773 681 1835 De
702 1772 924 1835 universorum
935 1772 1099 1853 principio
1114 1773 1278 1837 nobiscum
1292 1793 1365 1864 sen·

242 1873 329 1937 tiunt
351 1874 544 1937 heteesaitae.
573 1873 676 1938 Unum
697 1873 778 1935 enim
800 1872 976 1954 inpendium
999 1874 1127 1948 dicunt,
1146 1885 1174 1936 et
1194 1876 1283 1938 hunc
1299 1894 1365 1938 am·

243 1975 335 2039 nium
356 1967 463 2040 re'rum
489 1974 666 2040 Creatorem
686 1986 811 2040 uacant.
835 1975 929 2052 Quod
953 1977 1083 2053 indicat,
1099 1977 1291 2039 hetoesacos
1312 1995 1368 2040 or·

244 2079 388 2141 thodoxe
409 2080 529 2141 sentire
551 2079 589 2141 de
613 2070 759 2140 universi
777 2077 946 2140 Creatore.
971 2075 1012 2140 Et
1034 2078 1095 2140 hoc
1116 2079 1291 2158 perspicue
1318 2078 1365 2140 in·

243 2179 330 2241 dicat
350 2177 501 2257 Episcopi
523 2197 640 2258 scopus
655 2180 741 2240 circa
758 2178 1003 2240 helcesaeoruru
1020 2177 1199 2240 doctrinam
1210 2177 1252 2239 de
1269 2196 1364 2253 mnn-

242 2280 274 2367 di
296 2281 470 2355 creatione,
489 2282 594 2360 deque
613 2278 681 2342 Deo
697 2277 863 2344 Creatore.
882 2279 1070 2364 Anonymns
1088 2298 1179 2352 vero,
1195 2279 1364 2342 nonnullis

246 2383 394 2462 demptis,
419 2385 581 2463 syntaxim
597 2399 775 2444 assensum
793 2380 934 2452 falsavit,
949 2389 979 2442 et
996 2380 1182 2458 Haeretico‚
1199 2398 1286 2461 quae
1301 2398 1366 2444 nan

245 2483 394 2560 putavit,
418 2479 588 2559 inscripsit.
610 2479 834 2544 Theodoretus
856 2481 983 2544 subdit:
1012 2480 1170 2544 Christum
1191 2500 1268 2543 cero
1299 2501 1367 2544 nan

243 2601 346 2644 unum
365 2600 427 2643 esse
448 2579 558 2643 dicunt
578 2581 728 2645 helcescei
738 2627 747 2653 ,
769 2583 822 2645 sed
842 2583 941 2645 utinm
964 2602 1061 2663 supra
1083 2594 1111 2644 et
1131 2581 1233 2646 atium
1254 2582 1361 2663 infra.

246 2684 290 2746 At
312 2684 504 2767 anonymus
527 2690 649 2746 tantum
672 2686 804 2746 scribit:
827 2684 975 2746 hetcesaei
998 2682 1155 2746 Christum
1176 2703 1280 2770 unum
1301 2704 1366 2746 esse

245 2793 374 2864 uepant,
397 2785 449 2845 sed
470 2803 529 2845 esse
551 2802 650 2846 unum
671 2784 707 2847 in
728 2785 893 2866 superiori.
911 2785 1004 2862 Quae
1020 2787 1157 2861 locutio,
1175 2785 1232 2846 nisi
1249 2786 1369 2848 antilo-

247 2888 330 2966 giam
355 2887 451 2965 parit,
475 2904 585 2947 manca
605 2894 709 2948 tamen
726 2904 860 2965 prorsus
878 2886 1055 2966 reputanda
1073 2883 1273 2946 estnDcinde
1289 2883 1369 2966 Epi·

245 3007 363 3066 scopus
385 2988 500 3050 addit:
522 2985 626 3049 desum
648 2987 822 3067 aliqnando
843 3005 881 3048 aar
904 2987 964 3049 Deo
985 3005 1046 3048 esse
1067 2984 1164 3059 dicit;
1186 2984 1274 3048 adias
1295 2982 1369 3065 Spi-

244 3088 343 3152 ritum
363 3100 473 3152 occat:
496 3090 656 3155 interdum
678 3087 725 3151 ait
753 3087 906 3169 Virpinem
928 3087 1020 3150 iilum
1041 3088 1186 3149 habuisse
1211 3096 1368 3167 matrem3

247 3189 283 3254 in
303 3191 379 3254 aliis
399 3212 469 3255 vera
490 3191 620 3272 seriptis
641 3211 678 3253 ne
699 3189 905 3269 hacquidem.
924 3193 1145 3272 »anonymus
1164 3191 1371 3252 autemscri·

246 3293 292 3354 hit
303 3337 315 3367 ,
336 3290 441 3356 Jesum
461 3292 635 3372 aliqnando
661 3311 699 3354 ec
730 3291 792 3354 Deo
821 3300 933 3353 natum
959 3308 1021 3351 esse
1034 3309 1050 3361 ;
1072 3289 1264 3369 quandoque
1293 3308 1369 3350 cero

247 3412 322 3455 nan.
341 3395 427 3456 tttttn
451 3397 481 3456 in
504 3393 602 3455 Libro
627 3391 679 3453 tx.
703 3411 730 3453 e.
758 3392 813 3453 iii.
837 3411 867 3452 n.
889 3388 938 3460 id.
962 3392 1017 3463 ait,
1035 3389 1369 3466 heteesaeosdocere,

247 3493 411 3559 Christum
434 3503 558 3567 natum,
575 3514 643 3555 csse
660 3494 771 3554 eodem
796 3493 903 3565 modo,
918 3512 983 3572 quo
998 3510 1108 3553 omnes
1126 3492 1272 3553 homines
1286 3511 1295 3552 r
1311 3493 1368 3555 sed

250 3595 453 3678 Pythagorae
476 3595 620 3657 doctrina
647 3615 736 3669 usus,
760 3595 853 3658 iilum
877 3591 1027 3666 affirmat,
1046 3610 1108 3652 non
1124 3610 1208 3654 nuuc
1224 3593 1371 3669 primum

250 3714 291 3756 ex
307 3691 438 3773 Virgine
461 3703 585 3768 natum,
603 3694 656 3755 sed
682 3696 772 3772 prins
794 3703 825 3755 et
845 3710 940 3771 saepe
963 3695 1105 3771 genitum
1128 3700 1160 3753 et
1182 3701 1295 3753 natum
1315 3710 1375 3773 ap·

249 3801 395 3876 paruisse
417 3804 449 3856 et
473 3796 635 3856 transiisse
657 3795 696 3856 de
719 3813 857 3874 corpore
879 3795 909 3856 in
931 3792 1255 3872 corpnsetc.n1tem
1273 3788 1374 3856 in'sc·

248 3884 444 3974 quentibus:
468 3893 663 3956 carminibus
693 3904 720 3956 et
745 3896 930 3957 doemonum
956 3891 1208 3955 invocationibus
1232 3901 1378 3957 utuntur

248 3998 376 4076 scripsit
404 3993 641 4059 theodoretus.
671 3997 859 4078 anonymus
883 4013 962 4058 vero
990 3996 1098 4057 omisit
1122 3994 1220 4057 verba
1248 3995 1379 4058 wemo-

250 4113 327 4160 aum
351 4093 618 4169 invocationibus,
642 4113 726 4175 quae
747 4113 810 4157 non
831 4102 923 4158 crant
944 4093 1129 4158 amittenda.

331 4197 371 4260 Et
394 4208 429 4263 ut
449 4198 632 4264 summatim
664 4198 788 4272 dicam,
812 4198 935 4260 cunctis
962 4198 1171 4261 consideratis
1198 4195 1377 4274 utriusque
