2886 4784
593 367 751 480 'anons
775 413 829 478 ur.

469 626 754 705 Tertullianus-rt
775 627 974 693 Melantias.

163 876 413 1002 Tertullianus
434 937 506 1000 aler
525 954 588 998 una
611 955 684 1001 enm
707 936 872 1025 Clemente
904 948 934 999 et
957 937 1100 1017 Origene
1129 935 1257 999 eamdem

160 1040 277 1117 degens
292 1047 456 1118 ⁸aetatem,
489 1039 611 1118 pluries
639 1040 680 1102 de
710 1040 862 1121 conjugio
883 1039 1058 1101 christiano
1080 1038 1211 1117 sparsim
1231 1039 1254 1097 in

162 1145 228 1203 suis
251 1142 343 1204 libris
360 1144 525 1221 sapienter
544 1142 724 1215 disserens,
749 1143 849 1205 veluti
872 1142 911 1204 de
932 1142 1088 1222 praelatis
1112 1139 1261 1215 scriptori·

163 1244 223 1306 bns
256 1246 377 1307 dietum
410 1255 479 1318 est,
512 1244 628 1308 nullibi
653 1243 850 1306 versiculum
872 1241 903 1308 9.
927 1263 955 1304 a.
978 1238 1068 1307 ΧΙΧ.
1097 1243 1259 1313 Matthaei,

163 1345 358 1408 verbotenus
378 1345 557 1408 seeundum
579 1345 767 1408 hodiernam
790 1345 959 1406 lectionem
981 1347 1049 1407 sire
1073 1362 1218 1422 graecam
1232 1347 1263 1405 ri·

164 1466 203 1508 ve
224 1447 369 1520 latinam,
385 1464 444 1510 neo
465 1448 589 1521 citarit,
604 1465 662 1509 uec
684 1447 914 1526 interpretatus
935 1454 983 1509 est
1007 1466 1163 1527 unquam.
1179 1444 1262 1521 Quod

162 1549 292 1628 quidem
315 1550 407 1611 istius
428 1548 591 1612 silentium
614 1551 644 1611 iu
670 1548 812 1612 Ecclesia
835 1550 977 1610 africana
1000 1551 1116 1626 (sicuti
1131 1547 1263 1612 Clemen-

162 1653 201 1713 tis
223 1655 255 1712 el
275 1651 422 1730 (trigenis
445 1651 475 1712 in
497 1652 631 1714 ecelesia
655 1650 883 1728 alexandrina)
906 1653 1024 1712 anirum
1047 1651 1139 1714 nobis
1161 1659 1218 1722 est,
1232 1667 1263 1710 oo

159 1753 301 1833 amplius
313 1771 388 1816 enm
406 1772 466 1818 non
482 1752 593 1826 lateat,
609 1755 714 1832 ipsum
729 1771 824 1830 saepe
847 1753 1094 1832 pharisaeorum
1113 1754 1265 1832 quaestio·

158 1866 234 1917 'nem
258 1863 405 1934 repetere
437 1874 511 1917 eum
543 1854 622 1920 lesu
655 1857 739 1918 eirca
770 1857 946 1917 divortium
975 1856 1005 1915 iu
1036 1852 1124 1934 Lege
1147 1864 1262 1916 vetera:

161 1957 249 2037 quod
273 1958 399 2020 Auctor
419 1955 537 2021 Christi
560 1966 696 2022 mentem
728 1958 843 2021 sedulo
864 1958 1069 2037 investigans,
1092 1976 1110 2020 a
1133 1957 1265 2019 fidelium

162 2070 257 2124 coetu
280 2068 464 2122 constanter
484 2061 618 2135 amovit,
635 2062 692 2121 sibi
714 2060 756 2121 ob
777 2059 978 2123 oculos’lata
999 2061 1158 2123 seruantia
1172 2079 1182 2120 a
1196 2055 1267 2141 quod

163 2159 245 2223 Deus
266 2159 449 2241 conjunxit,
470 2160 558 2223 horno
579 2179 645 2222 aaa
664 2170 793 2241 saporat.
1183 2214 1186 2218 ,

241 2260 306 2324 Te'r
326 2265 435 2342 ltaque
458 2264 656 2328 versiculum
679 2282 720 2327 ex
744 2262 908 2326 Matlhneo
930 2264 972 2326 tta
995 2263 1131 2326 citavit:
1154 2260 1210 2343 qui
1228 2258 1267 2322 di·

159 2360 292 2435 mi'rrrit‚
315 2366 429 2444 inquit,
452 2383 581 2427 oaorem
601 2383 692 2428 auum
708 2373 836 2445 praeter
856 2383 985 2427 oausam
1005 2365 1184 2438 adulterii,
1201 2359 1266 2446 [aad

160 2480 229 2530 tum
250 2465 442 2530 adulterari.
466 2467 508 2530 El
534 2467 612 2530 haee
648 2468 745 2529 tradit
777 2468 807 2528 ln
840 2463 937 2529 Libro
962 2464 1015 2528 tv.
1038 2488 1069 2530 n.
1091 2464 1144 2536 dd.
1168 2474 1266 2529 eontra

162 2629 191 2680 et
209 2624 356 2698 ignorant,
377 2624 456 2698 leges
475 2624 583 2679 divinas
602 2624 636 2680 ab
654 2623 786 2679 humanis
804 2623 923 2679 nimium
943 2629 1082 2701 quantum
1101 2624 1203 2680 distare
1220 2621 1285 2676 do·¹

158 2717 257 2773 etrinis
276 2725 304 2772 et
322 2716 440 2788 placitis.
463 2740 475 2766 υ
497 2716 587 2783 Quare
605 2735 670 2773 enm
686 2723 744 2772 tam
765 2735 799 2773 ex
824 2717 1042 2773 adversariorum
1071 2735 1157 2788 quam
1176 2735 1208 2771 ex
1224 2729 1265 2770 sua

164 2817 242 2883 parte
257 2809 328 2864 -haeo
346 2810 384 2864 ait
403 2810 541 2876 Asterius,
562 2811 648 2866 saeris
666 2809 847 2884 interponens
865 2826 897 2864 ao
916 2808 1038 2864 romanis
1057 2806 1173 2882 legibus
1193 2808 1264 2863 dide·

153 2900 281 2958 rentiam
300 2900 373 2956 eirea
393 2903 564 2957 matrimonii
583 2902 738 2970 vinculum,
758 2901 904 2958 excludere
921 2901 1044 2956 voluisse
1062 2901 1177 2957 videtur
1194 2901 1267 2956 diror-

164 2996 236 3051 tinm
255 2996 415 3051 absolutum
426 2996 461 3050 ob
472 2996 603 3070 conjugis
621 2991 796 3053 adulterium.
811 2995 968 3051 Adversarii
987 3013 1110 3068 namque
1133 2994 1265 3068 putabant,

163 3105 250 3144 uxore
261 3089 386 3144 adultera
402 3089 556 3161 repudiata,
571 3089 625 3144 sibi
643 3107 678 3145 ex
695 3089 808 3162 legibus
821 3088 942 3144 romanis
959 3089 1042 3143 liuere
1062 3088 1132 3143 alias
1151 3088 1267 3144 inirenu·

164 3181 247 3256 ptine
267 3183 396 3239 Asterius
416 3200 481 3239 voro
499 3184 604 3240 nemini
622 3189 651 3240 et
668 3184 774 3262 marito
786 3194 815 3239 et
832 3184 915 3238 uxori
932 3200 966 3238 ex
985 3182 1082 3238 divina
1101 3183 1168 3257 legs
1185 3178 1267 3238 assent

162 3275 281 3341 linitum,
303 3282 369 3347 post
387 3273 488 3333 initum
507 3276 690 3342 oonnnhinm,
710 3277 778 3332 alias
793 3293 895 3332 uxores
914 3275 957 3330 vel
976 3275 1046 3330 alios
1065 3277 1182 3331 maritos
1198 3289 1266 3348 quae·

162 3386 233 3438 rere,
253 3371 305 3425 etsi
325 3387 426 3425 uxores
446 3369 581 3426 adulterio
600 3388 662 3426 sese
680 3368 857 3442 polluissent.
878 3369 1031 3440 Alioquin,
1052 3370 1078 3424 si
1097 3369 1223 3425 Asterius
1237 3368 1267 3421 le·

164 3462 251 3536 gibus
268 3463 390 3519 mmanis
409 3464 523 3519 obstans
542 3465 576 3519 de
594 3465 720 3536 nuptiis,
741 3463 902 3518 admisisset
926 3471 1019 3517 tamen
1048 3462 1085 3517 ob
1114 3461 1266 3518 adulterium

166 3556 280 3611 totalem
300 3557 402 3612 vinculi
423 3556 615 3622 solutionem,
636 3564 703 3612 tuno
721 3573 778 3610 non
796 3556 946 3611 universim
973 3571 1154 3610 romanorum
1168 3556 1228 3628 jura
1241 3550 1267 3607 dt

164 3646 273 3720 nuptiis
291 3649 476 3722 reprobasset,
491 3649 540 3705 sed
559 3650 593 3705 ab
611 3648 717 3705 eisdem
736 3648 894 3721 excepisset
911 3646 1080 3702 adulterium
1098 3648 1203 3710 uxoris,
1213 3661 1267 3717 pro·

166 3744 229 3815 pter
246 3741 333 3814 quod,
346 3741 429 3797 sionti
448 3742 522 3814 apud
542 3759 670 3798 romanos
689 3741 729 3796 ita
745 3741 819 3814 apud
833 3739 1009 3807 christianos,
1024 3739 1117 3795 soluto
1130 3734 1266 3801 connubio,

164 3833 234 3890 aliae
253 3835 480 3906 permitterentur
498 3836 621 3907 nuptiae.
642 3835 760 3902 ideireo,
772 3851 843 3908 quae
861 3835 896 3889 ab
915 3833 995 3887 initio
1014 3832 1087 3887 dixit
1105 3825 1267 3888 Asteriusdt

165 3925 305 3995 adulterio,
326 3927 394 4001 quod
413 3927 508 3989 dirimit
525 3926 733 3995 nasamonium,
754 3926 938 4000 intelligenda
956 3927 1088 3982 videntur
1112 3927 1148 3982 de
1173 3919 1268 3999 partiali

163 4033 220 4073 non
233 4033 296 4072 vero
314 4017 348 4072 de
366 4018 445 4073 totali
466 4020 649 4092 separatione.
663 4018 706 4074 De
724 4017 830 4090 reliquo
849 4034 925 4074 unus
936 4025 980 4074 est
998 4019 1073 4075 inter
1086 4019 1183 4076 Patres
1192 4019 1267 4072 Aste-

166 4110 246 4177 rius,
267 4109 316 4183 qni
335 4110 437 4180 morti,
458 4112 562 4187 quippe
579 4109 685 4170 vinculi
710 4111 870 4186 conjugalis
897 4111 1040 4182 solutioni,
1059 4111 1164 4186 adjecit
1185 4106 1268 4168 uxoria

162 4202 339 4259 adulterium.
