2886 4784
158 355 324 536 iri'septcr
346 454 465 534 (Libro)
489 454 665 520 Haeanueb
692 456 750 518 lob.
770 451 841 522 208.
866 451 920 516 Ea
940 452 1159 536 fundamentis
1179 453 1259 535 buius

154 555 315 636 praecepti
335 566 399 630 cst;
422 576 491 621 cum
514 554 629 620 mulier
649 567 755 620 erema
774 556 816 619 sit
834 575 893 636 pro
929 556 1091 635 adjutorio
1121 557 1261 633 bominis,

42 713 45 720 .
157 657 242 740 eique
263 658 304 720 sit
324 656 429 721 instar
459 657 558 721 unius
586 668 740 721 nasorum
766 657 978 739 pretiosorum
1009 658 1100 740 ejus,
1127 659 1220 740 juata
1236 658 1262 721 id

158 761 243 840 quod
260 758 385 823 rabbini
400 759 505 823 nostri
519 758 653 824 dicunte
672 757 789 822 mulier
803 778 869 822 nom
883 760 1033 822 adhaeret
1052 759 1197 840 firmiter,
1211 758 1263 822 nisi

160 862 201 937 ei,
222 860 281 941 qui
299 861 374 944 feeit
394 881 460 925 eam
482 882 548 924 uos.
575 859 650 925 Cum
672 859 830 944 inquam,
851 880 899 924 res
925 861 972 924 ite
987 861 1119 938 babeat,
1141 861 1210 924 bine
1227 869 1263 923 est

157 981 250 1042 penes
277 963 471 1026 uoluntatem
499 961 770 1043 patrisfamiliae,
791 971 830 1025 ut
848 963 1111 1044 quandocumque
1140 961 1263 1023 taedium

161 1062 190 1125 ei
208 1063 351 1128 oboritur
371 1063 459 1127 nome
479 1064 588 1146 bajus,
603 1064 689 1127 illud
708 1082 748 1126 ea
761 1065 852 1128 domo
873 1082 932 1127 sno
953 1061 1102 1125 eliminet.
1130 1062 1264 1126 Huneob

164 1155 294 1230 causum
314 1166 513 1246 scripserunt
533 1167 658 1230 rabbini
677 1165 780 1229 nostri
799 1164 837 1228 in
870 1165 1007 1228 Talmud
1036 1162 1167 1240 Gittin,
1197 1165 1265 1245 quel

164 1267 259 1331 etiem
279 1269 315 1331 ob
336 1271 485 1333 adustum
507 1270 671 1346 edulium,
694 1271 743 1331 ecl
759 1269 947 1350 jusculum,
970 1269 1060 1330 bomo
1078 1267 1178 1348 possit
1202 1285 1266 1328 neo·

166 1389 231 1432 rem
250 1389 342 1433 ruam
364 1354 555 1450 repudiare,
581 1372 674 1453 quasi
704 1372 843 1447 diceres,
877 1372 915 1433 ob
941 1388 1006 1432 rem
1038 1369 1268 1432 minimums‘ee

163 1473 249 1550 quod
269 1492 333 1535 non
355 1472 449 1535 aliter
469 1473 511 1536 sit
530 1471 566 1535 in
583 1475 672 1536 domo
685 1473 799 1554 ipsius,
818 1472 884 1536 nisi
897 1472 1004 1536 instar
1017 1470 1106 1535 cusis
1127 1470 1189 1534 sice
1207 1488 1267 1550 sup·

161 1572 326 1652 pellectilie
346 1575 488 1656 alicujus
506 1574 677 1655 pretiosi.»

247 1677 306 1741 Sed
333 1675 595 1754 prae'Buxtorfii
616 1679 797 1741 testimonio
821 1678 916 1754 lacit,
940 1678 1026 1758 quod
1059 1675 1154 1740 Philo
1178 1677 1267 1759 begy-

169 1779 253 1856 ptins
276 1790 307 1840 et
329 1777 449 1856 loseph
474 1777 605 1842 Flavius
626 1779 665 1842 de
688 1781 748 1842 hac
771 1781 986 1843 hebraeorum
1010 1781 1106 1858 praxi
1137 1787 1268 1840 narrant.

170 1877 296 1940 Primus
331 1876 373 1939 lle
404 1876 522 1957 leqibus
553 1880 592 1940 ad
623 1889 830 1958 praeceptum
861 1879 915 1942 Vl.
938 1882 1064 1960 inquite
1092 1879 1272 1955 «Quodsi

170 1999 410 2060 quamcumque
431 1982 473 2042 ob
499 1999 629 2043 eausam
653 1983 822 2059 repudiata
845 1990 877 2044 et
898 1983 991 2043 alteri
1015 1990 1130 2059 nupta,
1156 1982 1271 2042 viduata

170 2086 287 2144 iterum
311 2081 422 2157 luerit,
445 2084 513 2145 sive
536 2085 609 2144 vivo
631 2084 801 2160 posteriori
824 2084 941 2144 marito
961 2085 1030 2143 sive
1054 2094 1200 2152 mortuo,
1218 2098 1270 2141 non

171 2194 358 2247 revertatur
379 2186 418 2246 ad
441 2185 594 2263 priorem.
611 2186 778 2249 Secundus
800 2188 831 2247 iu
853 2184 951 2248 Libro
973 2183 1028 2245 tv,
1047 2183 1273 2264 Antiquitatum

168 2283 377 2366 judaicarum
398 2303 425 2346 e.
450 2282 537 2348 Vbii.
561 2303 591 2346 n.
608 2282 658 2350 23.
682 2307 698 2342 a
721 2282 785 2359 Qui
810 2303 888 2348 sero
909 2284 950 2345 ab
972 2302 1078 2346 uxore
1101 2303 1209 2371 seeum
1230 2284 1274 2343 ba

172 2386 292 2447 bitante
314 2403 537 2464 quascumque
559 2385 600 2448 ob
622 2403 736 2448 causas
757 2385 895 2466 disjungi
914 2385 990 2446 velit
1005 2383 1016 2462 l
1029 2384 1157 2447 multae
1178 2394 1273 2446 antem

175 2488 254 2549 tales
277 2487 459 2550 hominibus
481 2487 652 2563 accidunt)
669 2489 792 2565 scripto
805 2487 987 2559 confirmet,
1003 2505 1038 2546 se
1061 2504 1125 2546 nou
1148 2487 1275 2562 amplios

173 2606 247 2651 cum
271 2606 307 2650 ea
333 2606 400 2649 rem
425 2588 613 2650 habiturum
636 2607 717 2650 esse.
736 2587 879 2650 »Testes
900 2587 995 2648 ambo
1014 2584 1179 2665 Apostoiis
1199 2604 1278 2648 eoae·

174 2691 206 2750 si
227 2688 419 2751 confirmant
443 2686 666 2767 Evangelistae
690 2691 775 2752 dicta
798 2691 836 2751 de
859 2690 918 2751 bae
941 2689 1190 2766 pharisaeorum
1214 2706 1276 2749 cnm

175 2790 253 2853 lesu
276 2789 476 2869 quaestione,
493 2801 525 2852 et
546 2791 684 2870 amplius
703 2789 848 2865 Flavius,
866 2791 922 2870 qui
945 2790 975 2850 in
999 2790 1064 2851 vita
1085 2806 1146 2852 sua
1170 2788 1277 2878 latetur

172 2910 207 2954 se
230 2891 340 2968 piures
362 2889 493 2952 duxisse
514 2909 648 2965 uxores,
672 2909 791 2970 easque
814 2890 1012 2971 repudiasse,
1037 2889 1127 2968 quod
1150 2896 1276 2950 tautum·

176 2993 272 3056 modo
295 2994 399 3055 minus
420 3011 481 3055 suo
504 2976 604 3071 genio
618 2993 834 3073 indulgerent.
854 2991 894 3056 Et
914 2993 976 3055 hoe
997 2999 1067 3054 erat
1090 2991 1179 3071 qnod
1198 2990 1277 3054 valde

179 3103 254 3158 tunc
277 3094 441 3157 obtinebat
463 3095 493 3154 in
515 3113 686 3175 synagoga.

258 3195 340 3260 Cum
363 3213 441 3274 ergo
455 3196 612 3276 ejusmodi
634 3196 846 3259 invalesceret
872 3195 1088 3257 hebraeorum
1119 3203 1279 3258 consuete

174 3297 216 3360 do
237 3315 312 3375 erga
337 3313 457 3358 uxores
479 3315 554 3359 suas
566 3318 578 3376 3
600 3306 727 3360 etcum
749 3318 790 3360 ex
811 3297 950 3360 adverso
981 3297 1154 3374 perspicue
1187 3297 1280 3357 novis·

173 3404 243 3459 sent
265 3398 424 3475 pharisaei
447 3393 566 3459 Christi
590 3400 731 3478 rigorem
754 3409 866 3461 eontra
891 3397 989 3478 hujus
1013 3401 1115 3460 muris
1139 3397 1282 3478 improbi·

177 3505 296 3572 tatem,
320 3497 393 3560 ideo
415 3509 619 3561 accesserunt
641 3500 680 3560 ad
703 3518 777 3562 eum
799 3500 964 3562 dieentes:
986 3495 1017 3558 si
1038 3496 1113 3560 lieet
1137 3499 1281 3560 dimittere

177 3617 307 3661 acorem
326 3617 417 3661 suom
437 3619 631 3681 quocumque
652 3621 692 3663 ea
713 3621 825 3676 ceusu,
842 3603 920 3679 quin
937 3600 1074 3662 ulterius
1097 3606 1283 3680 quaererent

179 3702 219 3762 de
241 3700 421 3764 conditione
443 3703 592 3765 dimissae
616 3714 646 3764 et
669 3704 866 3766 dimittentis.
883 3701 1032 3764 Sciebant
1054 3720 1197 3783 namque
1219 3703 1283 3780 pha·

178 3803 273 3879 risaei
295 3802 357 3865 hoe
381 3804 514 3866 vetitum
538 3823 554 3865 a
578 3803 655 3867 lesu
678 3805 898 3877 connubium,
932 3821 996 3867 uno
1028 3822 1070 3866 ex
1101 3804 1283 3885 conjugibus

178 3905 285 3965 adhuc
309 3906 448 3967 visente.
472 3904 669 3980 Quinimmo,
695 3914 731 3969 ut
753 3908 872 3986 optime
897 3908 925 3968 in
949 3907 1035 3967 buno
1056 3905 1169 3968 iocum
1200 3906 1284 3967 sensit

180 4013 211 4064 et
234 4005 384 4081 exposuit
399 4002 566 4084 Origenes,
586 4008 706 4069 ideireo
722 4015 928 4069 accesserunt
944 4004 1036 4078 lesu,
1054 4006 1205 4066 insidiose
1221 4020 1284 4064 cum

64 4117 66 4120 ’
179 4126 217 4166 oo
239 4106 436 4182 disputantes
450 4127 460 4184 ;
484 4110 574 4187 quasi
598 4109 763 4171 dicerent:
788 4110 937 4182 admissa,
962 4104 1123 4179 Domine,
1146 4108 1283 4167 doctrina

101 4222 104 4228 ·
185 4216 238 4269 tua
262 4206 302 4268 de
323 4206 463 4287 conjugii
486 4209 732 4285 insolubilitate,
753 4208 829 4289 qnid
853 4209 1017 4289 arguerit
1042 4209 1138 4283 viro,
1161 4207 1219 4287 qui
1238 4207 1287 4267 im·
