<?xml version="1.0" encoding="UTF-8"?>
<!DOCTYPE html PUBLIC "-//W3C//DTD XHTML 1.0 Transitional//EN"
    "http://www.w3.org/TR/xhtml1/DTD/xhtml1-transitional.dtd">
<html xmlns="http://www.w3.org/1999/xhtml" xml:lang="en" lang="en">
 <head>
  <title>
</title>
<meta http-equiv="Content-Type" content="text/html;charset=utf-8" />
  <meta name='ocr-system' content='tesseract 3.04.00' />
  <meta name='ocr-capabilities' content='ocr_page ocr_carea ocr_par ocr_line ocrx_word'/>
</head>
<body>
  <div class='ocr_page' id='page_1' title='image "./insgregoriinyss00vincgoog/insgregoriinyss00vincgoog_0321.png"; bbox 0 0 2886 4784; ppageno 0'>
   <div class='ocr_carea' id='block_1_1' title="bbox 157 437 1266 3356">
    <p class='ocr_par' dir='ltr' id='par_1_1' title="bbox 157 437 1249 727">
     <span class='ocr_line' id='line_1_1' title="bbox 157 437 1246 521; baseline 0.002 -18"><span class='ocrx_word' id='word_1_1' title='bbox 157 458 208 503; x_wconf 85' lang='lat' dir='ltr'>sev</span> <span class='ocrx_word' id='word_1_2' title='bbox 228 437 325 502; x_wconf 87' lang='lat' dir='ltr'>iidem</span> <span class='ocrx_word' id='word_1_3' title='bbox 345 446 440 514; x_wconf 90' lang='lat' dir='ltr'>sunt,</span> <span class='ocrx_word' id='word_1_4' title='bbox 462 441 520 519; x_wconf 83' lang='lat' dir='ltr'>qui</span> <span class='ocrx_word' id='word_1_5' title='bbox 541 442 572 502; x_wconf 84' lang='lat' dir='ltr'>ln</span> <span class='ocrx_word' id='word_1_6' title='bbox 593 444 701 521; x_wconf 90' lang='lat' dir='ltr'>prisco</span> <span class='ocrx_word' id='word_1_7' title='bbox 721 444 907 506; x_wconf 91' lang='lat' dir='ltr'>sauctorum</span> <span class='ocrx_word' id='word_1_8' title='bbox 932 440 1017 507; x_wconf 79' lang='lat' dir='ltr'>hlho</span> <span class='ocrx_word' id='word_1_9' title='bbox 1037 438 1246 507; x_wconf 69' lang='lat' dir='ltr'>honoranturr&#39;</span> 
     </span>
     <span class='ocr_line' id='line_1_2' title="bbox 157 539 1249 623; baseline 0.005 -20"><span class='ocrx_word' id='word_1_10' title='bbox 157 550 324 603; x_wconf 89' lang='lat' dir='ltr'>eteorum</span> <span class='ocrx_word' id='word_1_11' title='bbox 355 539 466 618; x_wconf 90' lang='lat' dir='ltr'>plures</span> <span class='ocrx_word' id='word_1_12' title='bbox 498 543 529 602; x_wconf 90' lang='lat' dir='ltr'>in</span> <span class='ocrx_word' id='word_1_13' title='bbox 562 539 697 605; x_wconf 84' lang='lat' dir='ltr'>Henaeo</span> <span class='ocrx_word' id='word_1_14' title='bbox 730 560 922 622; x_wconf 89' lang='lat' dir='ltr'>graecorum</span> <span class='ocrx_word' id='word_1_15' title='bbox 954 553 1154 623; x_wconf 81' lang='lat' dir='ltr'>coaptantur</span> <span class='ocrx_word' id='word_1_16' title='bbox 1182 547 1249 608; x_wconf 87' lang='lat' dir='ltr'>inter</span> 
     </span>
     <span class='ocr_line' id='line_1_3' title="bbox 157 653 328 727; baseline 0.006 -23"><span class='ocrx_word' id='word_1_17' title='bbox 157 653 328 727; x_wconf 90' lang='lat' dir='ltr'>martyres.</span> 
     </span>
    </p>

    <p class='ocr_par' dir='ltr' id='par_1_2' title="bbox 157 726 1256 1228">
     <span class='ocr_line' id='line_1_4' title="bbox 237 726 1253 826; baseline 0.002 -18"><span class='ocrx_word' id='word_1_18' title='bbox 237 726 456 808; x_wconf 81' lang='lat' dir='ltr'>Nihilominus</span> <span class='ocrx_word' id='word_1_19' title='bbox 477 746 498 808; x_wconf 92' lang='lat' dir='ltr'>ii</span> <span class='ocrx_word' id='word_1_20' title='bbox 521 746 666 808; x_wconf 87' lang='lat' dir='ltr'>monachi</span> <span class='ocrx_word' id='word_1_21' title='bbox 689 753 775 820; x_wconf 92' lang='lat' dir='ltr'>sunt,</span> <span class='ocrx_word' id='word_1_22' title='bbox 791 763 873 826; x_wconf 85' lang='lat' dir='ltr'>quos</span> <span class='ocrx_word' id='word_1_23' title='bbox 894 743 1096 826; x_wconf 75' lang='lat' dir='ltr'><strong>Theophilus</strong></span> <span class='ocrx_word' id='word_1_24' title='bbox 1117 747 1253 810; x_wconf 87' lang='lat' dir='ltr'>mentitur</span> 
     </span>
     <span class='ocr_line' id='line_1_5' title="bbox 157 845 1255 928; baseline 0.003 -20"><span class='ocrx_word' id='word_1_25' title='bbox 157 848 290 918; x_wconf 82' lang='lat' dir='ltr'>(secum</span> <span class='ocrx_word' id='word_1_26' title='bbox 314 865 339 909; x_wconf 91' lang='lat' dir='ltr'>v.</span> <span class='ocrx_word' id='word_1_27' title='bbox 365 845 600 928; x_wconf 78' lang='lat' dir='ltr'><strong>Hieronymum</strong></span> <span class='ocrx_word' id='word_1_28' title='bbox 623 846 733 909; x_wconf 89' lang='lat' dir='ltr'>dolose</span> <span class='ocrx_word' id='word_1_29' title='bbox 757 847 906 926; x_wconf 87' lang='lat' dir='ltr'>trahens)</span> <span class='ocrx_word' id='word_1_30' title='bbox 936 854 973 911; x_wconf 91' lang='lat' dir='ltr'>nt</span> <span class='ocrx_word' id='word_1_31' title='bbox 1004 848 1187 911; x_wconf 86' lang='lat' dir='ltr'>haereticos</span> <span class='ocrx_word' id='word_1_32' title='bbox 1212 847 1255 911; x_wconf 86' lang='lat' dir='ltr'>dr·</span> 
     </span>
     <span class='ocr_line' id='line_1_6' title="bbox 159 949 1256 1030; baseline 0.004 -22"><span class='ocrx_word' id='word_1_33' title='bbox 159 949 301 1021; x_wconf 90' lang='lat' dir='ltr'>mnavit,</span> <span class='ocrx_word' id='word_1_34' title='bbox 332 949 371 1008; x_wconf 90' lang='lat' dir='ltr'>ah</span> <span class='ocrx_word' id='word_1_35' title='bbox 396 949 533 1030; x_wconf 76' lang='lat' dir='ltr'><strong>Aegypti</strong></span> <span class='ocrx_word' id='word_1_36' title='bbox 555 950 754 1010; x_wconf 86' lang='lat' dir='ltr'>monasteriis</span> <span class='ocrx_word' id='word_1_37' title='bbox 777 949 925 1027; x_wconf 85' lang='lat' dir='ltr'>legavit,</span> <span class='ocrx_word' id='word_1_38' title='bbox 948 967 1132 1029; x_wconf 87' lang='lat' dir='ltr'>eorumque</span> <span class='ocrx_word' id='word_1_39' title='bbox 1155 952 1256 1014; x_wconf 84' lang='lat' dir='ltr'>lamam</span> 
     </span>
     <span class='ocr_line' id='line_1_7' title="bbox 158 1036 1256 1133; baseline 0.005 -22"><span class='ocrx_word' id='word_1_40' title='bbox 158 1067 217 1128; x_wconf 92' lang='lat' dir='ltr'>per</span> <span class='ocrx_word' id='word_1_41' title='bbox 238 1049 427 1112; x_wconf 90' lang='lat' dir='ltr'>universnm</span> <span class='ocrx_word' id='word_1_42' title='bbox 450 1049 648 1113; x_wconf 88' lang='lat' dir='ltr'>calumniose</span> <span class='ocrx_word' id='word_1_43' title='bbox 671 1051 832 1130; x_wconf 87' lang='lat' dir='ltr'>protrivit,</span> <span class='ocrx_word' id='word_1_44' title='bbox 855 1051 942 1130; x_wconf 90' lang='lat' dir='ltr'>quod</span> <span class='ocrx_word' id='word_1_45' title='bbox 965 1053 1173 1130; x_wconf 85' lang='lat' dir='ltr'>imaginarios</span> <span class='ocrx_word' id='word_1_46' title='bbox 1195 1036 1256 1133; x_wconf 89' lang='lat' dir='ltr'>pro·</span> 
     </span>
     <span class='ocr_line' id='line_1_8' title="bbox 159 1148 666 1228; baseline 0 -18"><span class='ocrx_word' id='word_1_47' title='bbox 159 1148 332 1212; x_wconf 83' lang='lat' dir='ltr'>dterentnr</span> <span class='ocrx_word' id='word_1_48' title='bbox 352 1148 503 1228; x_wconf 87' lang='lat' dir='ltr'>Origenis</span> <span class='ocrx_word' id='word_1_49' title='bbox 525 1168 666 1214; x_wconf 88' lang='lat' dir='ltr'>errores.</span> 
     </span>
    </p>

    <p class='ocr_par' dir='ltr' id='par_1_3' title="bbox 159 1246 1266 2646">
     <span class='ocr_line' id='line_1_9' title="bbox 241 1246 1260 1334; baseline 0.005 -24"><span class='ocrx_word' id='word_1_50' title='bbox 241 1246 288 1310; x_wconf 76' lang='lat' dir='ltr'>Ac</span> <span class='ocrx_word' id='word_1_51' title='bbox 309 1249 443 1311; x_wconf 89' lang='lat' dir='ltr'>interim·</span> <span class='ocrx_word' id='word_1_52' title='bbox 460 1247 683 1329; x_wconf 82' lang='lat' dir='ltr'>Theophilus,</span> <span class='ocrx_word' id='word_1_53' title='bbox 707 1251 825 1330; x_wconf 82' lang='lat' dir='ltr'>iugatis</span> <span class='ocrx_word' id='word_1_54' title='bbox 846 1251 887 1312; x_wconf 90' lang='lat' dir='ltr'>ah</span> <span class='ocrx_word' id='word_1_55' title='bbox 909 1250 1059 1334; x_wconf 74' lang='lat' dir='ltr'>Aegypto</span> <span class='ocrx_word' id='word_1_56' title='bbox 1087 1252 1260 1326; x_wconf 86' lang='lat' dir='ltr'>monachis,</span> 
     </span>
     <span class='ocr_line' id='line_1_10' title="bbox 161 1350 1262 1431; baseline 0.003 -19"><span class='ocrx_word' id='word_1_57' title='bbox 161 1350 363 1429; x_wconf 90' lang='lat' dir='ltr'>triumphum</span> <span class='ocrx_word' id='word_1_58' title='bbox 385 1351 505 1415; x_wconf 86' lang='lat' dir='ltr'>ducens</span> <span class='ocrx_word' id='word_1_59' title='bbox 525 1353 636 1415; x_wconf 76' lang='lat' dir='ltr'><strong>scribit</strong></span> <span class='ocrx_word' id='word_1_60' title='bbox 660 1352 698 1412; x_wconf 93' lang='lat' dir='ltr'>ad</span> <span class='ocrx_word' id='word_1_61' title='bbox 722 1371 746 1413; x_wconf 90' lang='lat' dir='ltr'>s.</span> <span class='ocrx_word' id='word_1_62' title='bbox 772 1351 986 1431; x_wconf 81' lang='lat' dir='ltr'>Epiphaniam</span> <span class='ocrx_word' id='word_1_63' title='bbox 1015 1361 1048 1416; x_wconf 90' lang='lat' dir='ltr'>et</span> <span class='ocrx_word' id='word_1_64' title='bbox 1069 1355 1137 1430; x_wconf 88' lang='lat' dir='ltr'>ait,</span> <span class='ocrx_word' id='word_1_65' title='bbox 1166 1352 1262 1416; x_wconf 86' lang='lat' dir='ltr'>Eccle-</span> 
     </span>
     <span class='ocr_line' id='line_1_11' title="bbox 159 1449 1261 1532; baseline 0.002 -20"><span class='ocrx_word' id='word_1_66' title='bbox 159 1451 239 1512; x_wconf 89' lang='lat' dir='ltr'>siam</span> <span class='ocrx_word' id='word_1_67' title='bbox 264 1449 383 1515; x_wconf 77' lang='lat' dir='ltr'>Christi</span> <span class='ocrx_word' id='word_1_68' title='bbox 411 1453 612 1531; x_wconf 78' lang='lat' dir='ltr'>egredientes</span> <span class='ocrx_word' id='word_1_69' title='bbox 633 1470 650 1514; x_wconf 95' lang='lat' dir='ltr'>a</span> <span class='ocrx_word' id='word_1_70' title='bbox 673 1455 819 1515; x_wconf 89' lang='lat' dir='ltr'>cavernis</span> <span class='ocrx_word' id='word_1_71' title='bbox 847 1455 913 1516; x_wconf 88' lang='lat' dir='ltr'>suis</span> <span class='ocrx_word' id='word_1_72' title='bbox 940 1453 1092 1532; x_wconf 81' lang='lat' dir='ltr'>Origenis</span> <span class='ocrx_word' id='word_1_73' title='bbox 1121 1454 1261 1517; x_wconf 89' lang='lat' dir='ltr'>coiuhros</span> 
     </span>
     <span class='ocr_line' id='line_1_12' title="bbox 162 1554 1261 1635; baseline -0.003 -21"><span class='ocrx_word' id='word_1_74' title='bbox 162 1554 348 1632; x_wconf 89' lang='lat' dir='ltr'>evangelico</span> <span class='ocrx_word' id='word_1_75' title='bbox 371 1573 446 1617; x_wconf 90' lang='lat' dir='ltr'>ense</span> <span class='ocrx_word' id='word_1_76' title='bbox 469 1562 645 1619; x_wconf 86' lang='lat' dir='ltr'>truncasse.</span> <span class='ocrx_word' id='word_1_77' title='bbox 669 1554 736 1635; x_wconf 91' lang='lat' dir='ltr'>Ego</span> <span class='ocrx_word' id='word_1_78' title='bbox 754 1573 830 1618; x_wconf 86' lang='lat' dir='ltr'>vero</span> <span class='ocrx_word' id='word_1_79' title='bbox 851 1573 894 1618; x_wconf 85' lang='lat' dir='ltr'>ex</span> <span class='ocrx_word' id='word_1_80' title='bbox 915 1556 1054 1618; x_wconf 89' lang='lat' dir='ltr'>adverso</span> <span class='ocrx_word' id='word_1_81' title='bbox 1075 1566 1164 1620; x_wconf 85' lang='lat' dir='ltr'>stans</span> <span class='ocrx_word' id='word_1_82' title='bbox 1185 1557 1261 1616; x_wconf 76' lang='lat' dir='ltr'>dicor</span> 
     </span>
     <span class='ocr_line' id='line_1_13' title="bbox 161 1651 1264 1735; baseline -0.002 -18"><span class='ocrx_word' id='word_1_83' title='bbox 161 1651 281 1717; x_wconf 85' lang='lat' dir='ltr'>Christi</span> <span class='ocrx_word' id='word_1_84' title='bbox 306 1654 449 1719; x_wconf 74' lang='lat' dir='ltr'>Ecclesia</span> <span class='ocrx_word' id='word_1_85' title='bbox 472 1657 578 1735; x_wconf 89' lang='lat' dir='ltr'>gladio</span> <span class='ocrx_word' id='word_1_86' title='bbox 599 1675 660 1719; x_wconf 91' lang='lat' dir='ltr'>suo</span> <span class='ocrx_word' id='word_1_87' title='bbox 692 1673 754 1717; x_wconf 93' lang='lat' dir='ltr'>nou</span> <span class='ocrx_word' id='word_1_88' title='bbox 786 1657 950 1719; x_wconf 72' lang='lat' dir='ltr'>truncavit</span> <span class='ocrx_word' id='word_1_89' title='bbox 980 1657 1164 1732; x_wconf 88' lang='lat' dir='ltr'>coluhros,</span> <span class='ocrx_word' id='word_1_90' title='bbox 1196 1655 1264 1717; x_wconf 90' lang='lat' dir='ltr'>idest</span> 
     </span>
     <span class='ocr_line' id='line_1_14' title="bbox 166 1756 1262 1837; baseline -0.001 -20"><span class='ocrx_word' id='word_1_91' title='bbox 166 1759 340 1820; x_wconf 89' lang='lat' dir='ltr'>monachos</span> <span class='ocrx_word' id='word_1_92' title='bbox 362 1756 498 1835; x_wconf 77' lang='lat' dir='ltr'>Nitriae,</span> <span class='ocrx_word' id='word_1_93' title='bbox 516 1776 592 1822; x_wconf 91' lang='lat' dir='ltr'>vere</span> <span class='ocrx_word' id='word_1_94' title='bbox 615 1759 697 1837; x_wconf 89' lang='lat' dir='ltr'>pios,</span> <span class='ocrx_word' id='word_1_95' title='bbox 715 1776 793 1821; x_wconf 88' lang='lat' dir='ltr'>vero</span> <span class='ocrx_word' id='word_1_96' title='bbox 816 1758 1028 1822; x_wconf 83' lang='lat' dir='ltr'>orthodoxos.</span> <span class='ocrx_word' id='word_1_97' title='bbox 1043 1756 1105 1820; x_wconf 90' lang='lat' dir='ltr'>Sed</span> <span class='ocrx_word' id='word_1_98' title='bbox 1131 1757 1262 1821; x_wconf 75' lang='lat' dir='ltr'>Ecclesia</span> 
     </span>
     <span class='ocr_line' id='line_1_15' title="bbox 163 1855 1263 1957; baseline -0.003 -35"><span class='ocrx_word' id='word_1_99' title='bbox 163 1855 286 1957; x_wconf 72' lang='lat' dir='ltr'>Clyristi</span> <span class='ocrx_word' id='word_1_100' title='bbox 310 1858 420 1937; x_wconf 87' lang='lat' dir='ltr'>gladio</span> <span class='ocrx_word' id='word_1_101' title='bbox 441 1878 501 1922; x_wconf 91' lang='lat' dir='ltr'>suo</span> <span class='ocrx_word' id='word_1_102' title='bbox 535 1878 593 1938; x_wconf 90' lang='lat' dir='ltr'>per</span> <span class='ocrx_word' id='word_1_103' title='bbox 625 1859 846 1923; x_wconf 89' lang='lat' dir='ltr'>luuncentium</span> <span class='ocrx_word' id='word_1_104' title='bbox 879 1859 999 1938; x_wconf 87' lang='lat' dir='ltr'>Papam</span> <span class='ocrx_word' id='word_1_105' title='bbox 1032 1861 1151 1923; x_wconf 89' lang='lat' dir='ltr'>merito</span> <span class='ocrx_word' id='word_1_106' title='bbox 1184 1868 1263 1920; x_wconf 87' lang='lat' dir='ltr'>trna·</span> 
     </span>
     <span class='ocr_line' id='line_1_16' title="bbox 164 1958 1265 2042; baseline 0 -21"><span class='ocrx_word' id='word_1_107' title='bbox 164 1960 252 2021; x_wconf 90' lang='lat' dir='ltr'>cavit</span> <span class='ocrx_word' id='word_1_108' title='bbox 273 1978 291 2022; x_wconf 91' lang='lat' dir='ltr'>e</span> <span class='ocrx_word' id='word_1_109' title='bbox 311 1960 382 2024; x_wconf 91' lang='lat' dir='ltr'>sinu</span> <span class='ocrx_word' id='word_1_110' title='bbox 411 1979 471 2024; x_wconf 91' lang='lat' dir='ltr'>suo</span> <span class='ocrx_word' id='word_1_111' title='bbox 500 1958 717 2039; x_wconf 79' lang='lat' dir='ltr'>Theophilum</span> <span class='ocrx_word' id='word_1_112' title='bbox 749 1963 854 2024; x_wconf 90' lang='lat' dir='ltr'>virum</span> <span class='ocrx_word' id='word_1_113' title='bbox 886 1979 1048 2042; x_wconf 88' lang='lat' dir='ltr'>nequam,</span> <span class='ocrx_word' id='word_1_114' title='bbox 1079 1962 1265 2024; x_wconf 86' lang='lat' dir='ltr'>obtrectato-</span> 
     </span>
     <span class='ocr_line' id='line_1_17' title="bbox 163 2059 1262 2140; baseline 0 -21"><span class='ocrx_word' id='word_1_115' title='bbox 163 2074 245 2134; x_wconf 88' lang='lat' dir='ltr'>rem,</span> <span class='ocrx_word' id='word_1_116' title='bbox 269 2059 459 2135; x_wconf 89' lang='lat' dir='ltr'>violentum,</span> <span class='ocrx_word' id='word_1_117' title='bbox 481 2061 597 2140; x_wconf 92' lang='lat' dir='ltr'>lupum</span> <span class='ocrx_word' id='word_1_118' title='bbox 620 2061 836 2139; x_wconf 87' lang='lat' dir='ltr'>dispersorem</span> <span class='ocrx_word' id='word_1_119' title='bbox 858 2065 983 2137; x_wconf 90' lang='lat' dir='ltr'>ovium,</span> <span class='ocrx_word' id='word_1_120' title='bbox 1000 2062 1208 2124; x_wconf 82' lang='lat' dir='ltr'>innoxiorum</span> <span class='ocrx_word' id='word_1_121' title='bbox 1223 2059 1262 2120; x_wconf 92' lang='lat' dir='ltr'>vi·</span> 
     </span>
     <span class='ocr_line' id='line_1_18' title="bbox 163 2161 1265 2242; baseline 0.002 -21"><span class='ocrx_word' id='word_1_122' title='bbox 163 2174 277 2222; x_wconf 91' lang='lat' dir='ltr'>rorum</span> <span class='ocrx_word' id='word_1_123' title='bbox 306 2169 547 2239; x_wconf 81' lang='lat' dir='ltr'>persecutorem</span> <span class='ocrx_word' id='word_1_124' title='bbox 574 2169 605 2223; x_wconf 89' lang='lat' dir='ltr'>et</span> <span class='ocrx_word' id='word_1_125' title='bbox 632 2161 795 2226; x_wconf 83' lang='lat' dir='ltr'>Ecclesiae</span> <span class='ocrx_word' id='word_1_126' title='bbox 824 2165 1099 2242; x_wconf 83' lang='lat' dir='ltr'>perturbatorem.</span> <span class='ocrx_word' id='word_1_127' title='bbox 1127 2163 1265 2226; x_wconf 77' lang='lat' dir='ltr'>attamen</span> 
     </span>
     <span class='ocr_line' id='line_1_19' title="bbox 164 2262 1266 2343; baseline 0 -19"><span class='ocrx_word' id='word_1_128' title='bbox 164 2278 239 2325; x_wconf 92' lang='lat' dir='ltr'>cnm</span> <span class='ocrx_word' id='word_1_129' title='bbox 267 2269 353 2326; x_wconf 91' lang='lat' dir='ltr'>totus</span> <span class='ocrx_word' id='word_1_130' title='bbox 383 2264 470 2326; x_wconf 92' lang='lat' dir='ltr'>orhis</span> <span class='ocrx_word' id='word_1_131' title='bbox 502 2262 654 2343; x_wconf 90' lang='lat' dir='ltr'>incipiens</span> <span class='ocrx_word' id='word_1_132' title='bbox 685 2265 726 2325; x_wconf 89' lang='lat' dir='ltr'>ah</span> <span class='ocrx_word' id='word_1_133' title='bbox 758 2266 946 2328; x_wconf 84' lang='lat' dir='ltr'>innocentio·</span> <span class='ocrx_word' id='word_1_134' title='bbox 971 2267 1135 2328; x_wconf 90' lang='lat' dir='ltr'>clamaret</span> <span class='ocrx_word' id='word_1_135' title='bbox 1164 2266 1266 2327; x_wconf 82' lang='lat' dir='ltr'>contra¹</span> 
     </span>
     <span class='ocr_line' id='line_1_20' title="bbox 162 2360 1264 2445; baseline 0.003 -21"><span class='ocrx_word' id='word_1_136' title='bbox 162 2360 333 2443; x_wconf 76' lang='lat' dir='ltr'>Theophili</span> <span class='ocrx_word' id='word_1_137' title='bbox 363 2366 601 2444; x_wconf 80' lang='lat' dir='ltr'>improbitatem</span> <span class='ocrx_word' id='word_1_138' title='bbox 624 2366 655 2426; x_wconf 89' lang='lat' dir='ltr'>in</span> <span class='ocrx_word' id='word_1_139' title='bbox 676 2374 801 2428; x_wconf 88' lang='lat' dir='ltr'>sanctos</span> <span class='ocrx_word' id='word_1_140' title='bbox 827 2366 1001 2429; x_wconf 90' lang='lat' dir='ltr'>monachos</span> <span class='ocrx_word' id='word_1_141' title='bbox 1032 2374 1264 2445; x_wconf 87' lang='lat' dir='ltr'>perpetratam,</span> 
     </span>
     <span class='ocr_line' id='line_1_21' title="bbox 163 2463 1264 2550; baseline -0.003 -23"><span class='ocrx_word' id='word_1_142' title='bbox 163 2467 253 2528; x_wconf 88' lang='lat' dir='ltr'>solus</span> <span class='ocrx_word' id='word_1_143' title='bbox 284 2463 501 2550; x_wconf 80' lang='lat' dir='ltr'>Hieronymus</span> <span class='ocrx_word' id='word_1_144' title='bbox 531 2467 646 2530; x_wconf 89' lang='lat' dir='ltr'>illusus</span> <span class='ocrx_word' id='word_1_145' title='bbox 673 2466 821 2528; x_wconf 91' lang='lat' dir='ltr'>laudavit</span> <span class='ocrx_word' id='word_1_146' title='bbox 847 2464 1091 2547; x_wconf 87' lang='lat' dir='ltr'>Theophilum,</span> <span class='ocrx_word' id='word_1_147' title='bbox 1114 2473 1149 2528; x_wconf 86' lang='lat' dir='ltr'>et</span> <span class='ocrx_word' id='word_1_148' title='bbox 1169 2479 1264 2527; x_wconf 88' lang='lat' dir='ltr'>mona·</span> 
     </span>
     <span class='ocr_line' id='line_1_22' title="bbox 164 2565 541 2646; baseline -0.005 -16"><span class='ocrx_word' id='word_1_149' title='bbox 164 2567 241 2630; x_wconf 89' lang='lat' dir='ltr'>chos</span> <span class='ocrx_word' id='word_1_150' title='bbox 265 2568 473 2646; x_wconf 88' lang='lat' dir='ltr'>vituperavit.</span> <span class='ocrx_word' id='word_1_151' title='bbox 500 2565 541 2643; x_wconf 69' lang='lat'>(³²⁶)</span> 
     </span>
    </p>

    <p class='ocr_par' dir='ltr' id='par_1_4' title="bbox 163 2666 1266 3356">
     <span class='ocr_line' id='line_1_23' title="bbox 246 2666 1265 2752; baseline -0.004 -21"><span class='ocrx_word' id='word_1_152' title='bbox 246 2667 398 2731; x_wconf 83' lang='lat' dir='ltr'>Ceterum</span> <span class='ocrx_word' id='word_1_153' title='bbox 422 2669 534 2748; x_wconf 89' lang='lat' dir='ltr'>utique</span> <span class='ocrx_word' id='word_1_154' title='bbox 555 2669 622 2731; x_wconf 83' lang='lat' dir='ltr'>dixi</span> <span class='ocrx_word' id='word_1_155' title='bbox 643 2688 668 2731; x_wconf 91' lang='lat' dir='ltr'>s.</span> <span class='ocrx_word' id='word_1_156' title='bbox 685 2666 920 2752; x_wconf 79' lang='lat' dir='ltr'>Hieronymum</span> <span class='ocrx_word' id='word_1_157' title='bbox 941 2687 959 2730; x_wconf 93' lang='lat' dir='ltr'>a</span> <span class='ocrx_word' id='word_1_158' title='bbox 981 2667 1165 2747; x_wconf 90' lang='lat' dir='ltr'>Theophilo</span> <span class='ocrx_word' id='word_1_159' title='bbox 1182 2667 1265 2730; x_wconf 89' lang='lat' dir='ltr'>luisse</span> 
     </span>
     <span class='ocr_line' id='line_1_24' title="bbox 166 2769 1263 2853; baseline -0.003 -23"><span class='ocrx_word' id='word_1_160' title='bbox 166 2769 299 2831; x_wconf 89' lang='lat' dir='ltr'>illusum</span> <span class='ocrx_word' id='word_1_161' title='bbox 322 2788 380 2848; x_wconf 91' lang='lat' dir='ltr'>per</span> <span class='ocrx_word' id='word_1_162' title='bbox 400 2788 475 2833; x_wconf 88' lang='lat' dir='ltr'>suas</span> <span class='ocrx_word' id='word_1_163' title='bbox 495 2771 647 2849; x_wconf 87' lang='lat' dir='ltr'>epistolas</span> <span class='ocrx_word' id='word_1_164' title='bbox 668 2771 856 2853; x_wconf 81' lang='lat' dir='ltr'>synodalem</span> <span class='ocrx_word' id='word_1_165' title='bbox 878 2779 910 2831; x_wconf 92' lang='lat' dir='ltr'>et</span> <span class='ocrx_word' id='word_1_166' title='bbox 932 2771 1012 2832; x_wconf 89' lang='lat' dir='ltr'>duas</span> <span class='ocrx_word' id='word_1_167' title='bbox 1035 2771 1201 2848; x_wconf 88' lang='lat' dir='ltr'>paschales</span> <span class='ocrx_word' id='word_1_168' title='bbox 1221 2782 1263 2828; x_wconf 90' lang='lat' dir='ltr'>ar·</span> 
     </span>
     <span class='ocr_line' id='line_1_25' title="bbox 163 2869 1264 2951; baseline -0.002 -20"><span class='ocrx_word' id='word_1_169' title='bbox 163 2869 297 2933; x_wconf 88' lang='lat' dir='ltr'>tiiiciose</span> <span class='ocrx_word' id='word_1_170' title='bbox 318 2872 522 2934; x_wconf 83' lang='lat' dir='ltr'>elaboratas:</span> <span class='ocrx_word' id='word_1_171' title='bbox 547 2873 600 2935; x_wconf 90' lang='lat' dir='ltr'>uhi</span> <span class='ocrx_word' id='word_1_172' title='bbox 624 2872 741 2934; x_wconf 85' lang='lat' dir='ltr'>inserta</span> <span class='ocrx_word' id='word_1_173' title='bbox 763 2880 854 2933; x_wconf 91' lang='lat' dir='ltr'>erant</span> <span class='ocrx_word' id='word_1_174' title='bbox 869 2872 1002 2950; x_wconf 85' lang='lat' dir='ltr'>Origeni</span> <span class='ocrx_word' id='word_1_175' title='bbox 1020 2872 1182 2951; x_wconf 85' lang='lat' dir='ltr'>adscripta</span> <span class='ocrx_word' id='word_1_176' title='bbox 1204 2884 1264 2947; x_wconf 92' lang='lat' dir='ltr'>pra·</span> 
     </span>
     <span class='ocr_line' id='line_1_26' title="bbox 166 2970 1264 3053; baseline -0.004 -22"><span class='ocrx_word' id='word_1_177' title='bbox 166 2989 204 3032; x_wconf 93' lang='lat' dir='ltr'>va</span> <span class='ocrx_word' id='word_1_178' title='bbox 226 2970 388 3050; x_wconf 87' lang='lat' dir='ltr'>dogmata,</span> <span class='ocrx_word' id='word_1_179' title='bbox 410 2991 560 3053; x_wconf 86' lang='lat' dir='ltr'>quaeque</span> <span class='ocrx_word' id='word_1_180' title='bbox 582 2973 613 3033; x_wconf 92' lang='lat' dir='ltr'>io</span> <span class='ocrx_word' id='word_1_181' title='bbox 635 2973 746 3034; x_wconf 92' lang='lat' dir='ltr'>lihello</span> <span class='ocrx_word' id='word_1_182' title='bbox 769 2975 778 3050; x_wconf 78' lang='lat' dir='ltr'>i</span> <span class='ocrx_word' id='word_1_183' title='bbox 790 2972 857 3051; x_wconf 86' lang='lat' dir='ltr'>jam</span> <span class='ocrx_word' id='word_1_184' title='bbox 874 2973 914 3032; x_wconf 91' lang='lat' dir='ltr'>ah</span> <span class='ocrx_word' id='word_1_185' title='bbox 929 2979 1034 3034; x_wconf 91' lang='lat' dir='ltr'>aetate</span> <span class='ocrx_word' id='word_1_186' title='bbox 1053 2971 1209 3051; x_wconf 87' lang='lat' dir='ltr'>Pamphili</span> <span class='ocrx_word' id='word_1_187' title='bbox 1225 2985 1264 3028; x_wconf 84' lang='lat' dir='ltr'>re·</span> 
     </span>
     <span class='ocr_line' id='line_1_27' title="bbox 167 3068 1261 3154; baseline 0.006 -20"><span class='ocrx_word' id='word_1_188' title='bbox 167 3072 293 3149; x_wconf 85' lang='lat' dir='ltr'>iutato)</span> <span class='ocrx_word' id='word_1_189' title='bbox 316 3076 448 3150; x_wconf 90' lang='lat' dir='ltr'>censita,</span> <span class='ocrx_word' id='word_1_190' title='bbox 471 3074 579 3137; x_wconf 90' lang='lat' dir='ltr'>oblata</span> <span class='ocrx_word' id='word_1_191' title='bbox 603 3074 730 3135; x_wconf 88' lang='lat' dir='ltr'>luerunt</span> <span class='ocrx_word' id='word_1_192' title='bbox 753 3073 922 3136; x_wconf 76' lang='lat' dir='ltr'>Praefecto</span> <span class='ocrx_word' id='word_1_193' title='bbox 943 3075 1109 3152; x_wconf 79' lang='lat' dir='ltr'>augustali</span> <span class='ocrx_word' id='word_1_194' title='bbox 1127 3068 1261 3154; x_wconf 74' lang='lat' dir='ltr'>Aegypti,</span> 
     </span>
     <span class='ocr_line' id='line_1_28' title="bbox 167 3167 1265 3252; baseline -0.005 -18"><span class='ocrx_word' id='word_1_195' title='bbox 167 3181 204 3234; x_wconf 91' lang='lat' dir='ltr'>ut</span> <span class='ocrx_word' id='word_1_196' title='bbox 235 3173 466 3237; x_wconf 85' lang='lat' dir='ltr'>damnarentur</span> <span class='ocrx_word' id='word_1_197' title='bbox 487 3174 642 3252; x_wconf 82' lang='lat' dir='ltr'>Origenes</span> <span class='ocrx_word' id='word_1_198' title='bbox 664 3180 696 3235; x_wconf 92' lang='lat' dir='ltr'>et</span> <span class='ocrx_word' id='word_1_199' title='bbox 717 3174 863 3236; x_wconf 91' lang='lat' dir='ltr'>monachi</span> <span class='ocrx_word' id='word_1_200' title='bbox 897 3175 995 3252; x_wconf 89' lang='lat' dir='ltr'>ipsius</span> <span class='ocrx_word' id='word_1_201' title='bbox 1027 3173 1219 3234; x_wconf 76' lang='lat' dir='ltr'>defensores.</span> <span class='ocrx_word' id='word_1_202' title='bbox 1238 3167 1265 3230; x_wconf 89' lang='lat' dir='ltr'>lu</span> 
     </span>
     <span class='ocr_line' id='line_1_29' title="bbox 168 3264 1266 3356; baseline -0.006 -20"><span class='ocrx_word' id='word_1_203' title='bbox 168 3274 313 3353; x_wconf 87' lang='lat' dir='ltr'>praelata</span> <span class='ocrx_word' id='word_1_204' title='bbox 335 3292 474 3356; x_wconf 89' lang='lat' dir='ltr'>namque</span> <span class='ocrx_word' id='word_1_205' title='bbox 495 3276 631 3356; x_wconf 88' lang='lat' dir='ltr'>epistola</span> <span class='ocrx_word' id='word_1_206' title='bbox 652 3275 691 3337; x_wconf 91' lang='lat' dir='ltr'>ad</span> <span class='ocrx_word' id='word_1_207' title='bbox 716 3264 956 3339; x_wconf 84' lang='lat' dir='ltr'>Pam&#39;machium</span> <span class='ocrx_word' id='word_1_208' title='bbox 980 3280 1013 3337; x_wconf 89' lang='lat' dir='ltr'>et</span> <span class='ocrx_word' id='word_1_209' title='bbox 1033 3272 1212 3345; x_wconf 88' lang='lat' dir='ltr'>Oceanum,</span> <span class='ocrx_word' id='word_1_210' title='bbox 1230 3264 1266 3329; x_wconf 88' lang='lat' dir='ltr'>al·</span> 
     </span>
    </p>
   </div>
   <div class='ocr_carea' id='block_1_2' title="bbox 174 3529 1275 4264">
    <p class='ocr_par' dir='ltr' id='par_1_5' title="bbox 174 3529 1275 4264">
     <span class='ocr_line' id='line_1_30' title="bbox 249 3529 1267 3616; baseline -0.007 -17"><span class='ocrx_word' id='word_1_211' title='bbox 249 3546 281 3616; x_wconf 57' lang='grc' dir='ltr'>(Ἴ</span> <span class='ocrx_word' id='word_1_212' title='bbox 301 3545 411 3599; x_wconf 86' lang='lat' dir='ltr'>Interea</span> <span class='ocrx_word' id='word_1_213' title='bbox 428 3543 463 3598; x_wconf 90' lang='lat' dir='ltr'>de</span> <span class='ocrx_word' id='word_1_214' title='bbox 482 3542 527 3597; x_wconf 90' lang='lat' dir='ltr'>his</span> <span class='ocrx_word' id='word_1_215' title='bbox 544 3542 689 3597; x_wconf 87' lang='lat' dir='ltr'>monachis</span> <span class='ocrx_word' id='word_1_216' title='bbox 708 3543 778 3597; x_wconf 89' lang='lat' dir='ltr'>seire</span> <span class='ocrx_word' id='word_1_217' title='bbox 795 3540 967 3608; x_wconf 80' lang='lat' dir='ltr'>beneveriih,</span> <span class='ocrx_word' id='word_1_218' title='bbox 985 3540 1099 3595; x_wconf 87' lang='lat' dir='ltr'>illorum</span> <span class='ocrx_word' id='word_1_219' title='bbox 1130 3544 1204 3603; x_wconf 83' lang='lat' dir='ltr'>tres,</span> <span class='ocrx_word' id='word_1_220' title='bbox 1228 3529 1267 3607; x_wconf 73' lang='lat' dir='ltr'>qui</span> 
     </span>
     <span class='ocr_line' id='line_1_31' title="bbox 174 3630 1267 3707; baseline -0.012 -14"><span class='ocrx_word' id='word_1_221' title='bbox 174 3636 304 3693; x_wconf 80' lang='lat' dir='ltr'>factionis</span> <span class='ocrx_word' id='word_1_222' title='bbox 322 3636 476 3691; x_wconf 86' lang='lat' dir='ltr'>haereticae</span> <span class='ocrx_word' id='word_1_223' title='bbox 493 3635 632 3707; x_wconf 88' lang='lat' dir='ltr'>principes</span> <span class='ocrx_word' id='word_1_224' title='bbox 650 3652 667 3688; x_wconf 86' lang='lat' dir='ltr'>a</span> <span class='ocrx_word' id='word_1_225' title='bbox 684 3633 837 3704; x_wconf 88' lang='lat' dir='ltr'>Theophilo</span> <span class='ocrx_word' id='word_1_226' title='bbox 855 3642 884 3688; x_wconf 85' lang='lat' dir='ltr'>et</span> <span class='ocrx_word' id='word_1_227' title='bbox 902 3633 1080 3707; x_wconf 89' lang='lat' dir='ltr'>Hieronymo</span> <span class='ocrx_word' id='word_1_228' title='bbox 1103 3630 1267 3703; x_wconf 84' lang='lat' dir='ltr'>putabantur,</span> 
     </span>
     <span class='ocr_line' id='line_1_32' title="bbox 174 3725 1269 3800; baseline -0.01 -16"><span class='ocrx_word' id='word_1_229' title='bbox 174 3728 416 3800; x_wconf 78' lang='lat' dir='ltr'>Constantinopoli</span> <span class='ocrx_word' id='word_1_230' title='bbox 434 3733 560 3782; x_wconf 85' lang='lat' dir='ltr'>mortuos</span> <span class='ocrx_word' id='word_1_231' title='bbox 580 3727 609 3780; x_wconf 90' lang='lat' dir='ltr'>in</span> <span class='ocrx_word' id='word_1_232' title='bbox 628 3725 827 3781; x_wconf 86' lang='lat' dir='ltr'>catholicorum</span> <span class='ocrx_word' id='word_1_233' title='bbox 839 3725 987 3796; x_wconf 88' lang='lat' dir='ltr'>sepulchro</span> <span class='ocrx_word' id='word_1_234' title='bbox 1000 3725 1131 3780; x_wconf 83' lang='lat' dir='ltr'>conditos</span> <span class='ocrx_word' id='word_1_235' title='bbox 1145 3738 1213 3786; x_wconf 84' lang='lat' dir='ltr'>esse,</span> <span class='ocrx_word' id='word_1_236' title='bbox 1224 3731 1269 3772; x_wconf 81' lang='lat' dir='ltr'>ma·</span> 
     </span>
     <span class='ocr_line' id='line_1_33' title="bbox 175 3815 1272 3894; baseline -0.01 -18"><span class='ocrx_word' id='word_1_237' title='bbox 175 3839 262 3894; x_wconf 83' lang='lat' dir='ltr'>gnam</span> <span class='ocrx_word' id='word_1_238' title='bbox 281 3828 346 3894; x_wconf 80' lang='lat' dir='ltr'>posi</span> <span class='ocrx_word' id='word_1_239' title='bbox 365 3821 472 3876; x_wconf 82' lang='lat' dir='ltr'>obitum</span> <span class='ocrx_word' id='word_1_240' title='bbox 491 3819 646 3875; x_wconf 81' lang='lat' dir='ltr'>sanctitatis</span> <span class='ocrx_word' id='word_1_241' title='bbox 665 3819 766 3872; x_wconf 81' lang='lat' dir='ltr'>famam</span> <span class='ocrx_word' id='word_1_242' title='bbox 785 3824 960 3874; x_wconf 85' lang='lat' dir='ltr'>consecutos.</span> <span class='ocrx_word' id='word_1_243' title='bbox 980 3819 1024 3873; x_wconf 91' lang='lat' dir='ltr'>De</span> <span class='ocrx_word' id='word_1_244' title='bbox 1042 3817 1160 3890; x_wconf 85' lang='lat' dir='ltr'>reliquis</span> <span class='ocrx_word' id='word_1_245' title='bbox 1177 3815 1205 3869; x_wconf 89' lang='lat' dir='ltr'>in</span> <span class='ocrx_word' id='word_1_246' title='bbox 1226 3825 1272 3865; x_wconf 86' lang='lat' dir='ltr'>mo·</span> 
     </span>
     <span class='ocr_line' id='line_1_34' title="bbox 175 3902 1271 3983; baseline -0.016 -14"><span class='ocrx_word' id='word_1_247' title='bbox 175 3915 303 3970; x_wconf 79' lang='lat' dir='ltr'>nasleriis</span> <span class='ocrx_word' id='word_1_248' title='bbox 321 3914 428 3969; x_wconf 86' lang='lat' dir='ltr'>Nitriae</span> <span class='ocrx_word' id='word_1_249' title='bbox 445 3912 551 3967; x_wconf 87' lang='lat' dir='ltr'>vexatis</span> <span class='ocrx_word' id='word_1_250' title='bbox 571 3929 587 3966; x_wconf 90' lang='lat' dir='ltr'>a</span> <span class='ocrx_word' id='word_1_251' title='bbox 604 3910 768 3983; x_wconf 90' lang='lat' dir='ltr'>Theophilo,</span> <span class='ocrx_word' id='word_1_252' title='bbox 779 3909 849 3965; x_wconf 88' lang='lat' dir='ltr'>haec</span> <span class='ocrx_word' id='word_1_253' title='bbox 861 3911 996 3983; x_wconf 84' lang='lat' dir='ltr'>leguntur</span> <span class='ocrx_word' id='word_1_254' title='bbox 1014 3908 1043 3964; x_wconf 91' lang='lat' dir='ltr'>in</span> <span class='ocrx_word' id='word_1_255' title='bbox 1063 3908 1148 3964; x_wconf 85' lang='lat' dir='ltr'>veteri</span> <span class='ocrx_word' id='word_1_256' title='bbox 1167 3902 1271 3961; x_wconf 86' lang='lat' dir='ltr'>editione</span> 
     </span>
     <span class='ocr_line' id='line_1_35' title="bbox 175 3999 1275 4080; baseline -0.012 -19"><span class='ocrx_word' id='word_1_257' title='bbox 175 4007 285 4062; x_wconf 85' lang='lat' dir='ltr'>Menaei</span> <span class='ocrx_word' id='word_1_258' title='bbox 305 4023 468 4080; x_wconf 83' lang='lat' dir='ltr'>graecorum</span> <span class='ocrx_word' id='word_1_259' title='bbox 487 4004 540 4060; x_wconf 87' lang='lat' dir='ltr'>sub</span> <span class='ocrx_word' id='word_1_260' title='bbox 560 3999 660 4058; x_wconf 77' lang='lat' dir='ltr'>die‘X.</span> <span class='ocrx_word' id='word_1_261' title='bbox 680 4003 768 4057; x_wconf 71' lang='lat' dir='ltr'>Junii,</span> <span class='ocrx_word' id='word_1_262' title='bbox 792 4028 804 4053; x_wconf 79' lang='lat' dir='ltr'>a</span> <span class='ocrx_word' id='word_1_263' title='bbox 825 4003 931 4058; x_wconf 87' lang='lat' dir='ltr'>Eadem</span> <span class='ocrx_word' id='word_1_264' title='bbox 949 4003 995 4057; x_wconf 90' lang='lat' dir='ltr'>dis</span> <span class='ocrx_word' id='word_1_265' title='bbox 1013 4003 1119 4058; x_wconf 82' lang='lat' dir='ltr'>festum</span> <span class='ocrx_word' id='word_1_266' title='bbox 1132 4003 1275 4056; x_wconf 84' lang='lat' dir='ltr'>sanctorum</span> 
     </span>
     <span class='ocr_line' id='line_1_36' title="bbox 176 4088 1274 4170; baseline -0.006 -18"><span class='ocrx_word' id='word_1_267' title='bbox 176 4099 359 4170; x_wconf 88' lang='lat' dir='ltr'>plurimorum</span> <span class='ocrx_word' id='word_1_268' title='bbox 377 4105 497 4170; x_wconf 84' lang='lat' dir='ltr'>petrum,</span> <span class='ocrx_word' id='word_1_269' title='bbox 518 4112 588 4167; x_wconf 89' lang='lat' dir='ltr'>quos</span> <span class='ocrx_word' id='word_1_270' title='bbox 607 4095 778 4167; x_wconf 86' lang='lat' dir='ltr'>Theophilus</span> <span class='ocrx_word' id='word_1_271' title='bbox 798 4094 982 4150; x_wconf 83' lang='lat' dir='ltr'>Alexandriae</span> <span class='ocrx_word' id='word_1_272' title='bbox 1001 4094 1153 4166; x_wconf 86' lang='lat' dir='ltr'>episcopus</span> <span class='ocrx_word' id='word_1_273' title='bbox 1170 4088 1274 4163; x_wconf 77' lang='lat' dir='ltr'>igncd</span> 
     </span>
     <span class='ocr_line' id='line_1_37' title="bbox 181 4188 1103 4264; baseline -0.003 -19"><span class='ocrx_word' id='word_1_274' title='bbox 181 4190 302 4247; x_wconf 89' lang='lat' dir='ltr'>violenta</span> <span class='ocrx_word' id='word_1_275' title='bbox 321 4197 409 4248; x_wconf 81' lang='lat' dir='ltr'>morte</span> <span class='ocrx_word' id='word_1_276' title='bbox 427 4196 540 4264; x_wconf 85' lang='lat' dir='ltr'>propter</span> <span class='ocrx_word' id='word_1_277' title='bbox 559 4190 698 4246; x_wconf 87' lang='lat' dir='ltr'>Isidorum</span> <span class='ocrx_word' id='word_1_278' title='bbox 716 4188 911 4262; x_wconf 87' lang='lat' dir='ltr'>presbyterum</span> <span class='ocrx_word' id='word_1_279' title='bbox 931 4188 1065 4244; x_wconf 85' lang='lat' dir='ltr'>enecavit.</span> <span class='ocrx_word' id='word_1_280' title='bbox 1087 4210 1103 4242; x_wconf 70' lang='lat' dir='ltr'>a</span> 
     </span>
    </p>
   </div>
   <div class='ocr_carea' id='block_1_3' title="bbox 0 0 1459 4784">
    <p class='ocr_par' dir='ltr' id='par_1_6' title="bbox 0 0 1459 4784">
     <span class='ocr_line' id='line_1_38' title="bbox 0 0 1459 4784; baseline 0 0"><span class='ocrx_word' id='word_1_281' title='bbox 0 0 1459 4784; x_wconf 95' lang='lat' dir='ltr'> </span> 
     </span>
    </p>
   </div>
  </div>
 </body>
</html>
