2886 4784
234 328 273 394 ¹2
304 427 469 493 Codrenus
492 426 522 485 in
545 441 574 485 n.
601 424 624 484 i.
649 424 789 484 collocat
814 421 1027 505 Pythagoram
1042 441 1052 499 ;
1076 428 1108 484 et
1136 423 1201 494 ait,
1232 422 1351 501 ipsum·

222 531 388 611 scientiam
412 541 625 588 numerorum
648 525 825 604 scripsisse,
839 532 872 585 et
891 524 1047 601 opinionis
1068 522 1108 584 de
1130 524 1342 588 facultatibus

223 640 255 695 et
278 630 441 710 principiis
462 627 661 704 incorporeis
683 625 783 689 tuisse
806 634 987 696 auctorem,
1010 634 1042 686 et
1063 641 1194 687 manaen
1209 641 1342 704 compo·

223 733 327 794 suisse
348 728 388 792 de
411 729 471 790 rite
492 723 596 790 Deoua
620 724 769 796 colendo.
793 725 831 786 de
854 724 1032 789 uirtutibus
1057 730 1119 786 ete.
1145 722 1246 786 Penio
1264 733 1344 803 poet

222 832 330 895 subdit
348 851 357 891 a
382 850 397 887 u
419 815 524 906 Οὗτος
541 819 558 892 ὁ
574 819 771 925 Πυθαγόρας
784 823 1036 915 μεταμψύχωσα
1053 819 1280 914 ὲδαγματιζεν,
1299 820 1344 903 ἦν

222 929 319 1005 θέλων
334 939 489 1029 κυρῶσαι,
503 927 600 1022 ἔλεγεν
616 922 728 998 ἑαυτὸν
743 927 808 1031 προ*
821 935 883 995 τῶν
898 925 1038 1028 rpsiisrciu
1049 925 1240 1007 Ἀἰθαλίδην
1253 950 1344 1018 uspu-

221 1039 323 1118 νέναι,
346 1035 378 1104 ἐν
402 1031 435 1104 δὲ
460 1034 529 1114 rire
552 1035 701 1136 τρωῖκὸις
716 1033 897 1136 Ευφαρβαν,
915 1031 997 1123 μετα
1018 1031 1053 1102 dr
1076 1029 1177 1101 ταυτα
1197 1033 1345 1128 Ερμότι-

222 1162 286 1232 μον
308 1138 430 1230 sciptor
453 1138 524 1231 μεθ’
540 1133 585 1206 ὃν
610 1133 874 1232 Πύῤῥοαδήλιον
897 1138 956 1205 καὶ
980 1138 1122 1226 πέμπτον
1146 1134 1344 1237 Πυθαγόραν

225 1250 245 1307 i.
270 1265 299 1308 e.
321 1246 385 1308 Iste
409 1245 610 1326 Pythagoras
631 1246 753 1306 animas
774 1245 813 1305 de
835 1243 1028 1320 corporibus
1055 1246 1084 1303 io
1111 1260 1248 1320 corpora
1283 1245 1336 1304 rui·

224 1363 320 1425 grene
341 1348 447 1408 sensit.
472 1343 567 1420 Quod
591 1352 628 1408 ut
648 1343 855 1406 confirmaret
876 1362 910 1405 se
933 1328 1006 1402 onte
1028 1341 1151 1402 bellum
1174 1340 1341 1419 trojanum

225 1445 322 1507 fuisse
338 1445 537 1509 Aethalidem
559 1443 652 1517 dixit,
675 1445 706 1506 iu
728 1443 816 1507 heito
840 1443 967 1522 trojano
980 1439 1208 1519 Euphorbum,
1227 1451 1338 1520 portua

225 1544 464 1608 Hermotimum
479 1547 629 1619 samium,
640 1563 677 1607 ac
693 1562 806 1607 rursus
824 1542 963 1626 Pyrrum
975 1543 1111 1614 delium,
1124 1544 1274 1621 quintum
1285 1542 1341 1605 de·

226 1665 314 1708 mum
333 1648 559 1731 Pythagoram.
576 1664 592 1702 s
610 1644 698 1706 Haec
713 1644 823 1706 eadem
840 1652 930 1706 notet
945 1645 1147 1723 Anonymum
1164 1643 1268 1721 glossa
1285 1661 1343 1705 ex·

226 1757 315 1826 cepta
329 1769 337 1808 ι
353 1770 368 1807 a
380 1736 486 1827 Οῧτας
504 1738 564 1816 καὶ
577 1738 686 1837 ψυχήν
703 1741 859 1812 ἀθάνατον
882 1733 899 1810 ἓ
904 1767 950 1812 ατε
969 1741 1029 1812 καὶ
1044 1743 1341 1834 μετωσωμάτωσιν.

225 1853 246 1912 i.
261 1871 290 1914 e.
309 1849 371 1913 isto
393 1857 426 1914 et
446 1853 585 1913 animam
607 1851 823 1913 immortalem
841 1850 921 1911 dixit
937 1862 1038 1928 etque
1054 1867 1231 1928 corporum
1254 1860 1342 1911 tran·

224 1954 509 2032 emigrationem.»
529 1951 562 2014 in
584 1954 719 2032 reliquis
741 1953 835 2031 piane
857 1953 1019 2022 convenit,
1041 1951 1153 2013 endem
1178 1967 1342 2028 usurpans

227 2071 344 2132 graeca
368 2055 539 2117 vocabula.

307 2151 538 2217 Verumtamen
553 2155 746 2229 miramon,
762 2152 849 2231 quod
865 2152 1120 2232 insequentibus
1136 2152 1340 2234 Anonymum

225 2251 348 2330 pluries
370 2259 435 2316 tam
456 2253 510 2315 hic
533 2261 597 2315 tam
618 2252 694 2313 aiibi
716 2253 828 2331 paucis
850 2253 1002 2326 mutatis,
1025 2251 1136 2315 eadem
1158 2251 1199 2314 de
1220 2250 1341 2332 Pytha·

226 2367 304 2430 gnra
326 2351 449 2416 trustra
472 2359 606 2431 repetat.
631 2351 667 2415 in
688 2353 749 2415 hoc
772 2354 856 2415 onim
877 2352 951 2414 ioco
979 2353 1120 2429 primum
1150 2353 1213 2414 ait:
1238 2370 1254 2410 α
1276 2349 1341 2415 liic
1398 2430 1404 2441 ι

225 2451 325 2530 igitur
347 2453 476 2536 physica
491 2470 566 2516 cum
581 2452 808 2532 indagarisset,
830 2456 1072 2528 astronomiam,
1088 2452 1142 2516 sod
1159 2462 1191 2516 ot
1210 2468 1340 2531 geome-

228 2553 334 2624 triam,
358 2561 389 2613 et
412 2553 580 2624 musicam,
605 2561 637 2616 et
658 2554 894 2617 arithmeticam
911 2555 1050 2617 miscuit.
1069 2553 1110 2618 Et
1123 2557 1168 2616 sic
1184 2553 1341 2615 unitatem

223 2652 386 2713 monadem
407 2653 537 2732 quidem
559 2652 734 2717 affirmavit
754 2672 823 2716 esse
845 2651 972 2716 Denms
997 2672 1035 2718 ac
1056 2656 1182 2717 numeri
1211 2652 1343 2714 curiose

226 2752 408 2830 perdiscens
430 2761 602 2826 naturam,
625 2755 782 2816 mundum
818 2755 901 2817 dixit
924 2756 1026 2818 meios
1049 2773 1189 2829 canere,
1210 2761 1243 2817 et
1265 2771 1342 2816 cnm

226 2850 392 2913 harmonia
415 2854 482 2915 sire
503 2862 662 2917 concentu
685 2864 912 2933 comparatum
934 2873 1020 2932 esse;
1043 2855 1185 2917 siderum
1208 2871 1344 2933 quoqne

225 2958 348 3025 septem
371 2959 495 3012 motum
516 2952 548 3012 in
571 2953 759 3034 rhythmum
782 2962 814 3015 et
835 2962 966 3016 centnm
988 2955 1111 3033 primus
1137 2954 1285 3028 adduxit,
1308 2960 1343 3014 et

227 3050 394 3112 machinae
416 3051 515 3132 hujus
537 3053 707 3116 universae
735 3052 914 3116 admiratus
946 3053 1275 3126 administrationem,
1308 3055 1342 3114 in

227 3151 331 3229 primo
355 3153 459 3214 voluit
480 3154 653 3233 discipulos
675 3155 772 3217 silere
793 3164 856 3216 etc.
878 3172 895 3210 s
920 3152 1025 3217 Paulo
1047 3164 1118 3233 pust
1147 3173 1262 3218 rursus
1295 3154 1343 3216 iu·

225 3253 297 3331 quit
334 3253 373 3316 de
406 3253 592 3332 Philosophi
625 3256 793 3317 doctrinas
827 3277 842 3313 u
877 3253 949 3333 lpse
979 3273 1161 3335 supponens
1187 3272 1343 3318 numeros

226 3354 438 3430 quaedamst
458 3372 639 3423 mensuras,
663 3353 825 3417 adinvenit
848 3363 985 3418 naturae
1001 3356 1191 3418 faecundam
1210 3373 1342 3434 genera·

229 3453 370 3527 tionem,
402 3452 507 3517 dicens
536 3455 760 3516 arithmeticae
791 3455 1033 3534 philosophicae
1064 3457 1259 3533 principium
1279 3471 1343 3534 per

228 3553 460 3616 connexionem
482 3552 704 3633 circumplecti
736 3554 819 3616 hanc
851 3556 1021 3619 rationem.
1045 3553 1210 3619 Numerus
1233 3555 1342 3618 extitit

227 3654 350 3730 primas
375 3650 589 3732 Principium,
611 3654 696 3732 quod
720 3662 767 3717 cst
788 3673 890 3718 nuum
915 3654 1135 3729 indetinitum,
1162 3657 1344 3732 incompre-

225 3749 377 3825 hensum,
397 3753 517 3815 habens
539 3755 569 3815 io
590 3771 624 3816 se
645 3772 768 3832 omnes,
791 3756 848 3834 qui
871 3755 1078 3817 multitudine
1099 3757 1130 3817 io
1146 3756 1340 3815 immensum

225 3860 362 3930 possunt
382 3869 540 3927 crescere,
564 3872 727 3917 numeros.
758 3854 956 3932 Principium
985 3863 1094 3916 autem
1127 3871 1341 3916 numeroram

229 3949 291 4013 init
311 3968 370 4028 per
390 3954 639 4031 suppositionem
662 3957 896 4035 primumcum
918 3956 1036 4029 unitos,
1059 3972 1142 4032 quae
1164 3961 1213 4016 est
1234 3955 1341 4017 unitas

228 4049 384 4121 mascula,
408 4054 513 4129 patrio
535 4072 625 4117 more
646 4071 821 4133 procreans
843 4071 994 4118 numeros
1017 4056 1171 4132 reliquos.
1188 4051 1279 4114 lianc
1292 4070 1343 4114 se·

227 4148 341 4225 quitor
364 4149 504 4216 binarius
527 4172 682 4216 ounrsrns
706 4153 834 4216 femina.
860 4151 920 4216 Hic
954 4171 1031 4218 vero
1063 4153 1103 4216 ab
1132 4153 1342 4217 arithmeticis
