2886 4784
1238 372 1279 443 99

163 482 195 542 et
213 473 293 540 dicit
313 473 478 557 quomodo
500 492 600 541 ansus
614 477 657 540 sit
672 473 859 540 Methodius
874 493 960 539 nnnc
975 479 1088 538 contra
1102 476 1279 556 Origenem

163 580 320 652 scrihere,
338 581 395 658 qni
417 580 498 642 baec
519 579 653 644 ethaeo
674 580 714 642 de
735 578 883 658 Origenis
902 579 1033 643 loeutus
1055 587 1102 642 est
1123 579 1279 660 dogmati·

162 682 232 746 bas.
258 700 274 740 s
297 676 369 745 Hoc
390 687 500 744 autem
522 681 623 760 magis
644 681 841 760 explanatur
861 699 878 744 a
899 678 1034 745 Socrme
1045 700 1057 759 3
1079 682 1137 760 qui
1167 684 1198 743 in
1228 680 1279 744 Li·

160 783 220 847 bro
244 781 300 846 tv.
322 801 350 846 c.
374 780 465 846 Xlll.
491 783 616 862 inquit:
641 803 658 843 a
680 780 867 847 Methodius
890 784 1044 864 quidem,
1076 801 1151 847 cnm
1181 784 1212 845 in
1241 783 1279 844 li·

161 884 227 948 bria
248 887 317 948 auis
338 883 513 963 Origenem
535 883 592 947 din
613 885 820 964 multumque
835 885 1008 949 insectatus
1025 884 1157 963 luisset3
1173 893 1279 947 tamen

160 993 273 1068 postea
303 1004 365 1049 ceu
386 1004 428 1049 ax
450 985 611 1065 palinodia
641 988 780 1050 miratur
803 990 909 1050 virum
930 990 962 1051 in
990 986 1149 1064 Dialogo,
1181 1003 1278 1066 quem

165 1083 331 1151 Xenonem
352 1085 523 1165 inscripsit.
548 1100 564 1144 o
587 1084 655 1150 Nec
672 1089 768 1151 aliter
787 1078 899 1168 'putari
927 1088 1005 1151 licet
1026 1088 1065 1151 de
1087 1085 1276 1158 methodio,

160 1190 240 1252 meis
274 1189 423 1268 inspectis
444 1190 476 1252 in
499 1184 602 1252 Temo
625 1188 648 1251 l.
672 1189 832 1253 diuturnis
861 1189 1159 1270 investigationibus
1191 1190 1281 1252 cirea

158 1287 309 1369 origenis
330 1288 510 1352 doctrinam
527 1287 571 1351 De
586 1289 826 1367 resurreetione,
843 1291 1032 1369 praesertim
1050 1290 1156 1370 quoad
1172 1287 1278 1369 palia·

158 1397 320 1470 perreriam
340 1393 409 1455 aiae
430 1391 704 1470 regenerationem.
730 1391 764 1454 ln
787 1411 853 1472 qno
876 1392 1062 1468 vocabulo,
1093 1391 1183 1454 nohis
1209 1388 1277 1453 sni·

160 1492 310 1571 ingente
330 1508 428 1570 quem
451 1492 591 1554 maxime
611 1510 637 1575 a,
663 1492 830 1571 Pamphile
851 1493 882 1554 in
903 1510 931 1555 c.
956 1489 1027 1555 Vll.
1053 1491 1276 1571 Apologetici.
1330 1554 1332 1558 Α

159 1602 405 1658 consentaneam
427 1593 594 1657 doctrinae
609 1594 788 1657 catholicae
802 1601 1002 1673 perspectam
1020 1592 1154 1657 lecimus
1178 1595 1277 1673 ipsius

157 1695 279 1774 ddem3
303 1712 362 1758 nee
384 1694 540 1758 nllimoda
556 1695 864 1762 accommodandam
880 1697 1093 1772 illationibus,
1110 1714 1190 1776 quas
1208 1694 1276 1760 hle·

159 1797 292 1860 thodins
313 1795 475 1858 deducere
497 1796 635 1874 putavit.
660 1795 880 1871 Quamobrem
904 1798 990 1859 haud
1013 1799 1174 1859 immerito
1198 1814 1273 1859 con·

157 1897 290 1978 iluimus
309 1914 335 1958 s.
357 1894 585 1968 Methodium,
607 1914 632 1958 a.
658 1895 816 1977 Pamphili
839 1904 871 1960 et
894 1897 1022 1962 Eusebii
1042 1900 1128 1962 lecto
1153 1899 1274 1974 apoto·

159 1999 288 2079 getico,
309 2015 348 2061 ac
369 1997 545 2059 certiorem
569 1996 691 2060 iactum
713 1998 752 2060 de
773 1997 921 2078 Origeuis
947 1999 1019 2062 fidei
1045 2008 1077 2063 et
1106 1999 1275 2063 doctrinae

160 2099 348 2179 integritate
364 2098 396 2159 in
412 2098 461 2161 his
477 2105 509 2160 et
523 2098 683 2161 similibus
700 2099 905 2174 tractatibus,
919 2103 1000 2179 ques
1018 2100 1173 2163 adversus
1195 2117 1272 2161 eum

158 2204 362 2280 scripserat,
384 2219 419 2264 se
440 2199 650 2273 emendasse,
674 2209 706 2262 et
727 2200 847 2279 probra
871 2203 902 2262 in
923 2201 1037 2264 landos
1062 2203 1270 2264 convertisse.

240 2303 291 2366 Ac
312 2318 437 2381 reapse,
455 2318 529 2364 oum
553 2301 656 2379 inquit
676 2319 701 2362 s.
727 2299 913 2380 Pamphilus
935 2301 1105 2381 quosdam,
1124 2299 1216 2363 editis
1236 2300 1274 2361 li·

149 2404 279 2480 bellis,
303 2403 474 2482 derogasse
505 2400 661 2481 Origani,
693 2420 731 2464 ac
764 2403 847 2465 inter
878 2411 1002 2466 ceteras
1034 2403 1275 2465 criminationes

156 2508 257 2570 etiam
280 2523 379 2585 quam
399 2508 573 2568 maximam
598 2504 667 2583 (uti
690 2505 720 2565 in
743 2504 804 2566 tine
825 2505 937 2584 capitis
954 2503 1024 2580 Vl.)
1039 2507 1165 2579 notari,
1183 2503 1273 2583 quod

155 2608 432 2672 resurrectionem
453 2608 628 2686 denegaret
650 2615 870 2683 mortuorum,
890 2607 1160 2670 verisimillimum
1181 2606 1219 2667 de
1236 2607 1273 2671 iis

154 2707 273 2788 ioqui,
303 2725 388 2786 qnae
416 2706 602 2770 Methodius
624 2708 785 2770 nonsatis
807 2715 903 2770 cante
931 2709 1099 2788 perlegens
1127 2708 1159 2768 in
1186 2707 1275 2772 illius

154 2808 309 2889 seriptis,
334 2808 386 2870 ael
408 2810 439 2871 in
462 2808 655 2888 quibusdam
678 2808 919 2870 commentariis
934 2793 1040 2887 ‘super
1064 2808 1210 2888 ejusdem
1236 2808 1275 2869 li·

157 2909 236 2973 bros
258 2908 433 2971 arbitraria
454 2909 611 2985 conflatis,
630 2909 750 2991 objecit
772 2912 855 2985 viro,
871 2910 927 2989 qni
950 2911 1066 2988 (sicuti
1088 2907 1274 2973 Methodiuo

155 3012 249 3090 ipse)
270 3011 455 3074 orthodoxe
477 3011 693 3092 profitebatur
715 3011 820 3075 caruis
853 3015 1150 3093 resurrectionem,
1173 3018 1205 3073 et
1225 3028 1275 3072 sa·

155 3113 355 3193 pientissimo
376 3114 532 3176 adversus
555 3113 735 3175 haereticos
758 3113 983 3190 propugnavit.

238 3213 297 3278 His
318 3216 495 3279 adauctum
513 3214 700 3277 testimoniis
722 3231 762 3276 ex
784 3233 810 3275 s.
835 3213 993 3292 Pamphili
1010 3220 1042 3275 et
1060 3212 1190 3276 Eusehii
1205 3220 1273 3276 stu·

157 3315 214 3379 dio
237 3317 278 3378 de
300 3318 494 3381 adversariis
515 3319 583 3379 suis
606 3317 807 3395 triumphum
834 3315 954 3378 ducens
979 3316 1133 3394 pergebat
1157 3317 1188 3375 in
1211 3313 1274 3378 Ec·

153 3418 256 3480 clasia
275 3417 494 3480 venerandum
510 3418 658 3496 Origenis
681 3434 809 3491 nomen,
829 3415 872 3478 ita
895 3421 933 3478 ut
956 3414 1080 3478 Pierius
1103 3415 1273 3497 presbyter

152 3519 389 3583 alexandrinus
413 3523 462 3583 vir
483 3521 555 3597 pius
577 3526 609 3582 et
633 3520 808 3583 virtutibus
830 3504 1081 3596 spectatissimas
1099 3519 1141 3580 ob
1156 3517 1273 3597 ingenii

156 3620 363 3697 ielicitatem,
385 3623 427 3685 oh
449 3620 593 3685 assiduas
615 3620 654 3683 ad
678 3620 789 3699 populi
811 3620 994 3695 conciones,
1009 3620 1096 3683 alter
1115 3618 1271 3696 Origenes

156 3730 346 3785 vocaretur.
372 3723 418 3786 lta
443 3723 602 3786 Eusebius
623 3723 654 3782 in
676 3719 759 3784 Hist.
778 3719 867 3786 Eccl.
892 3720 992 3784 Libro
1009 3718 1080 3783 Vll.
1103 3738 1131 3784 c.
1153 3717 1271 3782 xxva.

153 3819 217 3886 Cui
239 3822 349 3885 subdit
371 3823 506 3887 Photins
527 3823 560 3885 in
583 3822 662 3888 Cod.
685 3818 787 3886 titt«
810 3819 912 3885 Valde
933 3823 1017 3884 enim
1041 3829 1118 3883 tune
1138 3829 1271 3899 reputa·

153 3921 254 3986 batur
274 3922 442 4004 Origenes.
465 3923 605 4000 »Quasi
627 3923 771 3986 diceret:
795 3923 903 3986 adhuc
933 3922 1026 3986 istius
1055 3939 1171 3984 nomen
1202 3922 1270 3999 glo·

156 4022 281 4087 riosnm
304 4027 476 4087 resonabat
497 4028 528 4088 in
551 4024 720 4088 Ecclesia:
743 4043 801 4089 nec
822 4025 891 4087 ulla
915 4026 1086 4087 haereseos
1119 4029 1192 4085 nota
1225 4023 1269 4083 ita
1303 4030 1309 4041 ·

155 4123 283 4189 inustus
304 4135 397 4201 erat,
421 4135 457 4190 ut
478 4127 722 4207 periclitaretur
744 4127 814 4207 ejus
837 4128 939 4189 bonus
960 4125 1044 4189 odor
1064 4127 1097 4187 ia
1124 4125 1268 4187 fidetiu-

156 4237 262 4292 coetu.
285 4227 367 4293 Item
391 4229 584 4313 Athanasius
608 4229 706 4309 paulo
729 4238 926 4309 post-qoem
948 4245 1011 4292 oon
1031 4227 1130 4394 lat1118it
1151 4221 1213 4289 viri
1234 4225 1267 4286 ii·
