2886 4784
1136 333 1175 403 61

52 446 197 518 versari,
215 440 278 508 nec'
295 443 341 508 illi
358 463 425 506 asse
441 439 604 507 subditum
624 438 747 507 volunt.
764 444 823 507 Sed
846 444 1018 522 praecipua
1035 443 1175 523 quadam

54 560 221 631 potestate
242 549 423 626 praeditum
446 565 541 625 agere
564 564 647 626 quae
669 546 813 617 libuerit,
836 565 898 607 urin
921 547 1041 608 malitia
1060 545 1175 623 depra-

59 663 191 714 vatum.
213 649 293 715 Cum
319 648 460 711 Ecclesia
483 650 567 709 enirn
590 649 719 709 minime
740 650 951 726 conveniuntj
973 646 1027 709 sed
1051 664 1068 708 a
1093 647 1176 708 veri-

58 754 137 813 tatis
156 751 301 812 doctrina
326 751 452 828 longius
473 750 636 810 aberrant.
650 768 666 806 a
679 745 768 810 Unus
791 755 897 827 negat,
920 747 1004 810 alter
1024 745 1174 810 affirmat.

146 850 267 914 Deinde
288 855 319 914 io
340 871 367 915 c.
393 848 447 912 Vl.
471 852 608 934 phryges
631 852 859 930 perstringens,
876 849 961 929 quod
985 849 1176 914 Montanum

63 956 113 1018 uti
138 954 327 1034 prophetam
351 961 383 1014 et
407 952 586 1014 Priscillam
613 961 645 1014 et
670 949 884 1014 Maximillam
915 950 1178 1030 pseudoprophe-

64 1059 159 1120 tissas
181 1056 404 1125 honorassent,
419 1055 540 1133 inquit:
560 1074 577 1112 r
595 1052 737 1136 Phryges
760 1054 895 1114 istorum
916 1053 1016 1114 libros
1038 1052 1177 1113 inlinitos

65 1159 212 1237 legentes
232 1147 366 1233 errant}
388 1173 447 1216 uec
468 1173 517 1228 ea,
541 1173 625 1234 quac
647 1155 697 1216 isti
720 1154 940 1231 garriverunt,
958 1155 1082 1216 ratione
1097 1153 1178 1233 diju·

66 1260 175 1322 dicant
187 1277 199 1336 3
222 1274 280 1333 nec
302 1275 357 1317 eos
378 1265 509 1328 curant,
531 1259 586 1335 qui
609 1255 789 1334 dijudicare
811 1263 966 1332 possunt:
989 1254 1043 1316 sed
1073 1256 1183 1316 incon·

66 1360 157 1423 sulte
178 1375 273 1421 coeca
297 1356 358 1418 lide
379 1358 418 1417 ad
441 1376 496 1418 eos
518 1356 711 1428 efferuntur,
735 1365 765 1417 et
789 1355 862 1433 plus
889 1355 1009 1434 seipsos
1034 1353 1181 1418 didicisse

64 1461 162 1542 ajunt
182 1459 223 1521 ab
244 1461 310 1520 istis
331 1475 428 1537 quam
444 1477 485 1520 ex
503 1456 586 1537 Lege
607 1467 640 1519 et
654 1459 821 1537 prophetis
836 1465 868 1518 et
882 1454 1078 1535 Evangeliis.
1097 1456 1183 1534 lipo-

66 1563 163 1624 stolis
183 1568 292 1622 autem
314 1568 346 1623 et
369 1560 517 1622 omnibus
538 1560 761 1637 spiritualibus
783 1560 873 1621 donis
900 1558 980 1622 haec
1012 1558 1182 1620 muliebria

67 1664 282 1724 deliramenta
306 1669 520 1739 praeponunt,
535 1663 577 1721 ita
601 1670 636 1721 nt
657 1661 789 1739 quidam
810 1678 926 1722 eurum
942 1659 1081 1722 audeant
1098 1659 1183 1722 dice·

67 1783 123 1838 re,
146 1766 177 1826 ia
200 1763 408 1842 istisaliquid
432 1762 536 1841 maius
558 1780 655 1841 quam
679 1766 709 1824 in
733 1761 860 1824 Christo
883 1760 993 1823 luisse.
1010 1780 1026 1818 b
1043 1757 1086 1822 m
1101 1780 1184 1841 pou·

68 1864 117 1928 cis
141 1863 312 1945 interjectis
333 1860 511 1926 concludit:
536 1863 628 1940 Quae
650 1864 689 1926 de
712 1865 778 1926 istis
800 1863 883 1926 dicta
905 1871 991 1939 sunt,
1014 1863 1104 1926 uubis
1119 1862 1186 1926 sul-

61 1964 171 2027 'ticere
196 1964 346 2026 videntur
356 1984 368 2042 3
390 1983 492 2044 quum
516 1965 659 2025 breviter
674 1964 822 2027 omnibus
841 1963 1184 2038 demonstraverimus,

71 2084 213 2145 nugaces
235 2085 304 2127 esse
327 2066 446 2127 multos
467 2084 581 2128 eorum
605 2065 727 2142 libros,
750 2073 782 2128 et
803 2065 928 2126 infirma
950 2082 1065 2126 eorum
1090 2069 1187 2127 ratiu-

72 2170 170 2242 cinia,
193 2178 225 2231 et
247 2168 367 2229 minimi
390 2169 505 2246 pretii:
529 2169 714 2248 quibusque
734 2167 865 2230 studere
887 2185 950 2230 uon
970 2176 1113 2245 oportet,
1129 2171 1185 2248 qui

71 2287 150 2333 sana
175 2279 280 2332 mente
302 2269 435 2350 pollent.
461 2290 476 2328 ii

157 2367 261 2433 Nemo
281 2389 343 2432 non
364 2373 513 2445 miretur,
532 2379 623 2450 puto,
642 2370 728 2450 quod
748 2369 821 2433 talia
837 2386 981 2432 asserens
1000 2359 1208 2453 Anonymus'

76 2491 154 2534 cum
178 2476 231 2536 vix
254 2475 415 2555 phrygum
438 2491 566 2535 errores
588 2473 804 2547 indicaverit,
837 2472 1026 2551 nullamque
1048 2471 1190 2550 interpu-

74 2573 183 2634 suerit
203 2572 445 2645 relutationem,
469 2582 609 2636 attamen
631 2573 818 2646 concludat,
840 2593 875 2635 se
896 2573 1042 2636 breviter
1064 2576 1188 2636 cunctis

74 2675 328 2747 demonstrasse,
347 2678 487 2754 nugaces
501 2694 569 2738 esse
585 2676 720 2738 illorum
734 2675 848 2749 libros,
865 2685 897 2737 et
912 2673 1037 2736 infirma
1054 2674 1188 2737 illorum

42 2759 56 2775 ⁸
75 2777 258 2838 ratiocinia.
282 2775 453 2855 Praeterea
477 2778 612 2838 istorum
636 2775 1189 2840 haereticorumcitatductoriuli·

10 2876 19 2885 '
73 2876 160 2937 nitcs
183 2876 295 2949 libros,
306 2895 447 2956 quorum
469 2877 560 2939 nulla
575 2877 693 2939 mentio
709 2877 793 2954 apud
809 2897 833 2939 s.
847 2875 1062 2959 Epiphaniam
1079 2887 1111 2940 ct
1125 2895 1192 2938 ma·

74 2977 165 3040 xime
188 2975 373 3041 Eusebium.
392 2978 421 3041 ls
436 2980 467 3040 in
483 2976 580 3041 Libro
596 2974 635 3040 V.
652 2976 774 3040 Hiaior.
791 2976 909 3040 Eccles.
926 2996 954 3041 c.
969 2977 1087 3041 XVlll.
1103 2979 1187 3041 cele·

77 3078 153 3139 brat
168 3077 260 3140 valde
274 3078 480 3158 Apollonium
497 3079 594 3161 hujus
610 3081 778 3142 haereseos
800 3081 953 3141 eximium
976 3080 1189 3143 refutatorem

75 3181 189 3241 inanes
209 3180 342 3242 illorum
364 3174 563 3244 nebulonum
585 3181 819 3244 convellentem
849 3180 1054 3260 prophetias3
1085 3199 1189 3261 quas,

76 3298 156 3342 cum
179 3282 288 3358 plures
311 3282 443 3357 tuerint,
461 3283 648 3365 anonymus
669 3283 700 3343 in
721 3281 822 3343 libros
838 3280 976 3343 infinitos
994 3283 1192 3344 convertisse

80 3378 221 3441 videtur.
245 3378 287 3441 lli
308 3399 369 3442 cur
390 3380 516 3442 tandem
539 3380 666 3443 Auctor
687 3381 793 3453 instat,
817 3398 855 3441 na
875 3397 971 3442 sanae
993 3382 1105 3469 ruentis
1129 3382 1189 3445 riri

77 3480 317 3562 cataphrygum
340 3482 448 3561 legant
468 3481 583 3552 libros,
605 3499 679 3545 cum
696 3480 791 3556 illud,
809 3482 839 3543 iu
862 3500 928 3561 quo
947 3488 1113 3558 errarunt,
1130 3500 1193 3545 non

76 3581 279 3645 ostenderit:
301 3584 450 3663 aliosque
471 3582 627 3646 celaverit
649 3584 830 3661 veritatem,
852 3602 892 3646 ne
912 3584 1081 3648 erroribus
1102 3602 1189 3646 man-

81 3681 302 3761 ciparentur‘?
755 3741 763 3754 ,

166 3780 304 3848 Demum
326 3785 455 3848 coniicit
476 3783 610 3849 Librum
632 3783 721 3849 vttt.
744 3786 792 3849 bis
815 3786 943 3849 rerbisr
967 3784 1097 3862 «Quod
1119 3786 1145 3848 si
1160 3804 1194 3847 a·

78 3883 147 3946 liae
168 3886 374 3950 nominentur
391 3888 552 3964 haereses,
567 3886 689 3964 scilicet
702 3887 891 3969 cajanurum
909 3894 942 3949 et
956 3887 1140 3967 ophitarum
1163 3892 1196 3949 et

80 3986 310 4050 noachitarum
332 3989 540 4070 aliorumque
554 3989 724 4063 similium,
738 3988 823 4052 haud
849 4006 977 4051 necesse
997 3989 1193 4064 existimavi,

78 4108 169 4172 quae
191 4091 232 4151 ab
252 4090 327 4171 ipsis
348 4090 432 4154 dicta
454 4097 529 4155 sunt
551 4091 602 4154 vel
624 4091 708 4155 lacta
729 4109 906 4171 exponere,
929 4108 968 4152 ne
988 4108 1022 4152 se
1044 4096 1195 4170 reputent

77 4193 195 4271 aliqua
217 4190 415 4257 discussione
436 4190 593 4272 dignos.»
608 4189 655 4256 lle
676 4209 742 4271 quo
765 4191 858 4256 valde
880 4191 1051 4266 miramur,
1066 4209 1140 4255 cum
1162 4193 1193 4254 in
