2886 4784
168 316 190 385 2

167 433 254 485 tem:
278 437 464 503 quanquam
487 425 639 500 percepta
663 418 885 482 tantummodo
906 417 1065 492 doctrina,
1084 418 1164 481 nibil
1180 436 1282 500 porro

165 522 385 602 jurejurando
407 540 489 600 opus
511 530 591 583 erat.
615 519 680 594 Qui
704 521 787 581 enim
810 520 961 582 sustinuit
983 521 1106 582 discere
1129 528 1162 582 et
1182 518 1284 582 susei-

167 640 244 702 pere
268 624 406 684 maxima
429 638 544 683 eornm
567 622 733 705 mysteria,
754 640 794 682 es
816 622 882 698 ipsa
908 638 941 681 re
965 621 1126 681 tenebitur
1144 620 1280 681 satisel·

164 723 255 785 licaoi
288 724 481 785 constrictus
511 721 663 797 vinculo,
695 729 763 784 tom
789 721 913 782 ratione
938 724 1089 799 propriae
1118 721 1282 782 couscien-

167 827 246 895 tise,
271 832 338 886 toro
362 842 400 884 no
424 826 592 886 commissa
615 824 731 903 prodat
753 823 834 883 aliis.
859 821 943 884 Nam
965 822 1124 901 ejusmodi
1147 822 1236 883 selas
1255 821 1282 884 si

167 925 307 1002 cuipiam
330 928 455 1002 aperiat
476 927 612 998 bomini,
634 943 739 1004 neque
760 925 844 987 inter
865 924 1009 985 homines
1025 923 1081 984 ille
1097 923 1281 984 numerabi-

167 1035 241 1086 tur:
265 1043 369 1103 oeque
391 1026 478 1087 locis.
495 1025 650 1104 adspectu
672 1025 873 1105 judicabitur
894 1025 1027 1102 dignus,
1061 1041 1135 1085 oum
1157 1040 1215 1084 nec
1236 1024 1279 1083 ir·

151 1126 371 1202 ¹rationabilia
396 1135 460 1188 tam
484 1126 644 1188 nelarinm
668 1126 791 1188 lacinus
813 1126 961 1205 capiant,
985 1135 1083 1202 prout
1112 1123 1177 1184 suis
1197 1122 1279 1184 locis

167 1229 325 1289 dicemus.
349 1226 620 1307 Quandoquidem
649 1246 727 1290 vero
762 1229 828 1306 ipse
859 1244 916 1288 nos
946 1243 1057 1287 sermo
1088 1226 1119 1286 io
1152 1232 1280 1311 vastum

167 1329 380 1389 enarrationis
403 1324 602 1404 proluudom
624 1329 710 1406 cogit
731 1327 936 1400 descendere,
954 1327 1082 1387 minime
1098 1325 1169 1386 ideo
1184 1324 1280 1384 silen-

165 1426 241 1486 dum
265 1426 440 1488 duximus:
463 1426 517 1488 sed
540 1427 684 1489 omnium
706 1427 923 1506 opinionibus,
941 1442 1043 1503 quam
1066 1423 1135 1486 lieri
1159 1428 1279 1502 potest,

166 1537 322 1589 accurate
343 1527 579 1606 enucleateque
601 1528 767 1606 expositis,
791 1526 868 1588 nibil
893 1525 1111 1587 reticebimus.
1135 1522 1177 1586 At
1199 1540 1280 1586 reru

165 1630 262 1689 etiam
284 1629 361 1690 licet
384 1629 451 1706 ipse
472 1646 579 1690 sermo
601 1627 917 1706 prolixior‘loturns
934 1627 987 1699 sit,
1004 1643 1065 1686 ooo
1082 1624 1211 1686 videtur
1224 1625 1281 1688 de·

165 1725 322 1788 lassatum
346 1742 403 1788 nos
426 1728 477 1790 iri.
499 1725 572 1790 Non
595 1727 677 1788 enim
700 1728 855 1805 exiguum
881 1728 965 1788 vitae
995 1718 1160 1787 bominum
1182 1723 1282 1784 relio-

165 1842 304 1904 quemus
326 1828 560 1889 adminiculum
582 1827 620 1888 ad
645 1826 843 1906 effugiendos
863 1844 1006 1899 errores,
1028 1825 1142 1887 sbditis
1163 1841 1281 1887 eorum

164 1936 196 1989 et
217 1927 346 1987 silentio
375 1927 534 1989 damnatis
567 1927 665 2005 orgiis
697 1928 840 1990 omnium
873 1927 1038 2004 adspectui
1071 1924 1280 2004 prostitutisz

166 2045 250 2107 quae
272 2029 490 2106 dispensantes
512 2027 588 2089 solis
609 2027 720 2109 mystis
741 2028 924 2089 conferunt.
942 2026 1009 2091 Neo
1024 2045 1060 2088 eu
1078 2024 1206 2088 relellet
1229 2025 1279 2087 ul-

164 2130 230 2198 lus,
254 2138 503 2207 praeterquam
526 2129 663 2192 diliusus
685 2148 743 2209 por
759 2128 935 2192 Ecclesiam
959 2127 1098 2207 Spiritus
1119 2126 1279 2190 Sanctus:

163 2249 260 2309 quem
284 2234 412 2310 priores
434 2231 584 2309 Apostoli
606 2231 734 2311 adepti,
757 2231 905 2294 eumdem
931 2239 1017 2292 recta
1041 2228 1103 2289 lide
1124 2225 1281 2308 praeditis

161 2333 382 2410 impertinere.
401 2329 552 2406 Quorum
574 2351 632 2394 nos
652 2350 854 2394 successores
870 2331 959 2405 iacti,
976 2340 1009 2393 et
1025 2331 1095 2411 ejus
1110 2329 1185 2392 doni
1202 2347 1280 2391 con·

162 2440 280 2508 sortes,
298 2434 482 2511 summique
504 2432 674 2494 sacerdotii
698 2440 729 2492 et
751 2432 916 2493 doctrinae
931 2440 963 2493 et
987 2430 1149 2495 Ecclesiae
1170 2443 1281 2495 custo·

163 2531 218 2594 des
241 2533 354 2606 babiti,
378 2532 477 2594 oculo
499 2550 562 2592 oon
584 2533 806 2604 connivemus,
829 2549 887 2592 occ
910 2532 1009 2593 ullam
1041 2534 1206 2611 proposito
1230 2535 1280 2595 io·

161 2635 355 2695 servientem
378 2636 559 2695 orationem
581 2634 813 2710 supprimimus
835 2640 897 2694 etc.
920 2650 940 2689 a·

243 2731 275 2794 S.
291 2733 445 2794 irenaeus
462 2750 574 2811 porro,
591 2739 671 2793 teste
686 2731 801 2795 Pbotio
824 2732 901 2794 Cod.
915 2729 986 2796 128.
1003 2732 1094 2812 Opus
1110 2751 1205 2796 suum
1223 2737 1282 2796 ad·

165 2850 277 2895 versus
295 2833 443 2894 haereses
460 2833 500 2892 ita
518 2833 687 2910 inscripsit.
706 2829 797 2922 λόγοι
814 2831 903 2900 πέντε
918 2829 1055 2923 ἐλέγχου
1071 2832 1132 2901 καὶ
1146 2829 1282 2936 ἀνατρο-

160 2944 223 3013 πῆς
238 2930 298 3012 τῆς
314 2930 521 3023 ψευδωνύμου
532 2932 684 3025 γνώσεως,
698 2932 791 3003 eiuro
804 2928 838 3004 δὲ
851 2933 931 3007 ἔστι,
944 2931 1208 3030 κατάιὰιρέσεων,
1224 2938 1280 3002 Li·

161 3036 211 3099 drt'
230 3037 368 3118 quinque
389 3039 617 3119 confutationis
639 3050 667 3100 ct
688 3041 859 3104 eversionis
877 3043 978 3122 salsae
998 3042 1281 3120 sepultionem

158 3148 204 3199 est
225 3140 377 3200 aduersus
396 3141 544 3202 lucrosae.
562 3136 602 3218 (ὕ)
618 3139 682 3214 Qui
701 3144 814 3205 titulus
830 3143 914 3204 idem
930 3154 1022 3206 sonat
1036 3162 1074 3206 ac
1091 3146 1176 3206 alter
1190 3145 1280 3209 Ano·

159 3238 258 3318 nymi.
295 3238 415 3303 Deinde
444 3241 595 3318 sequitur
616 3260 640 3301 s.
664 3240 813 3321 Episcopi
849 3243 1013 3306 Praelatio
1045 3247 1076 3307 in
1109 3263 1172 3324 qun
1205 3248 1277 3309 ait:

162 3333 355 3410 «Quoniam
378 3340 538 3413 nonnulli,
561 3340 729 3418 repudiata
752 3344 903 3417 veritate,
923 3362 1087 3409 sermones
1109 3354 1140 3406 et
1162 3363 1279 3425 genea-

159 3436 261 3513 logias
284 3456 379 3500 vanas
402 3440 573 3515 inducunt,
593 3459 677 3520 quae
703 3445 832 3522 quidem
855 3448 1060 3524 quaestiones
1087 3449 1216 3526 potius,
1240 3456 1278 3511 ot

159 3535 337 3614 Apostolos
358 3540 413 3611 ait,
438 3548 614 3616 praestant,
638 3560 737 3620 quam
759 3544 1013 3607 aedificationem
1037 3544 1114 3622 Dei,
1137 3547 1278 3627 quaein

161 3635 223 3699 lide
244 3645 314 3717 esl3
337 3657 374 3701 ac
397 3658 454 3715 pcr
477 3642 753 3720 probabilitatem,
777 3655 809 3706 et
831 3663 890 3724 per
910 3663 1003 3722 eam,
1019 3665 1110 3725 quae
1132 3657 1180 3712 est
1200 3650 1279 3713 sub·

157 3735 232 3799 dole
253 3741 431 3801 exercitata
456 3742 721 3819 verisimilitudo,
746 3746 960 3810 transducunt
980 3766 1111 3811 sensum
1133 3762 1276 3827 eorum,

235 3978 267 4051 (*)
288 3979 333 4035 Ab
356 3979 478 4037 Eusebio
496 3989 525 4038 et
543 3983 642 4055 priscis
668 3983 797 4041 Patribus
825 3990 854 4041 et
879 3985 909 4042 in
935 3986 1104 4059 quibusdam
1130 3986 1278 4045 codicibus

158 4060 246 4136 vulgo
262 4065 452 4122 inscribuntur
470 4064 541 4124 Libri
559 4067 679 4125 aduersus
701 4069 836 4138 haereses,
856 4070 900 4129 vel
917 4070 988 4130 Lt'lu'
1005 4083 1092 4132 contre
1110 4090 1193 4133 omues
1211 4072 1280 4132 luc-

158 4162 232 4216 rescs,
252 4155 302 4206 eut
319 4149 389 4207 lilu‘
406 4161 494 4209 contro
512 4169 595 4210 omncs
615 4153 762 4212 lucretiam.
