2886 4784
172 318 213 392 lo

170 428 258 490 linito
278 427 408 491 dicens.
433 422 494 490 Ille
514 423 638 508 quidem
659 444 795 507 mounes
827 427 863 490 iu
896 424 985 494 Coelo
1014 427 1138 510 Jupiter
1168 445 1290 495 currus

165 527 307 592 uolucris
328 527 493 608 opitulor
515 537 641 592 etcum
675 538 818 593 recenset
847 533 963 592 seriem
986 550 1003 593 e
1025 533 1119 593 conlo
1141 543 1172 594 et
1195 541 1284 595 terro

166 641 414 710 prognatorum.
439 631 588 694 Statncns
610 641 718 692 autem
743 650 844 694 urium
861 630 977 706 Deum,
996 633 1172 695 introducit
1186 637 1285 696 etiam

167 734 243 794 deos
266 737 410 811 genitos:
433 740 465 794 et
486 752 527 794 cx
549 750 615 810 quo
632 745 834 810 generentur
855 735 926 811 ipsi,
946 752 1080 813 prorsus
1101 736 1285 797 intereundi

166 834 387 897 necessitatem
410 834 560 896 conferre
571 855 582 913 3
606 836 659 896 sed
684 845 817 914 propter
848 833 904 897 Dei
940 835 1140 897 voluntatem
1176 836 1285 900 denuo

167 937 368 998 immortales
390 955 469 998 esse.
494 955 510 992 n
534 934 627 1011 Quae
651 937 760 1009 verba,
786 945 821 999 nt
837 936 903 998 dixi
919 937 996 998 satis
1011 938 1180 1015 perspicua
1196 938 1284 1016 apud

166 1033 362 1109 Cede-enum,
388 1037 576 1118 Anonymus
598 1037 758 1110 contudit,
783 1047 819 1099 ut
842 1039 895 1099 vix
925 1056 1053 1099 sensnm
1088 1039 1284 1118 investigare

166 1156 286 1216 queas3
310 1155 347 1199 ac
371 1139 571 1215 potissimum
594 1138 648 1199 ubi
671 1157 732 1199 nnn
751 1137 916 1200 Platonem
933 1141 1110 1202 introducit
1126 1141 1284 1203 disseren-

167 1248 244 1313 tem,
266 1242 320 1301 sed
344 1240 424 1302 alios
447 1259 488 1303 ex
509 1240 601 1302 istius
617 1239 803 1319 Philosophi
820 1242 1023 1319 opinionibus
1040 1243 1079 1304 de
1094 1243 1152 1303 diis
1175 1243 1285 1321 dispu-

166 1348 267 1403 tantes
278 1362 290 1420 3
313 1344 407 1403 siculi
425 1342 680 1420 insequentibus
702 1359 775 1402 cum
796 1343 839 1401 ait
857 1341 1068 1423 Anonymus:
1092 1333 1170 1420 Θεὲς
1193 1339 1301 1426 dudm·

164 1431 207 1514 ὅν
230 1436 291 1536 ἐγῶ
313 1440 516 1545 δημιουργός
538 1467 570 1514 τε
592 1442 652 1514 καί
685 1442 811 1545 πατὴρ,
834 1441 935 1516 ἄλυτα
966 1439 1048 1537 ipio
1068 1448 1101 1539 γ’
1122 1443 1286 1529 ἐθέλοντος

164 1551 186 1613 i.
210 1569 238 1612 e.
264 1549 345 1612 Deus
365 1552 495 1614 deorum
515 1569 650 1630 quorum
672 1569 728 1630 epo
746 1561 773 1612 et
794 1549 903 1630 opifer
923 1561 951 1613 ct
969 1562 1081 1630 poter,
1107 1551 1283 1615 indissolu-

164 1648 244 1712 bilta
265 1668 311 1711 me
331 1653 459 1712 volente.
480 1651 572 1727 Quae
595 1656 656 1714 rite
678 1655 719 1714 ita
736 1673 777 1714 ex
794 1651 915 1715 Timaei
933 1661 1024 1715 textu
1044 1655 1281 1717 emendantur.

164 1778 180 1816 a
207 1744 281 1822 Θεοὶ
305 1744 438 1835 θεῶν,
414 1775 456 1821 ων
478 1749 543 1846 {poi
566 1750 669 1846 δημισ
654 1775 781 1857 oppos,
798 1776 906 1856 πατηρ
929 1776 960 1822 τε
984 1751 997 1821 ἔ
999 1776 1092 1848 (mpetu
1111 1751 1218 1825 dbt’
1203 1756 1286 1846 apu'du

160 1863 331 1950 γενόμενα,
353 1854 557 1949 innuente
578 1852 614 1950 γὲ
640 1859 830 1939 detonaret.
854 1880 882 1923 e.
908 1858 961 1922 Dii
982 1861 1125 1932 deorum,
1148 1878 1283 1939 quorum

150 1982 218 2042 epo
238 1963 347 2045 opifex
366 1975 393 2027 ct
411 1976 504 2046 poter
525 1984 643 2027 rerum.
668 1963 757 2041 Quae
777 1987 797 2028 o
818 1984 863 2027 rue
883 1967 971 2052 sueto
994 1974 1083 2039 sunt,
1109 1965 1285 2028 indissolu-

163 2064 256 2139 titia,
278 2087 324 2128 me
345 2068 476 2144 uolente,
498 2077 584 2129 suut.
600 2087 617 2124 n
641 2066 735 2143 Quod
760 2079 868 2149 postea
885 2068 1018 2130 adducit
1032 2086 1073 2129 ex
1091 2063 1225 2130 Platone
1242 2067 1282 2131 do

163 2169 356 2231 daemonum
380 2180 509 2245 natura,
533 2172 612 2232 alios
634 2179 780 2233 statuens
802 2170 917 2242 malos,
941 2170 1021 2231 alios
1045 2171 1164 2245 bonos,
1186 2170 1282 2232 sicuti

166 2267 206 2331 do
227 2269 331 2332 anima
354 2270 509 2344 humana,
533 2272 628 2333 modo
645 2272 924 2348 incorruptibilem
941 2280 973 2332 et
988 2273 1158 2349 ingenitam
1175 2279 1208 2333 et
1225 2274 1283 2333 im·

61 2416 64 2421 ,
163 2372 348 2445 mortalem,
372 2375 468 2434 modo
490 2373 642 2449 genitam,
665 2372 720 2434 sed
755 2371 812 2433 Dei
845 2373 1010 2433 voluntate
1031 2390 1048 2432 a
1070 2373 1282 2449 corruptione

166 2471 355 2548 immunem,
380 2491 464 2535 nnnc
486 2475 695 2550 compositam
718 2483 750 2564 ot
772 2482 958 2551 generatam
980 2480 1012 2535 et
1033 2472 1282 2552 corruptibilem

165 2590 205 2635 ac
226 2575 333 2637 denuo
356 2575 586 2650 immortalem,
604 2575 716 2636 eadem
735 2594 850 2654 graece
863 2576 959 2636 ambo
974 2576 1184 2653 scripserunt.
1202 2571 1285 2636 Tan·

164 2677 332 2739 dummodo
356 2677 545 2756 Anonymus
566 2677 726 2754 quaedam
749 2679 788 2739 de
810 2679 870 2739 hac
892 2679 997 2738 aninra
1021 2677 1169 2756 subjecit,
1197 2675 1281 2738 falso

161 2787 397 2840 commentatus
422 2777 561 2840 Platonis
584 2779 679 2840 dicta.
704 2778 758 2840 Ait
780 2782 886 2841 enim:
910 2802 925 2838 n
953 2770 1021 2846 Καὶ
1045 2771 1111 2872 pop*
1132 2789 1284 2905 κρατῆρα

159 2876 261 2960 u’urng
285 2876 491 2964 ὑποτίθεται,
514 2874 573 2952 καί
607 2888 704 2974 σῶμα
726 2874 827 2962 ἀυτην
861 2879 948 2974 ἔχειν
972 2880 1154 2976 emortuae,
1185 2907 1222 2952 ro
1215 2877 1281 2952 δέ

159 2994 328 3077 γενόμενον
353 2985 414 3054 πᾶν
439 2982 585 3080 decipienti
608 2983 696 3081 ἔχειν
712 2989 916 3092 pdupnruri
933 3011 960 3051 e
982 2990 1108 3052 Etenim
1129 2993 1283 3071 supponit

72 3120 80 3134 ·
164 3094 262 3170 ipsius
285 3096 438 3170 (animae)
458 3107 632 3169 craterem,
650 3106 681 3157 ct
697 3115 816 3174 corpus
832 3113 902 3157 eam
918 3095 1037 3156 habere
1052 3089 1281 3171 splendidum:

126 3254 128 3259 .
166 3196 322 3275 quidquid
337 3206 446 3259 autem
461 3199 603 3275 genitum
617 3209 663 3259 est
677 3199 857 3258 necessario
868 3198 978 3258 subire
991 3199 1247 3274 corruptionem.
1261 3213 1278 3250 a

246 3297 285 3360 Et
305 3299 378 3378 quis
402 3300 481 3360 baeu
506 3297 646 3360 Platonis
666 3299 762 3358 verba
779 3298 959 3370 conterens,
978 3316 1040 3359 non
1061 3298 1178 3359 sentiat
1192 3295 1281 3358 Ano*-

161 3399 249 3483 nymi
272 3397 486 3462 illusionem?
507 3417 581 3460 cnm
606 3397 822 3476 Philosophus
845 3399 961 3460 ibidem
984 3417 1047 3459 non
1076 3398 1114 3458 de
1139 3398 1281 3458 bominis

161 3501 216 3561 sed
240 3499 279 3561 dc
301 3500 445 3561 uniuersi
467 3499 572 3576 loqui,
596 3499 650 3560 nbi
673 3502 780 3561 omnia
802 3493 1021 3571 continentur,
1039 3501 1160 3571 anima,
1181 3496 1283 3559 veluti

159 3603 381 3680 patentissime
404 3597 577 3663 delinivit?
597 3590 710 3679 lnquit
733 3620 846 3680 reapse
870 3600 986 3674 Plato,
1011 3598 1116 3661 Deum
1138 3600 1280 3660 animam

161 3703 339 3764 collocasse
362 3705 393 3762 in
417 3703 522 3763 medio
547 3703 701 3775 uniuersi,
724 3720 761 3766 ac
784 3720 841 3780 per
860 3711 964 3763 totum
982 3701 1163 3772 tetendisse,
1179 3709 1281 3778 atque

161 3804 257 3865 etiam
282 3821 318 3863 ea
342 3803 587 3864 otrennnesisse
609 3804 811 3865 extrinsecus
833 3820 952 3880 corpus
975 3803 1085 3880 ipsius.
1109 3799 1156 3861 Ac
1180 3801 1280 3878 paulo

165 3917 238 3983 post
259 3904 343 3964 idem
367 3905 519 3966 inducens
542 3902 644 3966 Deum
668 3905 854 3983 loquentem
878 3905 993 3966 ceteris
1015 3903 1073 3964 diis
1092 3902 1130 3964 de
1147 3920 1281 3981 generu-

146 4000 250 4068 ¹tione
282 4007 490 4068 animantium
524 4007 587 4069 ait.
613 4027 629 4064 «
652 4003 741 4068 llaec
772 4005 856 4068 latus
888 4015 935 4067 est
968 4006 1105 4082 (usundi
1128 4003 1279 4084 genitor)

158 4098 415 4179 ruretenent
439 4106 497 4176 rou
520 4105 669 4231 πρότερον
691 4116 854 4206 κρατῆρα,
877 4103 911 4176 ἐν
934 4112 959 4200 oi
981 4100 1041 4184 τήν
1076 4128 1131 4173 του
1163 4098 1283 4187 παντὸς

157 4208 267 4305 ψυχήν
291 4210 443 4321 κεραννύς
464 4204 656 4305 {propes
619 4236 659 4283 ru
681 4219 741 4281 τῶν
766 4209 904 4309 πρόσθεν
928 4177 1090 4284 deuteron
1114 4211 1282 4302 κατεχέἰτο
