2886 4784
70 447 219 510 nendum
242 448 429 527 episcopum
451 464 519 509 esse
540 464 641 528 quum
658 447 855 526 peccaverit,
874 446 922 508 vel
940 447 964 508 si
984 447 1122 527 capitale
1137 447 1194 510 da·

73 550 192 628 gitium
216 549 389 612 admiserit.
414 547 546 628 Vigeute
568 567 619 621 eo,
643 547 783 628 episcopi
805 546 1054 626 sacerdotesque
1075 555 1108 611 et
1127 548 1195 611 dia·

71 651 161 723 coni,
185 658 256 728 pest
278 649 358 712 duas
381 659 485 727 tresve
507 649 647 728 nuptias,
671 651 754 710 iuter
776 648 912 710 clericos
935 649 1045 712 locum
1067 651 1199 715 obtine·'

75 771 111 812 re
135 760 323 827 coeperunt.
347 749 432 825 Quin
455 751 564 823 etiam,
587 752 612 811 si
636 751 708 828 quis
729 769 770 813 ex
792 750 918 813 clericis
940 770 1078 815 uxorem
1096 752 1196 817 duce·

75 857 148 922 cet,
172 851 203 910 in
225 850 338 911 ordine
360 868 490 912 manere
513 867 588 911 eum
610 849 769 928 jubebat,
793 853 884 929 quasi
906 850 1016 930 llagitii
1038 853 1118 916 nihil
1138 852 1195 914 ed·

74 952 223 1013 misisset.
248 950 321 1026 Quo
345 952 554 1015 referendum
574 950 680 1029 ajebat
697 949 843 1029 Apostoli
871 953 1021 1015 verbum:
1049 952 1099 1016 'l'u
1120 957 1212 1034 quis.

71 1073 107 1113 es
130 1054 187 1131 qui
208 1053 335 1131 judices
356 1071 488 1115 serrum
511 1050 685 1116 alienum?
707 1053 815 1132 hique
837 1055 933 1116 etiam
955 1055 1024 1115 lolii
1057 1057 1193 1134 pacabu-

71 1156 160 1216 lam:
192 1151 292 1241 Sinite
322 1152 456 1217 zizania
477 1171 613 1215 crescere
644 1172 715 1214 cem
747 1152 876 1228 tritico,
899 1157 986 1234 qued
1009 1164 1079 1230 est,
1101 1155 1195 1218 sinite

76 1265 265 1332 peccateres
287 1259 320 1323 in,
343 1255 487 1318 Ecclesia
511 1274 652 1317 manere.
678 1255 809 1318 Dicebat
831 1260 928 1319 etiam
951 1257 1116 1320 Ecclesiae
1147 1258 1194 1319 in·

73 1367 144 1420 star
164 1376 273 1419 aream
297 1357 501 1432 Noeduisse,
525 1377 588 1437 qua
611 1375 717 1432 canes,
741 1357 823 1436 lupi,
846 1361 949 1433 corvi,
973 1360 1102 1438 aliaque
1123 1378 1192 1423 nm·

74 1460 125 1521 nia
150 1478 232 1537 pura
254 1471 285 1522 et
307 1463 434 1537 impura
450 1460 622 1520 animantia
640 1459 997 1539 comprehendebantur
1008 1482 1019 1540 ;
1036 1470 1190 1540 oportere

74 1571 187 1623 autem
208 1561 284 1622 item
305 1580 374 1623 esse
396 1560 435 1621 dc
457 1559 615 1623 Ecclesia.
646 1561 882 1642 Quaecumque
910 1563 1039 1625 demum
1064 1564 1192 1626 valebat

73 1665 112 1724 ad
139 1666 199 1726 hoe
222 1662 400 1724 docendum
424 1681 614 1741 congerere,
638 1682 676 1725 eo
700 1666 794 1725 medo
817 1665 1103 1742 interpretabatur.
1125 1665 1193 1729 du·

70 1767 260 1843 ditoresque
284 1765 408 1842 placitis
431 1765 518 1826 illius
540 1765 665 1840 allecti,
687 1768 782 1827 ctiam
806 1784 890 1827 uurrc
912 1765 968 1826 illa
993 1775 1120 1842 tenent,
1143 1785 1192 1830 sc·

73 1869 227 1946 metipsos
247 1866 420 1928 illudentes
443 1868 590 1945 aliosque
605 1866 764 1945 plurimos
780 1885 921 1946 querum
938 1868 1052 1930 turbae
1067 1868 1105 1929 ad
1121 1868 1193 1950 ejus

74 1969 222 2031 scholam
244 1969 394 2030 certatim
416 1976 564 2030 currunt.
589 1967 702 2047 ltaque
724 1977 875 2031 crescunt
903 1979 934 2030 et
965 1989 1102 2032 numero
1124 1971 1192 2050 glo·

75 2070 205 2131 riantur
228 2069 448 2148 voluptatibus
469 2075 590 2144 aucto,
615 2070 733 2148 quibus
755 2069 903 2133 Christus
925 2070 1150 2133 interdixerat.

153 2168 185 2232 7.
199 2167 323 2259 qllunc
339 2179 578 2233 contemnentes
595 2172 751 2232 nemiuem
768 2188 784 2230 a
802 2178 935 2247 peccato
949 2171 1131 2250 prohibent,
1145 2171 1191 2233 di·

69 2281 182 2335 centes
204 2290 296 2350 posse
310 2273 430 2350 scipsos
446 2279 574 2351 peccata
593 2272 758 2334 remittere
774 2271 855 2333 bene
868 2273 1085 2358 credentibus.
1104 2273 1191 2349 Quin

70 2377 169 2437 etiam
192 2375 319 2436 feminis
341 2377 497 2436 concessit
509 2417 521 2447 ,
541 2377 654 2453 siquae
676 2377 830 2453 innuptae
851 2382 966 2443 eraut,
990 2386 1021 2436 ct
1043 2374 1123 2437 llere
1136 2377 1191 2455 ju·

75 2479 165 2538 venis
196 2475 407 2537 ardescebant
438 2478 581 2552 ipsarum
615 2475 689 2537 leco
717 2474 832 2552 indigni
857 2483 888 2536 et
910 2475 1061 2554 dignitate
1091 2493 1189 2556 quam

73 2577 284 2654 pessumdare
307 2577 471 2650 uolebant,
486 2577 621 2646 idcireo,
645 2577 789 2655 iuquam,
805 2579 963 2640 concessit
979 2577 1105 2638 licitum
1121 2595 1190 2640 esse

72 2686 110 2739 ut
134 2679 292 2738 nuberent
317 2680 369 2738 uni
394 2677 453 2751 illi,
477 2696 581 2755 quem,
598 2680 749 2740 maritum
771 2679 968 2757 optaverint,
991 2695 1049 2740 seu
1073 2677 1191 2740 manci·

72 2779 163 2856 pium
186 2788 286 2851 esset,
308 2796 365 2840 scu
388 2758 482 2850 liber,
506 2785 538 2839 et
559 2777 708 2839 eumdem
733 2796 791 2856 pro
815 2796 892 2840 vero
916 2779 1033 2840 marito
1056 2779 1189 2854 habere,

71 2881 126 2941 cui
151 2880 202 2941 rel
225 2881 322 2942 incita
345 2880 416 2958 lege
439 2880 616 2960 nupserint.
641 2879 766 2942 Exinde
787 2888 966 2957 coeperunt
988 2880 1141 2943 mulieres
1157 2878 1193 2940 e·

72 2981 163 3042 deles
184 2988 390 3059 nuncupatae
413 2983 459 3043 uti
483 2981 721 3042 medicamentis
745 2990 875 3057 partum
898 2981 1143 3059 impedientibus
1158 2988 1191 3044 et

70 3082 180 3144 fasciis
203 3092 238 3143 ut
260 3091 452 3160 conceptum
477 3081 600 3143 fectum
623 3081 790 3161 ejicereut3
814 3100 914 3160 quum
938 3082 1061 3142 nollent
1082 3082 1132 3145 vel
1148 3101 1191 3145 ex

69 3202 182 3258 servo,
207 3184 256 3244 vel
280 3203 322 3246 ex
345 3184 475 3245 humilis
496 3184 559 3245 loci
585 3184 672 3259 viro,
696 3185 737 3244 ob
753 3201 835 3259 suos
857 3184 1056 3262 propinquos
1079 3192 1111 3245 et
1133 3185 1191 3246 im·

69 3303 197 3347 mensas
214 3284 374 3360 lertunas,
391 3286 531 3364 genitum
551 3285 695 3347 fructum
713 3285 887 3364 parturire.
905 3283 1026 3347 Videtis
1043 3285 1072 3347 iu
1086 3305 1186 3365 quau·

69 3397 137 3448 tam
160 3388 355 3464 impietatem
381 3387 508 3448 viriste
531 3405 669 3465 nequam
693 3388 898 3466 processerit,
924 3387 1100 3450 moechiam
1125 3404 1200 3449 uua-

71 3504 150 3549 cum
172 3486 270 3550 caede
291 3486 449 3551 edocens!
475 3487 549 3550 Post
565 3489 645 3551 tales
660 3506 772 3564 ansus,
789 3489 975 3568 semetipsos
991 3488 1192 3568 impudentes

69 3589 265 3651 catholicam
289 3588 467 3652 Ecclesiam
491 3608 682 3668 nuncupare
703 3590 967 3671 aggrediuntur,
990 3599 1022 3653 et
1043 3588 1192 3653 nonnulli
1307 3616 1314 3627 ·

68 3690 241 3753 credentes
263 3699 351 3754 reete
374 3692 481 3754 iacere
503 3693 576 3754 illos
597 3693 856 3771 subsequuntur.
882 3689 930 3753 Eo
952 3711 1084 3772 quoqne
1115 3710 1192 3771 pon·

69 3791 170 3867 tifice,
187 3800 259 3854 snut
278 3796 417 3873 primum
441 3795 510 3856 ausi
532 3793 674 3857 secundo
696 3795 886 3874 baptismate
909 3794 1083 3873 baptizare.
1101 3791 1191 3856 Talis

64 3894 194 3972 peregit
216 3894 414 3956 admirabilis
436 3895 494 3955 iste
509 3893 675 3969 Callistus,
693 3895 789 3974 cnjus
805 3900 928 3972 perstat
942 3893 1066 3968 schola,
1085 3911 1191 3956 mores

62 3993 212 4070 magistri
235 4013 367 4057 servans
390 4004 421 4056 et
450 3997 565 4056 tradita
589 3996 708 4067 omnia,
732 4011 837 4072 aeque
861 3993 1043 4056 discernens
1075 3994 1192 4072 quibu·

59 4113 158 4158 scum
175 4097 216 4156 sit
231 4098 552 4172 communicandum,
567 4105 599 4158 at
615 4097 738 4159 cunetis
757 4103 876 4157 temere
893 4095 1031 4158 oiierens
1046 4114 1190 4160 commu·

62 4197 216 4262 ninuem.
241 4197 292 4261 hb
313 4201 374 4263 istc
394 4217 527 4279 quoque
550 4214 727 4278 cognomen
747 4204 924 4260 sectatores
946 4198 1086 4260 mutuati
1103 4206 1190 4273 sunt,
