2886 4784
170 325 211 395 ⁸2
613 430 752 497 caeni
774 430 851 497 xit,

171 633 339 715 Putssnctu
353 631 478 697 siucrm
493 631 622 697 tectione
635 632 798 697 commotis
812 631 843 700 9.
858 653 885 696 c.
903 632 997 700 xlx.
1015 635 1174 715 Matthaei,
1188 657 1256 720 puu-

210 733 297 798 ritur
316 753 354 799 cc
373 731 528 799 statuitur
546 737 704 815 yeuuiaus
724 736 816 801 iliius
834 754 952 800 seusus.
976 737 1018 817 (ἢ

168 984 221 1104 In
242 1049 393 1123 suscepto
413 1049 606 1122 argumento
625 1044 666 1105 de
688 1038 845 1106 Matthaei
876 1045 1059 1113 testimonio
1091 1047 1259 1126 interpretes

169 1145 320 1211 catholici
342 1145 517 1209 universim
540 1146 769 1224 disquisitionis
781 1164 868 1209 snae
890 1149 1010 1210 ostium
1034 1157 1216 1211 reserarunt
1232 1166 1261 1208 es

168 1247 262 1311 dictis
278 1247 496 1325 Apostoli-uhi
513 1246 701 1311 luculenter
713 1250 846 1315 statuit:
861 1247 916 1323 iis,
927 1246 984 1330 qui
996 1247 1197 1330 matrimonio
1204 1248 1264 1330 juo·

168 1345 212 1411 cti
231 1355 322 1422 suut,
333 1345 498 1428 praecipio
519 1364 584 1409 uon
604 1365 672 1427 spo,
687 1348 741 1410 se'd
761 1346 1078 1422 nemausensem
1094 1370 1117 1414 a
1130 1349 1199 1413 ciro
1216 1367 1266 1412 sou

169 1451 336 1513 discedere.
375 1447 469 1524 Quod
488 1447 519 1511 si
539 1446 737 1526 discesserit,
759 1467 883 1514 mouere
912 1450 1111 1532 innuptam,
1138 1459 1193 1513 out
1212 1449 1267 1512 uiro

166 1570 224 1614 suo
243 1549 459 1614 reconciliari.
478 1549 522 1613 Et
542 1549 594 1612 oir
615 1569 744 1614 morem
764 1571 827 1615 nou
848 1550 1010 1627 dimittet,
1027 1554 1111 1616 adeo
1134 1563 1170 1616 nt
1189 1553 1268 1633 qnid·

170 1657 218 1716 eis
239 1654 418 1716 obscurum
434 1654 486 1715 vet
507 1652 642 1719 duhinm
666 1655 833 1716 videretur
854 1655 886 1715 in
909 1654 1014 1716 eerhis
1035 1652 1265 1734 Evangelistae,

169 1752 346 1832 expiaoade
367 1755 565 1817 studuerunt
586 1754 680 1817 Panii
703 1752 850 1831 Apostoli
872 1755 922 1817 nei
944 1755 1155 1828 testimonio,
1185 1757 1271 1816 domi·

168 1859 259 1919 nicae
280 1857 456 1919 sententiae
478 1856 582 1919 fidelis
603 1857 800 1934 interpretis.
823 1855 888 1931 Qui
908 1855 1017 1930 docet,
1041 1857 1168 1918 etiamsi
1188 1872 1271 1918 consa

168 1959 277 2039 aliqua
300 1960 454 2041 conjuges
472 1968 569 2035 vetet,
586 1963 758 2039 quominus
772 1958 969 2031 cohahitent,
985 1960 1133 2037 separari
1154 1958 1271 2038 quiden

164 2079 269 2140 posse,
293 2064 410 2124 nemini
433 2070 539 2125 temen
562 2063 679 2124 horum
701 2060 801 2124 licere
824 2078 944 2124 novum
967 2061 1047 2124 inire
1069 2061 1268 2142 coniugium,

166 2164 268 2225 donec
289 2182 330 2227 ex
352 2164 401 2226 his
423 2180 509 2227 unns
531 2164 630 2225 vitem
651 2163 748 2242 degit.

245 2264 479 2328 Verumtamen
500 2275 575 2328 enm
596 2264 775 2327 adversarii
791 2264 933 2325 maxime
948 2265 1066 2326 instent
1084 2264 1217 2344 vulgato
1235 2273 1269 2326 te

164 2367 235 2430 atui
258 2365 497 2445 Evangeiistae,
520 2367 575 2429 uhi
596 2366 741 2446 legitur:
765 2363 840 2427 dico
859 2375 964 2426 nutem
983 2363 1082 2441 coiis,
1099 2364 1191 2447 quic,
1213 2362 1270 2446 qui·

162 2486 293 2548 eumque
313 2467 471 2532 dimiserit
485 2486 616 2530 uecorem
629 2486 721 2530 suam
736 2465 801 2529 uisi
814 2466 851 2526 oh
865 2464 1125 2547 fornicationem,
1139 2478 1170 2530 st
1183 2465 1267 2530 etiem

164 2569 315 2647 decerit,
338 2569 542 2645 moechatur,
566 2579 597 2633 et
620 2569 766 2648 Apostoli
788 2568 871 2631 dicta
894 2567 1082 2630 existiment
1103 2569 1201 2632 aliter
1219 2587 1265 2631 ex·

163 2674 307 2751 ponenda
331 2691 413 2747 esse,
430 2672 469 2734 de
483 2673 623 2735 divortio
645 2671 795 2734 absoluto
817 2687 931 2749 nempe
951 2669 993 2730 oh
1016 2670 1164 2751 conjugis
1188 2670 1267 2732 adut·

164 2776 305 2849 terium,
328 2793 469 2854 cumque
492 2792 548 2837 nos
570 2771 679 2836 solidis
708 2773 907 2850 argumentis
938 2770 1164 2843 ostendimus,
1186 2771 1266 2833 vaide

162 2876 377 2937 dubitandum
399 2877 438 2937 de
462 2875 592 2955 volgata
616 2872 773 2937 Matthaei
796 2872 946 2948 lectione,
968 2881 1002 2935 et
1023 2874 1098 2953 hinc
1124 2892 1165 2936 ex
1190 2881 1265 2936 seto-

161 2978 217 3039 stis
239 2976 416 3052 codicibus,
435 2976 634 3055 i’atrumqne
656 2973 861 3037 citationibus
876 2974 916 3036 ad
933 2974 1014 3037 hanc
1033 2974 1265 3038 revocavimus:

158 3077 229 3139 dico
250 3087 356 3140 eutem
375 3076 481 3154 ochis,
505 3077 563 3157 qui
583 3075 738 3139 dimiserit
756 3093 886 3139 umorem
907 3093 1010 3152 sunm,
1033 3086 1163 3156 excepte
1183 3093 1266 3138 cause

159 3177 398 3258 fornicatiouis,
417 3177 587 3259 faciteam
607 3177 782 3250 moecham
805 3178 836 3238 in
859 3177 920 3239 hoc
941 3178 1117 3240 novissimo
1139 3179 1213 3242 loco
1232 3177 1267 3237 di·

158 3279 299 3342 luendus
322 3289 429 3344 manet
451 3281 608 3360 genuinus
630 3278 749 3341 horum
773 3278 949 3341 verberum
970 3293 1097 3340 sensus.

133 3412 136 3417 ,
237 3380 371 3444 finitatis
402 3383 534 3460 itaque,
565 3398 649 3459 quae
678 3381 708 3441 in
730 3399 758 3442 c.
784 3377 821 3440 V.
845 3387 878 3441 et
897 3379 929 3439 in
951 3396 978 3440 c.
1000 3376 1093 3441 XiX.
1116 3374 1263 3442 Matthaei

159 3490 289 3562 atquae
310 3484 341 3543 in
363 3500 391 3545 c.
408 3480 448 3544 X.
465 3481 569 3545 Marci
591 3487 623 3544 et
643 3481 675 3542 in
697 3500 724 3544 c.
741 3477 828 3542 XVI.
847 3477 956 3543 Lucae
973 3487 1133 3543 notantur
1155 3481 1195 3544 de
1215 3480 1265 3541 hae

160 3602 207 3660 re,
225 3584 283 3646 etsi
307 3583 478 3647 videantur
499 3600 600 3646 unum
622 3582 759 3645 etitem
782 3584 968 3659 exprimere
991 3581 1031 3643 de
1052 3590 1144 3645 statu
1166 3580 1265 3661 conjo-

158 3684 243 3763 gaii3
265 3683 475 3747 nihilominus
497 3684 636 3764 penitius
661 3683 920 3762 investigantem
944 3682 1081 3762 singuiis
1106 3683 1259 3764 cujusque

232 3909 264 3978 Γ)
281 3904 448 3963 (tonsoratur
464 3906 673 3962 recentissimus
690 3904 775 3962 Liber
793 3905 823 3960 in
841 3904 992 3961 Germania
1009 3903 1107 3960 editoe
1124 3920 1192 3961 cum
1209 3903 1264 3958 titu-

158 3997 203 4054 lo:
223 3998 337 4055 Reform
355 3999 405 4054 der
423 3998 526 4055 Kirche
544 4015 579 4054 an
598 3997 696 4072 Haupt
713 3997 773 4055 und
791 3997 933 4056 Gliedern.
953 3996 1034 4054 Ideet
1045 3995 1203 4070 aesomnes
1219 3993 1261 4053 Es·

157 4091 247 4150 ctesias
263 4092 291 4149 iu
308 4092 394 4165 chite
412 4102 435 4150 et
451 4091 479 4149 iu
496 4091 627 4151 Membris.
640 4092 674 4148 In
692 4109 748 4166 qno
767 4093 925 4166 disputatur
943 4091 979 4148 de
997 4092 1135 4166 conjugio
1148 4089 1262 4148 christis·

158 4201 195 4241 no
213 4202 248 4241 ex
266 4183 399 4241 Matthaei
416 4201 442 4243 o.
456 4183 538 4241 XIX.
