2886 4784
163 373 339 554 {giscupim
362 473 448 552 quod
471 489 533 532 oon
556 481 625 534 erat
648 471 880 551 publicandum
903 473 960 537 sed
976 475 1215 557 resonandum
1233 479 1284 544 in·

164 585 240 638 turo
252 575 389 655 judicio,
406 591 550 635 asserens
571 573 703 651 insuper
724 590 766 635 ex
789 573 848 636 bac
870 575 1092 655 publicatione
1112 587 1188 642 orta
1212 598 1285 643 esse

160 677 309 740 scandata
333 675 363 737 in
385 672 542 738 Ecclesia.
561 671 669 753 Hujus
691 684 799 737 antem
822 678 1168 742 excommunicationis
1186 687 1283 746 tenor

161 777 284 857 legitur
305 777 335 838 in
360 775 529 861 Enoyclica
553 774 592 837 ad
617 776 800 838 nniversam
822 775 1001 842 Ecclesiam
1022 783 1081 860 ipsi
1099 781 1223 862 vigilio
1237 786 1282 847 in·

164 879 297 958 scripta,
314 879 344 939 in
366 876 469 939 altera
485 875 629 954 ejusdem
646 875 779 955 epistola
796 877 834 939 de
850 875 1013 943 Tbeodori
1030 880 1171 947 Aseidae
1188 883 1277 947 dum·

157 980 299 1053 natione,
315 987 347 1040 et
368 978 399 1039 in
421 978 485 1040 ulio
509 976 703 1056 fragmento,
720 978 806 1056 quod
829 980 913 1043 idem
930 980 1098 1046 decretum
1118 986 1276 1062 continet,

159 1098 176 1141 a
201 1077 337 1143 baluzio
360 1080 507 1143 citatum.
1021 1132 1028 1139 .

239 1178 412 1256 Quomodo
436 1197 512 1243 vero
539 1189 575 1244 ut
605 1184 740 1261 genuine
764 1183 804 1262 [et
833 1185 956 1248 sincera
987 1188 1143 1250 sumenda
1177 1197 1275 1253 erunt

161 1282 348 1362 huiusmodi
371 1279 477 1360 Vigilii
500 1283 618 1364 scripta
642 1284 726 1347 edita
750 1294 821 1364 post
842 1305 937 1350 snum
959 1286 1146 1353 dedicatum
1160 1296 1196 1354 et
1210 1299 1279 1372 poet

160 1385 328 1465 epistolam
352 1384 390 1448 ad
417 1383 585 1448 Rusticum
606 1394 638 1449 et
663 1384 917 1453 Sebastianum?
947 1391 1097 1456 Pontifex
1130 1395 1220 1457 enim
1246 1394 1278 1456 in

161 1487 345 1550 bislitteris
367 1488 411 1549 ait
431 1505 465 1549 se
486 1484 638 1551 iudicatu
660 1489 817 1553 adversus
841 1492 899 1555 tria
923 1489 1073 1571 Capituia
1107 1494 1272 1572 subscrip·

159 1590 260 1663 aisse,
283 1607 345 1651 non
368 1597 404 1651 ιιι
425 1590 456 1649 in
476 1599 603 1674 secroto
625 1590 871 1668 custodiretur,
895 1612 952 1657 nec
975 1604 1012 1658 ut
1034 1594 1150 1660 futuru
1173 1612 1274 1659 reser-

164 1701 298 1754 varetur
318 1692 544 1771 episcoporum
565 1690 709 1772 jodici03
732 1693 787 1754 sed
811 1694 873 1756 boc
893 1695 963 1772 ipso
985 1704 1133 1774 tempore
1164 1715 1272 1760 curru

163 1797 312 1857 universa
338 1791 481 1856 Ecclesia
504 1793 735 1856 notificandum
758 1794 866 1874 (quod
890 1796 948 1876 ipsi
971 1815 1105 1877 quoqne
1134 1797 1274 1861 fatentur

161 1894 276 1959 Victor
296 1907 326 1959 et
349 1893 542 1971 Facundus)
559 1901 594 1957 ut
609 1895 715 1957 cuncti
732 1893 841 1957 iideies
855 1898 986 1970 scireut,
1002 1907 1035 1960 et
1052 1905 1269 1976 agnoscerent,

160 2018 197 2062 ea
219 1997 369 2078 Capitula
393 2005 428 2060 ut
450 1996 545 2076 impia
569 1995 669 2058 inisse
690 1996 862 2070 damnata,
885 2005 916 2059 et
945 2006 1115 2075 praeterea
1144 1998 1268 2062 anathe-

160 2102 342 2175 matizatos,
359 2101 415 2180 qui
439 2099 514 2161 boic
538 2098 726 2160 restitissent
741 2096 895 2161 decreto:
918 2099 1013 2161 sicuti
1030 2116 1144 2178 reapse
1159 2099 1265 2163 ibideu

158 2209 248 2265 notat
270 2199 429 2281 Vigilius,
458 2198 615 2279 quosdam
638 2217 654 2259 a
675 2199 905 2262 communione
927 2218 944 2261 a
966 2219 1000 2262 se
1022 2219 1219 2280 suspensos,
1240 2202 1288 2263 in·

160 2304 279 2386 quibus
311 2304 502 2384 praesertim
536 2300 652 2362 citatos
684 2298 856 2364 Rusticum
885 2311 917 2364 et
951 2299 1197 2366 Sebastianum:
1221 2301 1266 2383 uni

159 2414 251 2470 antea
272 2403 458 2468 dedicatum
479 2408 705 2481 susceperuut,
729 2409 760 2464 et
782 2411 891 2480 postea
915 2403 1036 2482 perfide
1066 2403 1262 2477 refutarunt,

159 2505 348 2569 scandatum
372 2504 514 2582 undique
535 2503 747 2566 ecclesiarum
771 2505 959 2566 excitantes.
984 2502 1070 2568 Jure
1090 2522 1172 2585 ergo
1193 2505 1264 2567 iuter

158 2611 221 2672 alia
245 2609 460 2671 commentitia
482 2608 614 2684 scripta,
639 2608 696 2667 ista
719 2625 851 2686 qnoque
873 2606 952 2668 duxi
975 2609 1218 2671 committenda.

246 2709 457 2789 Quapropter
477 2709 518 2770 ab
540 2708 588 2771 bis
603 2709 829 2787 scriptoribus,
846 2718 877 2771 et
894 2710 1023 2787 quidem
1041 2710 1264 2789 pervicacibus,

161 2815 259 2876 trium
281 2812 506 2889 Capitulnrum
531 2811 675 2889 patronis
703 2810 820 2872 abstuti
854 2811 1107 2875 auctoritatemr
1132 2827 1261 2895 quorum

159 2917 389 2977 auctoritatem
423 2922 516 2973 antea
549 2910 670 2988 repulit
692 2908 840 2990 Vigitius.
865 2911 899 2973 in
932 2913 1048 2975 ceteris
1071 2932 1152 2978 vern
1183 2922 1262 2978 extre

160 3018 242 3080 bane
263 3018 505 3094 quaestionem,
528 3013 597 3093 pari
627 3012 826 3090 suscipienda
849 3012 929 3076 duxi
950 3015 1171 3092 auctoritate,
1193 3028 1263 3096 qnae

159 3119 191 3178 in
212 3116 283 3178 aliis
303 3115 517 3194 scriptoribus
542 3112 640 3191 vulgo
662 3122 835 3176 servator:
860 3125 891 3176 et
913 3116 974 3178 boc
996 3114 1092 3178 docet
1114 3134 1168 3179 ars
1189 3111 1263 3179 criti·

160 3238 208 3282 ca.
234 3218 299 3282 Aut
323 3218 461 3291 meiius,
483 3217 508 3279 si
531 3216 722 3281 documenta
747 3214 902 3284 refutata,
925 3218 966 3277 ab
988 3221 1130 3298 ingenuo
1147 3226 1180 3281 et
1200 3221 1263 3279 nuto

159 3322 318 3400 scriptore
339 3321 457 3383 dictate
481 3317 629 3388 tuissent,
652 3325 685 3378 et
707 3317 836 3396 quidem
860 3317 1036 3381 definitioni
1059 3319 1263 3381 consentiente

157 3423 314 3487 adversus
337 3423 395 3482 tria
429 3420 578 3498 Captiuis
611 3420 718 3492 tatae,
744 3431 820 3482 tunc
850 3419 1003 3482 deficeret
1034 3431 1263 3498 argumentum·

156 3523 217 3586 Sed
239 3541 315 3587 cnm
339 3521 523 3597 Facundus,
549 3520 731 3595 Liberatus,
751 3518 864 3583 Victor
885 3523 1006 3600 aliique
1028 3523 1143 3584 coaevi
1159 3531 1191 3584 et
1205 3537 1264 3582 suc·

158 3643 324 3698 cessores,
347 3633 405 3686 aut
427 3625 568 3698 incauti,
595 3624 644 3684 vei
667 3643 707 3685 cx
731 3624 838 3685 animo
860 3624 900 3684 ab
921 3623 1055 3685 iliorum
1087 3621 1263 3685 testimoniis

156 3729 253 3806 eapti,
276 3725 372 3787 simui
396 3727 599 3804 insurgerent
621 3725 770 3787 acerrimi
787 3722 972 3786 defensores
989 3726 1087 3786 trium
1107 3722 1262 3802 Capitulo·

157 3846 231 3890 rum
256 3827 352 3889 etiam
384 3836 454 3904 post
486 3825 641 3910 synodele
673 3827 841 3887 decretum
876 3824 1111 3899 damnationis,
1138 3825 1264 3902 totisque

158 3929 280 3992 viribus
302 3928 334 3989 iu
357 3926 513 4008 vigilium
529 3937 561 3990 et
575 3926 795 3991 lastinianum
812 3928 1053 4006 irrumpereot3
1078 3925 1265 4004 ubicumque

156 4049 219 4094 noo
235 4034 341 4109 reperi
362 4029 539 4094 concordes
569 4049 643 4093 cum
678 4030 823 4109 genuinis
846 4027 955 4110 Vigilii
987 4038 1018 4091 et
1048 4039 1264 4092 successorum

157 4130 348 4200 Pontificum
370 4134 514 4213 epistoiis
536 4140 567 4194 et
590 4132 740 4207 decretis,
763 4131 817 4194 sed
840 4141 952 4212 aperte
975 4138 1167 4212 pugnantes,
1190 4120 1263 4191 baud

159 4234 334 4314 immerito,
349 4235 468 4316 quippe
483 4234 676 4314 catholicos,
690 4234 823 4299 titutum
840 4233 879 4298 de
894 4233 954 4298 buc
970 4250 1006 4296 re
1020 4230 1203 4297 testimonia
1213 4226 1262 4288 du·
