2886 4784
164 363 227 432 168

165 469 327 550 gentiam,
349 465 436 544 quod
460 482 518 527 nec
541 465 689 526 haereses
712 465 886 538 refutarit,
910 481 968 527 uec
998 470 1125 528 certum
1156 467 1325 531 obtule—

164 572 207 633 rit
234 586 313 632 suae
334 567 407 628 fidei
439 567 682 628 characterem:
706 567 841 638 saltem,
865 584 931 645 qno
954 574 1099 659 temporo
1124 569 1228 644 vixit,
1252 581 1293 630 er

166 670 295 749 qualem
318 666 437 732 Christi
459 665 626 728 ecclesiam
650 667 735 728 rexit
757 667 938 744 episcopus,
962 669 1153 728 constiterit.

167 825 176 837 ,
245 767 296 830 Ex
319 766 609 848 quibusdamsane
632 763 794 829 Historiae
821 767 971 847 judaicae
1000 769 1082 830 notis
1115 765 1215 829 Libro
1245 767 1270 830 X
1308 771 1325 833 .·

164 889 190 932 c.
214 867 302 933 xx1.
326 886 356 929 u.
378 863 428 933 30.
444 868 592 941 insertis,
617 867 745 929 videtur
768 868 956 950 Anonymus
978 869 1149 948 cujusdam
1182 871 1275 932 eccle
1306 895 1325 930 ε

168 970 233 1032 siae
255 970 444 1047 episcopatu
467 968 598 1029 iunctus
620 976 692 1030 ante
714 966 794 1030 Jesu
816 967 935 1032 Christi
951 969 1139 1031 adveutum.
1159 969 1325 1033 Cumo=

169 1073 233 1132 nim
256 1071 312 1144 ait,
336 1070 443 1132 adhuc
465 1072 535 1149 ipso
558 1070 698 1141 vivente,
721 1071 844 1130 servari
868 1079 899 1132 et
921 1070 1043 1132 ostendi
1065 1089 1235 1133 mensuras
1255 1093 1325 1133 ee

97 1177 102 1187 '
168 1172 322 1249 reliquias
347 1169 451 1231 drcae
481 1170 673 1231 noachitae:
701 1188 842 1248 cumque
871 1170 1006 1234 illorum
1035 1189 1206 1249 personam
1235 1192 1325 1253 με

168 1282 232 1346 rat,
255 1291 337 1351 quos
362 1278 456 1332 testes
478 1270 589 1333 citavit
614 1269 747 1332 Flavius
770 1273 801 1331 in
824 1269 921 1333 Libro
943 1270 968 1333 l.
994 1270 1219 1353 Archeolopioc
1232 1275 1325 1355 jd-

165 1371 296 1447 doc'coc,
322 1370 478 1433 Berosum
502 1370 719 1441 chaldaeum,
743 1370 978 1453 Hieronymum
1000 1376 1210 1455 aegyptium,
1232 1373 1325 1438 Νΰ

165 1475 297 1537 colanm
319 1473 559 1546 damascenum,
577 1473 632 1550 qui
655 1472 774 1535 Christi
796 1475 893 1535 aetati
916 1484 1175 1553 praecesserunt,
1191 1478 1325 1558 εἰμί

164 1575 275 1636 dicavit
294 1593 328 1635 se
350 1592 389 1634 eo
411 1576 481 1652 ipso
504 1581 649 1651 tempore
673 1573 801 1635 vixisse.

246 1675 323 1737 item
346 1674 386 1734 ab
410 1675 470 1735 hoo
492 1689 573 1734 nevo
590 1675 686 1735 vitam
708 1691 799 1735 suam
818 1674 949 1737 duxisse
966 1675 1173 1760 Anonymnm
1197 1678 1325 1738 ultr-

167 1774 335 1838 dimidium
357 1774 459 1836 seculi
481 1774 613 1835 secundi
631 1775 808 1849 videretur,
825 1794 926 1854 quum
949 1777 980 1858 in
1000 1773 1099 1838 Libro
1119 1774 1175 1839 Vl.
1199 1797 1227 1840 o.
1243 1774 1325 1840 l-

165 1895 197 1938 u.
218 1876 248 1940 1.
273 1876 317 1937 ait
340 1874 488 1937 Marcum
512 1876 712 1938 haereticum
737 1882 813 1939 tunc
836 1877 995 1938 viventem
1018 1896 1055 1938 ac
1078 1878 1257 1942 refutatum

89 1978 92 1983 '
166 1996 229 2040 uon
248 1979 343 2055 [posse
366 1975 505 2056 amplius
528 1975 677 2055 pluribus
700 1976 851 2041 illudere.
869 1975 917 2038 Ea
933 1979 998 2057 ipsa
1015 1984 1120 2040 aetate
1142 1998 1223 2059 ergo
1238 1979 1325 2042 νῖ·

167 2080 262 2140 rebat
279 2078 467 2161 Anonymus
490 2079 711 2157 episcopatum
734 2066 857 2158 gerens.
875 2078 923 2140 Ac
945 2081 1085 2143 ulterius
1102 2082 1204 2145 vitam
1222 2090 1317 2144 trer-

163 2181 253 2254 hens,
271 2179 301 2240 in
317 2179 430 2241 seculo
456 2182 551 2240 tertio
572 2197 606 2239 se
629 2197 785 2258 pugnasse
801 2181 846 2243 nit
867 2199 940 2242 cum
963 2173 1150 2263 zephyrino
1165 2191 1199 2245 et
1212 2182 1301 2247 Cal·

162 2281 257 2358 listo;
275 2296 313 2342 ac
330 2287 400 2358 post
416 2279 507 2341 istius
521 2278 644 2341 obitum
663 2278 860 2342 Alcibiadem
884 2281 1065 2353 contutans,
1083 2279 1288 2345 Constantini

163 2377 311 2442 Caesaris
333 2381 485 2460 pertingit
506 2397 636 2442 aevum.
659 2378 754 2455 Quod
777 2383 1005 2461 pertransiens,
1022 2382 1113 2443 libris
1133 2381 1279 2446 Theodo-

167 2484 228 2542 reti
251 2481 415 2559 perlectis,
439 2479 584 2559 ejusdem
606 2480 796 2543 successisse
817 2498 854 2542 ac
870 2481 1001 2560 insuper
1023 2491 1276 2560 praetergressus

165 2580 264 2644 tuisse
288 2582 417 2642 videtur
438 2588 589 2643 aetatem.

246 2683 415 2760 Alioquin,
437 2682 544 2761 quoad
567 2670 904 2762 hano'quaestiouem
921 2686 946 2744 si
963 2685 992 2744 in
1009 2682 1144 2762 Iosephi
1161 2682 1274 2757 Flavii,

166 2803 190 2844 s.
216 2781 354 2856 irenaei,
377 2782 466 2846 Sexti
491 2780 645 2861 Empirici
667 2801 704 2843 ac
726 2783 880 2858 aliorum,
904 2785 981 2863 quin
997 2784 1071 2846 illos
1093 2787 1275 2849 nominatim
1297 2856 1304 2870 ι

166 2884 257 2956 citet,
282 2875 529 2945 transcribendis
545 2881 649 2958 dictis,
665 2882 775 2945 Critici
792 2889 945 2946 notarunt
961 2891 1029 2944 tum
1046 2885 1192 2965 plagium
1208 2906 1277 2950 cum

164 2984 389 3064 negligentiam
414 2984 605 3066 Anonymi3
629 3005 689 3048 cur
721 3004 782 3048 non
814 2987 889 3046 itom
924 2986 1095 3050 dicendum
1130 2998 1216 3054 esset
1244 2989 1280 3052 de

164 3084 369 3149 Theodoreto
391 3096 422 3147 et
444 3086 607 3161 Cedreno,
625 3105 768 3165 quorum
788 3088 883 3147 verba
902 3089 931 3147 in
947 3087 1045 3150 Libro
1068 3088 1217 3168 eiusdem
1238 3091 1282 3153 ci·

163 3196 295 3263 tantur3
318 3198 349 3248 et
371 3188 426 3250 ubi
449 3187 559 3248 eadem
578 3187 731 3264 patefiunt
752 3189 873 3248 incuria
897 3199 925 3248 et
943 3188 1091 3248 conlusio
1115 3191 1144 3248 in
1168 3208 1280 3252 rerum

158 3285 388 3364 expositione?
411 3296 445 3348 ut
467 3306 529 3350 uua
554 3289 716 3348 inferatur
739 3292 918 3367 posteriore
953 3290 1000 3349 his
1033 3297 1139 3350 aetate
1163 3293 1282 3352 vixisse

159 3383 371 3449 Auctorem?

237 3486 367 3550 Cunctis
388 3489 488 3565 igitur
508 3491 603 3550 simul
637 3492 781 3551 collectis
805 3489 963 3572 Anonymi
997 3489 1277 3565 discussionibus,

157 3603 195 3647 ae
217 3586 438 3665 discrepantiis
461 3590 669 3650 consideratis
692 3591 721 3649 in
744 3609 821 3650 sune
845 3589 917 3649 mter
940 3590 1154 3667 expositione,
1182 3609 1277 3667 prae·

159 3687 272 3747 sertim
293 3684 410 3764 Operis
432 3688 633 3764 praedatione
656 3691 854 3751 conclusioni
871 3698 1071 3767 comparata,
1089 3689 1144 3750 ubi
1168 3686 1285 3769 aperte

157 3803 267 3848 secum
298 3794 444 3864 pugnat:
477 3788 558 3851 idest
586 3789 643 3850 ubi
670 3808 780 3852 sensus
811 3790 1015 3851 orthodoxus
1044 3790 1176 3851 dimicat
1210 3810 1285 3854 cum

158 3884 460 3965 neoplatouicorum
482 3887 644 3967 dogmate,
668 3891 879 3967 consequitur
898 3888 1212 3968 Philosophnmenon
1234 3889 1285 3953 Li-

158 3985 254 4047 brum
276 3986 459 4064 rapsodiam
481 3989 645 4049 continere
668 3989 962 4063 documentorum,
985 3990 1130 4053 diversos
1152 3990 1285 4068 praele-

158 4086 298 4148 reutium
320 4096 470 4149 auctores
494 4089 524 4148 in
549 4090 750 4169 philosophia
773 4099 805 4153 et
826 4091 888 4153 lide
916 4092 1102 4155 discordes:
1133 4110 1287 4170 quorum

157 4204 257 4265 super
278 4206 312 4250 se
333 4206 497 4251 assumens
516 4190 641 4251 ductor
659 4194 779 4254 variam
802 4200 954 4267 aetatem,
972 4194 1077 4256 varias
1097 4194 1283 4271 opiniones,
