2886 4784
158 440 270 503 autam
291 438 427 504 Sabellii
455 438 621 506 doctrinae
656 440 889 524 expositionem
919 445 958 508 ati
991 436 1119 515 Xistum
1155 437 1277 524 tapsar

157 542 253 604 mittit
261 562 273 621 3
297 561 371 606 eum
388 543 470 624 jam,
490 554 525 607 ut
542 546 619 608 velit
635 546 836 625 anonymus,
853 548 1013 612 sabellius
1028 543 1196 628 sexaginta
1214 549 1276 610 cira

158 644 240 706 citer
262 662 360 706 anuos
383 653 455 706 ante
479 644 601 709 Romae
621 646 688 726 jam
710 649 848 726 degens,
872 650 981 729 ibique
1002 650 1175 729 impictatis
1196 662 1279 712 suaa

157 744 277 807 seusina
311 762 486 824 spargeus,
508 748 679 810 damnatus
700 757 783 809 esset
805 767 821 808 a
845 748 1008 812 Callisto?
1030 749 1071 812 Et
1091 750 1170 829 quta
1191 737 1293 826 upus‘

157 852 230 906 erat
252 847 305 907 uni
326 846 471 908 scrihere
492 847 531 909 de
554 865 688 926 persona
706 844 839 910 Sabellii
862 857 893 911 et
914 850 956 912 de
977 851 1101 914 haeresi
1124 851 1214 913 illius
1227 866 1276 912 sa·

159 946 197 1008 tis
217 949 360 1025 satisque
382 948 479 1010 alteri
500 947 612 1012 uotisl

238 1046 392 1111 Ceterum
415 1067 478 1111 nou
500 1049 649 1124 diffitear,
672 1060 747 1113 aute
768 1059 800 1114 et
820 1049 881 1113 aab
901 1060 1026 1130 etpost
1046 1048 1224 1134 zephyrini
1244 1056 1276 1114 el

158 1147 282 1212 Callisti
298 1159 436 1212 aetatem
452 1169 581 1213 errores
598 1151 788 1231 hujusmodi
804 1169 982 1231 pervagato
997 1152 1113 1216 orbem
1129 1153 1276 1215 christia·

159 1264 235 1312 uum
260 1249 396 1313 Romam
418 1271 549 1330 usque,
574 1251 805 1314 valentinianos
838 1251 935 1325 dieo,
965 1262 997 1314 et
1018 1255 1074 1330 qui
1098 1259 1176 1314 sunt
1200 1251 1274 1315 itata

159 1349 365 1426 Aeschinem,
379 1370 573 1431 praxeanos,
590 1353 849 1427 monarchianos,
864 1355 1041 1427 noetianos,
1056 1352 1273 1430 paulinianum

158 1451 379 1523 nihilominus,
398 1462 432 1513 ut
450 1441 529 1525 dixi,
546 1454 664 1514 horum
686 1453 925 1532 unnsquisque,
941 1452 1064 1532 aliquid
1087 1453 1232 1532 speciale
1245 1451 1274 1513 lu

160 1550 327 1628 propriam
350 1551 603 1612 introduxerunt
624 1551 796 1623 haeresim,
814 1553 896 1612 adeo
911 1559 949 1612 ut
962 1551 1003 1612 ab
1019 1552 1160 1613 laricem
1177 1559 1210 1613 et
1223 1568 1275 1614 uod

160 1650 245 1712 mine
266 1658 298 1712 et
321 1650 467 1712 doctrina
490 1661 522 1714 et
545 1662 689 1731 tempore
711 1660 743 1712 et
765 1651 838 1714 ioco
861 1650 962 1732 probe
995 1653 1274 1731 dignoscerentur.

160 1745 380 1824 Quamobrem
404 1751 537 1813 illorum
560 1755 692 1831 cuique,
709 1758 809 1832 prout
829 1771 863 1813 se
879 1753 1009 1827 habeut,
1026 1771 1183 1816 errorum
1204 1770 1275 1815 suo·

160 1863 234 1909 rum
251 1851 377 1910 termini
392 1852 547 1928 speciales
565 1852 716 1913 reddendi
730 1861 817 1924 suut,
834 1853 929 1915 sicuti
950 1837 1154 1915 lautumtlem
1169 1852 1275 1914 distin·

160 1951 285 2027 pecuda
299 1968 424 2013 eorum
446 1954 596 2024 uomina,
620 1953 676 2030 qui
697 1970 752 2014 eos
774 1952 971 2015 refutarunt.
995 1949 1035 2014 Et
1055 1953 1120 2014 suh
1143 1954 1208 2015 hoc
1234 1954 1276 2014 iu·

159 2049 245 2111 tuitu
266 2057 340 2126 apte
363 2050 522 2121 ueniunt,
544 2068 628 2128 quaa
649 2070 676 2112 s.
699 2050 839 2130 Optatus
864 2051 1073 2114 milevitanus
1105 2054 1276 2132 episcopus

159 2150 191 2211 in
214 2147 312 2212 Libro
335 2147 362 2214 l.
388 2150 431 2211 De
451 2149 616 2212 schismate
637 2149 871 2214 donatistarum
893 2169 924 2212 u.
947 2149 978 2215 9.
1001 2152 1142 2216 scribite
1159 2172 1177 2212 a
1193 2149 1277 2215 blar-

158 2252 244 2336 cion,
266 2250 420 2324 Praxeas,
443 2250 615 2324 Sabellius,
640 2248 841 2326 Valentinus,
864 2260 897 2314 et
918 2253 1017 2314 ceteri
1042 2270 1151 2331 usque
1173 2250 1214 2313 atl
1230 2265 1278 2313 ca·

160 2353 348 2434 taphrpgas,
370 2353 570 2431 temporibus
591 2354 670 2427 suis,
693 2371 710 2413 a
734 2350 902 2415 Victorino
924 2353 1149 2432 petavionensi
1171 2359 1204 2415 et
1224 2347 1277 2414 ze

161 2452 300 2536 phyrino
322 2447 444 2514 Urbica
466 2462 497 2512 et
519 2450 722 2514 Tertulliano
752 2445 990 2532 carthaginensi
1012 2462 1045 2515 et
1066 2453 1109 2514 ah
1131 2452 1207 2515 aliis
1226 2449 1278 2513 ab·

157 2553 339 2615 sartoribus
362 2549 527 2612 Ecclesiae
548 2551 734 2615 Catholicae
755 2556 901 2630 superati
922 2560 1008 2614 suut.
1033 2570 1050 2608 a

241 2650 290 2714 Ex
315 2653 377 2713 huc
399 2653 579 2713 testimonio
602 2653 726 2729 (veluti
744 2656 842 2731 gratis
857 2653 1088 2715 existimarunt
1106 2645 1281 2727 nonnulli)

159 2771 223 2816 nou
243 2761 291 2814 est
311 2751 514 2814 inserentium
537 2752 712 2816 Sabellium
736 2753 835 2815 luisse
865 2754 1053 2814 damnatum
1077 2770 1095 2814 a
1119 2749 1277 2832 Zephyri·

159 2871 202 2915 uo
225 2851 327 2932 Papa,
347 2871 385 2914 ac
406 2854 480 2914 ideo
500 2855 560 2916 sub
582 2850 726 2932 ejusdem
750 2855 867 2916 vixisse
893 2852 1101 2916 Pontificatu.
1120 2836 1220 2914 Haud
1239 2848 1281 2912 sie

160 2951 280 3014 iudicat
300 2952 411 3032 Optati
433 2971 555 3014 seusus.
579 2951 620 3014 Et
642 2953 840 3028 potissimum
864 2952 893 3013 id
917 2952 1089 3013 revelatur
1110 2970 1155 3013 ex
1186 2950 1281 3030 ipsiu

162 3053 269 3114 verbis
290 3048 478 3132 temporibus
499 3045 566 3114 suis
587 3060 615 3113 et
636 3051 673 3113 ab
693 3050 770 3114 aliis
790 3049 1002 3113 assertoribus
1030 3049 1197 3113 Ecclesiae
1228 3047 1281 3112 Ca·

158 3150 304 3215 thelicae.
330 3152 429 3227 idest,
450 3153 567 3231 singuli
592 3153 745 3214 haeretici
767 3170 827 3228 pro
850 3160 996 3229 tempore
1017 3169 1081 3213 sno
1102 3168 1122 3212 a
1147 3150 1282 3213 catholi-

50 3332 58 3343 ,
158 3254 206 3315 eis
226 3254 371 3331 superati
392 3259 478 3314 suut.
503 3250 575 3326 Qua
589 3249 762 3331 zephyrini
776 3260 808 3312 et
823 3247 1017 3312 Tertulliani
1033 3258 1147 3314 aetate
1164 3250 1283 3312 inventi

156 3359 236 3415 suut
258 3352 426 3427 haeretici,
447 3352 488 3412 ab
510 3352 574 3413 iliis
595 3346 778 3428 expugnati
793 3357 891 3411 sunta
915 3358 948 3411 et
970 3350 1028 3427 qui
1045 3349 1168 3412 deiude
1182 3352 1285 3412 iusur·

156 3470 291 3526 rexere,
314 3455 396 3515 idest
416 3451 576 3515 Sabellius
598 3452 786 3528 ceterique,
819 3450 859 3510 ah
888 3450 958 3511 aliis
991 3450 1070 3511 dicit
1107 3453 1283 3514 refutatus

158 3552 266 3615 Paulo
288 3561 359 3631 post
383 3550 584 3623 Sabellium,
608 3550 688 3611 idest
710 3550 794 3611 circa
818 3568 867 3610 au.
888 3546 960 3615 280.
983 3552 1152 3614 scrihebat
1177 3554 1187 3628 (
1209 3556 1286 3613 testo

158 3647 363 3734 Hieronymo
385 3648 431 3711 De
457 3647 539 3710 Viris
558 3645 739 3711 illustribus
760 3666 788 3709 c.
811 3646 861 3711 at.
880 3648 889 3720 t
908 3647 1021 3725 Victor
1042 3650 1286 3728 petavionensis

158 3749 332 3829 episcopus
355 3748 592 3814 Commentario
623 3747 656 3809 in
688 3746 866 3810 Genesim.
892 3795 899 3808 .
924 3793 931 3809 .
959 3794 966 3811 .
992 3753 1023 3810 in
1047 3750 1285 3833 Apocalypsin

159 3848 307 3924 Joauuis,
330 3850 488 3911 adversus
509 3866 618 3911 omues
634 3848 781 3908 haereses
795 3854 827 3909 et
842 3846 903 3909 alia
921 3849 1037 3911 multa.
1056 3848 1285 3924 Quamobrem

159 3948 294 4014 Sabellii
316 3948 499 4014 confutatio
520 3965 582 4009 nou
603 3947 642 4008 ad
665 3943 883 4028 zephyrinum
903 3947 970 4027 jam
988 3949 1189 4014 defunctum
1207 3947 1286 4013 reie-

162 4049 262 4112 renda
290 4061 361 4127 est,
384 4049 439 4113 sed
462 4048 502 4112 ad
524 4049 629 4120 alios,
651 4047 707 4126 qni
733 4048 836 4108 eidem
864 4059 1121 4124 successerunt,
1148 4051 1202 4115 vei
1232 4044 1285 4130 qul

162 4149 305 4218 Sabellio
334 4151 449 4218 coaevi
484 4148 534 4211 ret
564 4149 759 4226 posteriores
789 4145 933 4210 inerunt.
962 4147 1185 4216 'tantumdem
1211 4162 1284 4212 vcro
