2886 4784
114 438 234 500 eisdem
258 436 427 517 repetitis,
450 453 573 514 quasa
596 435 772 502 Cedreuo'
765 454 795 500 ru
817 437 878 499 fine
911 441 1010 518 ipsius
1036 439 1195 519 Speculi
1187 337 1237 502 ib:

114 545 294 601 notantur·
319 559 335 597 τ
356 526 466 605 Οὗτοι
479 557 540 627 μεν
563 524 617 604 bns
640 532 751 616 πάντες
768 532 876 605 ἐπὶ
833 560 892 617 της
907 535 963 605 rio
978 535 1095 619 παντὸς
1116 536 1236 630 φύσεώς

114 661 159 708 τε,
185 628 244 707 καὶ
272 637 478 730 γενέσεως
439 662 561 711 ταντα,
584 634 694 722 καθώς
714 638 903 732 ἒξεθέμετα,
924 641 1044 726 ἐξεῖπον
1068 643 1110 737 τη“
1132 641 1237 714 ἀντῶν

113 739 203 837 δόξη.
219 740 320 812 Κνῖτω
334 740 419 812 da*
383 768 439 813 rou
457 743 542 814 θετον
558 743 669 825 παντες
679 769 725 814 κω
725 744 892 846 ρήσαντες,
906 748 1049 850 περὶτων
1060 747 1236 841 γινομένων

117 839 232 916 ὂνσὶαν
255 844 506 938 η’σχολήθησαν,
530 843 572 916 roi
594 870 667 942 prpe
657 771 743 929 ἐρθη
735 847 796 929 τῆς
818 849 953 932 κτισεως
974 848 1158 942 nucerinus
1160 875 1238 934 ντες,

117 944 175 1020 καὶ
203 943 285 1020 dinei
309 974 346 1018 το
370 940 491 1023 θεῖον
475 974 560 1023 siner
583 952 785 1045 νομίσαντες,
776 949 922 1079 ,ἕτερος
934 954 1038 1058 ἕτερον
1062 953 1223 1049 μέρος
1178 981 1240 1038 της

116 1055 254 1135 κτίσεως
271 1065 521 1159 προκρίναντες,
546 1052 599 1126 τὸν
621 1056 741 1127 τουτων
764 1052 841 1128 Θεὸν
864 1051 922 1126 καὶ
951 1053 1152 1156 δημιουργὸν
1175 1058 1239 1151 ὀνχ

115 1157 342 1250 ἐπέγνωσαν.
334 1181 354 1223 ι.
377 1182 405 1226 e.
430 1161 472 1224 lli
494 1181 574 1242 ergo
595 1182 704 1226 ornnes
725 1165 765 1226 de
789 1166 933 1227 universi
956 1176 1073 1226 natura
1105 1175 1137 1227 et
1160 1173 1238 1228 ortu

119 1283 159 1328 ea
180 1274 352 1327 senserunt
371 1283 410 1328 ac
433 1266 647 1340 tradiderunt,
669 1284 754 1345 quae
776 1268 960 1330 retulimus.
980 1267 1064 1329 inire
1084 1285 1160 1328 vero
1178 1267 1236 1327 liei

119 1368 338 1444 cognitionem
359 1367 583 1442 subsistentes,
606 1369 637 1429 in
659 1386 771 1429 rerum
793 1368 991 1431 caducarum
1021 1380 1135 1431 natura
1168 1377 1237 1430 stu·

119 1467 211 1531 diurn
228 1475 431 1546 occuparunt
448 1467 681 1546 cognoscenda,
699 1469 738 1529 ad
755 1469 1006 1548 magnitudinem
1024 1487 1134 1531 rerum
1146 1487 1238 1531 crea·

123 1577 233 1631 tarum
254 1576 434 1647 stupentes,
456 1586 577 1647 eosque
599 1586 660 1647 pro
691 1570 823 1632 numine
851 1570 922 1647 ipso
955 1571 1097 1649 amplexi
1108 1591 1120 1650 3
1153 1571 1238 1632 alius

120 1668 220 1731 aliam
243 1676 416 1731 creaturae
436 1677 561 1746 partem
583 1669 819 1748 praeferentes,
836 1667 940 1732 Deum
957 1671 1074 1733 horum
1091 1670 1238 1750 opificem

122 1788 186 1832 uou
207 1776 444 1848 cognorerunt.
468 1788 485 1827 ν

202 1868 246 1932 Et
266 1870 347 1932 haee
368 1869 500 1949 quidem
521 1887 657 1950 prorsus
678 1870 790 1934 eadem
812 1888 927 1951 graece
948 1888 966 1932 a
989 1870 1136 1937 Cedreno
1150 1877 1184 1933 et
1197 1870 1239 1930 ab

122 1968 298 2050 Anonpmo
319 1970 480 2048 descripta
501 1975 589 2043 sunt,
605 1968 687 2032 adeo
710 1977 746 2034 ut
766 1973 947 2034 necessario
968 1971 1173 2034 statuendum
1199 1973 1240 2032 sit

123 2087 160 2131 ea
183 2087 287 2132 nuum
308 2071 350 2132 ab
371 2071 476 2133 altero
499 2070 551 2134 rel
572 2070 613 2132 ab
634 2088 699 2135 nno
730 2070 817 2134 ionic
847 2072 1094 2148 transcripsisse.
1117 2070 1239 2133 Deinde

124 2171 236 2233 subdit
257 2171 469 2254 Anonpmuss
495 2193 511 2234 e
533 2171 659 2236 Eorum
680 2173 793 2250 igitur,
815 2173 872 2252 qni
887 2172 972 2251 apud
988 2189 1121 2250 graecos
1136 2171 1240 2249 philo·

121 2273 256 2351 sophiae
278 2273 511 2349 incubuerunt,
529 2274 695 2353 opiniones
708 2274 784 2338 satis
797 2276 986 2353 exposuisse
1008 2273 1085 2335 mihi
1104 2272 1236 2334 videor:

57 2453 63 2463 q
122 2373 284 2452 aquibus
307 2372 443 2452 proiecti
465 2373 641 2451 haeretici,
663 2391 700 2437 eu
722 2392 806 2454 quae
828 2375 927 2456 paulo
960 2381 1031 2453 post
1063 2372 1239 2445 dicentur,

123 2473 256 2553 aggredi
277 2477 348 2537 ausi
370 2483 455 2538 suut.
479 2494 496 2532 ν
520 2474 624 2538 inanis
645 2492 760 2538 eorum
783 2477 931 2555 repetitio
954 2474 1001 2549 (et
1016 2474 1078 2535 hoc
1094 2491 1152 2552 pro
1169 2491 1237 2535 mo-

126 2592 162 2637 re
182 2575 268 2654 suo)
289 2593 374 2655 qnae
394 2595 436 2639 ex
457 2574 604 2641 Godreno
623 2576 690 2656 jam
711 2584 850 2639 notarat.

208 2674 363 2752 luterim,
386 2681 529 2756 inspecto
550 2677 685 2740 Cedreni
708 2685 740 2739 et
773 2677 933 2760 Anonymi
967 2676 1238 2757 philosophorum

124 2778 311 2856 specimine,
335 2785 423 2856 patet
437 2777 619 2841 Cedreuum
637 2780 668 2839 iu
683 2779 795 2842 ordine
810 2779 1004 2841 narrationis
1019 2798 1053 2841 se
1068 2778 1241 2841 continuis·

125 2897 160 2940 se
178 2879 275 2958 juxta
298 2880 524 2958 propositum,
547 2897 738 2959 graecorum
774 2880 1044 2958 philosophorum
1073 2878 1239 2957 opiniones

126 2978 166 3041 dc
196 2976 264 3040 Deo
286 2977 378 3040 etde
398 2987 509 3041 creato
539 2980 781 3057 investigantem
814 2987 846 3041 et
876 2980 1122 3057 expendentem.
1145 2977 1241 3040 Alter

127 3097 208 3141 vero
228 3096 305 3142 cum
326 3079 438 3142 eadem
458 3080 680 3159 spopondisset
702 3080 742 3140 ab
763 3080 853 3141 initio
870 3080 909 3140 de
925 3079 1239 3158 graecornmstudio

127 3179 159 3240 in
181 3178 403 3256 Philosophia,
426 3197 464 3241 ac
485 3181 516 3241 in
538 3180 599 3242 line
621 3179 709 3241 Libri
730 3177 757 3240 l.
780 3178 891 3240 eadem
915 3186 1061 3257 repetat:
1098 3186 1240 3239 attamen

130 3280 161 3339 in
185 3280 359 3343 tractandis
379 3279 544 3359 speciatim
565 3280 769 3359 singulorum
795 3278 1063 3357 philosophorum
1092 3276 1239 3356 placitis,

129 3378 168 3438 ad
190 3379 271 3441 alias
292 3396 326 3440 se
348 3379 445 3442 vertit
466 3381 611 3457 regiones
632 3385 724 3440 extre
753 3375 909 3440 Graeciae
939 3375 1040 3449 lines,
1072 3375 1242 3438 brachma·

130 3496 208 3540 uum
229 3477 372 3539 inludia
394 3485 426 3541 et
446 3478 638 3540 druidarum
661 3477 746 3556 apud
769 3477 869 3539 celtas
883 3485 1049 3539 scrutatus
1064 3475 1238 3548 doctrinas,

129 3579 249 3657 quibus
271 3597 335 3640 uon
354 3588 426 3641 erat
442 3579 494 3641 hic
511 3579 614 3640 loeus.
632 3576 818 3652 Quinimmo
834 3595 908 3639 cum
924 3576 1114 3657 Anonymus
1128 3575 1242 3638 statuit

128 3679 168 3740 de
189 3679 422 3741 brachmanum
446 3679 648 3756 philosophia
672 3684 812 3740 tractare
834 3695 897 3737 uon
919 3695 937 3737 a
961 3679 1097 3754 graecis,
1120 3675 1174 3737 sed
1202 3674 1244 3735 ab

130 3781 179 3840 his
208 3779 444 3841 exordiendum
475 3779 534 3840 sibi
557 3778 680 3841 luisset.
703 3776 754 3840 Ab
775 3776 909 3839 Oriente
932 3779 1016 3838 euim
1040 3774 1243 3855 philosophia

132 3880 278 3957 parvenit
298 3880 338 3940 ad
362 3895 508 3957 graecos,
525 3879 572 3941 uti
595 3878 696 3958 probe
717 3877 858 3940 advertit
873 3876 1028 3954 Diogenes
1048 3873 1195 3935 Laertius
1209 3874 1242 3958 iu

132 3977 284 4056 Prologo.
307 3977 355 4040 lle
375 3979 492 4040 ceteris
513 3979 716 4056 propositum
738 3988 885 4038 nostrum
915 3975 1014 4052 magis
1044 3973 1191 4068 proficiet
1211 3973 1242 4032 iu

130 4077 223 4139 dictis
245 4077 408 4159 Anonymi
430 4084 463 4140 et
483 4077 620 4144 Cedreni
641 4077 838 4156 exponendis
861 4085 894 4138 et
915 4075 1116 4139 conterendis
1137 4073 1244 4150 singil-

130 4178 247 4256 latim3
270 4195 308 4241 ao
329 4178 520 4257 praesertim
543 4178 598 4266 ubi
619 4177 820 4242 alteralteri
844 4175 1042 4254 concordat,
1064 4183 1098 4238 et
1119 4175 1172 4236 ubi
1192 4190 1246 4234 va·

131 4279 213 4341 riant
235 4279 267 4342 in
289 4277 560 4360 philosophorum
581 4278 744 4346 sententiis
767 4276 987 4343 enunciaudis.
