2886 4784
1200 335 1240 407 tt

135 463 244 526 negans
267 445 317 506 vel
340 409 519 507 eddeasah
541 443 674 506 Irenaeo
696 452 728 507 et
749 438 951 504 Tertulliano
983 450 1102 502 asserta
1125 461 1182 505 sen
1205 461 1239 503 n·
1266 498 1268 509 ,

133 550 232 608 missa.
251 544 297 607 lle
314 546 381 608 Deo
403 548 485 607 enim
507 562 569 606 neu
588 552 672 617 ente,
700 543 739 605 de
761 541 908 605 Fiiietctc
937 533 1058 618 Υἷότης
1090 540 1157 603 Deo
1177 561 1241 604 non

132 658 193 718 enti
215 653 504 728 consubstantiali,
537 654 576 716 de
607 651 753 717 Ft'lt'etote
783 655 814 715 in
842 653 943 714 trihus
972 651 1116 731 partibus
1140 650 1241 712 divisa

130 758 167 819 de
180 755 304 835 Spiritu
317 756 446 829 Sancto,
460 773 526 834 quo
539 752 672 817 Fiiietos
683 756 842 827 induitur,
859 756 898 816 de
911 751 1064 816 nevtnrtn
1079 755 1145 814 sive
1161 748 1242 815 con·

126 855 218 938 inin,
240 858 282 917 de
303 854 423 935 Manno
444 854 615 928 Archonte,
636 857 676 918 de
699 852 857 936 qunode,
875 855 915 916 de
938 852 1127 927 Ehdnmode,
1144 855 1184 915 de
1202 850 1243 914 B·
1283 926 1287 931 ⁵

129 957 290 1038 ccnpciio,
312 959 352 1019 de
373 955 535 1036 Naptttn,
556 975 594 1021 ac
615 959 655 1021 de
676 959 747 1021 aliis
760 958 860 1039 hujus
874 959 999 1035 generis
1015 957 1145 1029 inbutis,
1161 974 1242 1035 ques

128 1061 236 1140 iuquit
256 1059 446 1142 anonymus
468 1068 719 1124 commentatum
741 1079 810 1123 esse
832 1058 1025 1133 Basilidem,
1049 1059 1242 1120 mentionem

129 1161 346 1239 negtexernnt
367 1163 523 1238 praedicti
547 1161 658 1223 Patres
678 1163 772 1223 sicuti
794 1168 826 1221 et
847 1178 873 1222 s.
898 1158 1108 1239 Epiphanius,
1130 1177 1243 1237 quarn·

131 1265 177 1324 vis
198 1263 306 1324 serius
326 1263 366 1323 de
388 1263 498 1324 iisdem
521 1261 721 1324 disseruerit.
745 1260 1105 1340 Quapropter'videtur
1120 1279 1182 1322 uon
1196 1279 1245 1323 es·

121 1381 161 1425 se
182 1359 315 1424 Basilidi
337 1362 545 1425 adscribenda
570 1365 649 1424 haec
670 1364 838 1439 doctrine;
859 1362 914 1423 sed
938 1364 1044 1439 potius
1073 1361 1244 1423 Valentino

124 1468 161 1524 et
178 1465 384 1524 successivae
404 1464 519 1524 aetatis
541 1462 612 1523 aliis
632 1461 693 1524 suh
714 1463 877 1522 communi
910 1464 1121 1539 consocerum
1142 1464 1244 1523 nomi-

124 1580 166 1623 ne
188 1561 429 1639 comprehensis
449 1562 621 1623 haereticis
642 1562 735 1638 primi
752 1569 783 1622 et
796 1564 928 1623 secundi
946 1562 1084 1634 saeculi,
1100 1562 1244 1625 contusis

124 1662 291 1742 cujusque
312 1671 419 1724 sectae
441 1663 630 1740 errorihns3
651 1661 739 1739 quod
763 1664 902 1724 maxime
925 1663 1094 1746 anonymo
1116 1665 1244 1728 accidit.

211 1761 291 1823 item
312 1780 388 1824 cum
409 1762 544 1841 spondet
566 1764 755 1845 Anonymus
784 1780 938 1823 enarrare
963 1772 995 1824 et
1017 1763 1162 1825 refutare
1183 1766 1246 1826 siu·

127 1864 223 1942 gulas
246 1863 487 1925 haereticorum
509 1863 698 1940 opiniones,
714 1863 753 1925 de
769 1862 963 1924 basilidianis
978 1864 1108 1925 locutus
1123 1883 1181 1926 uec
1195 1883 1244 1926 re·

127 1964 214 2026 tutat
235 1980 296 2025 uec
318 1962 479 2025 haeretica
503 1965 640 2027 istorum
662 1963 812 2040 dogmata
843 1964 1000 2025 adversus
1035 1967 1247 2026 resurrectio·

123 2083 201 2130 uem
224 2073 328 2139 uetat,
350 2082 409 2125 nec
430 2073 563 2127 actuum
586 2065 802 2127 humanorum
824 2064 1083 2127 indifferentiam:
1107 2083 1163 2127 nee
1178 2086 1245 2127 ma·

126 2168 197 2246 gias
210 2175 242 2228 et
258 2166 490 2237 invocationes,
506 2166 625 2244 quihus
640 2171 794 2235 utuntur,
811 2172 899 2226 notet
910 2166 1005 2244 juxta
1025 2174 1171 2227 veterum
1188 2165 1247 2227 Pa·

128 2278 218 2330 trum
243 2267 472 2334 testimonium.
494 2264 731 2330 Tantummodo
753 2266 784 2326 iu
807 2266 913 2328 medio
928 2266 1131 2329 discussionis
1146 2285 1176 2328 u.
1194 2265 1245 2332 26.

119 2366 309 2431 secuudum
330 2368 476 2444 exposita
499 2367 539 2429 ab
560 2367 708 2441 irenaeo,
732 2367 914 2446 pericnpem
932 2369 1012 2430 hanc
1029 2368 1071 2430 ita
1088 2367 1245 2431 includit:

123 2489 144 2528 e
168 2465 282 2543 Quum
304 2468 404 2545 igitur
424 2469 530 2530 omnia
552 2469 587 2534 iu
607 2466 817 2530 ldehdnmede
838 2467 1018 2528 illuminata
1042 2467 1189 2543 luissent,
1212 2477 1246 2530 et

121 2570 313 2631 nuntiatum
328 2587 384 2630 eos
399 2569 510 2631 inisset
527 2565 739 2646 Evangelium
755 2569 937 2646 (creaturae
950 2567 1035 2630 enim
1047 2577 1122 2632 sant
1136 2588 1251 2633 secun*

117 2670 206 2732 cinna
225 2665 298 2747 ipso
318 2665 506 2741 inhrcciin,
526 2676 562 2730 nt
582 2666 638 2730 isti
654 2666 805 2730 henotici
818 2668 939 2744 docent,
952 2667 1137 2748 infinitceet
1153 2669 1249 2732 Prin·

117 2769 310 2850 ct'poit'tctcs
331 2778 360 2832 et
387 2767 521 2831 Virtutes
541 2777 570 2831 et
592 2768 774 2845 Potestutes,
796 2770 833 2831 de
852 2770 966 2848 quihus
986 2769 1190 2849 tnnpiesv'mns
1214 2770 1249 2834 d·

109 2871 195 2949 pad
213 2887 265 2931 cot
286 2878 315 2931 ct
335 2869 456 2932 multus
477 2877 522 2931 eat
551 2887 671 2943 sermo,
703 2868 740 2931 in
769 2890 831 2950 qno
861 2879 1014 2933 trecentos
1034 2881 1063 2933 ct
1083 2874 1250 2950 secnpintc

117 2971 272 3052 quinque
293 2960 392 3045 coetus
413 2989 477 3033 esse
497 2972 669 3050 affirment,
691 2979 719 3032 et
738 2989 889 3049 mcpnnm
910 2971 1043 3034 iitnrvm
1064 2970 1250 3051 Principem

12 3064 15 3069 ’
115 3071 294 3143 aoranae,
314 3069 400 3148 qnod
421 3086 534 3131 nomen
554 3066 643 3131 istud
657 3087 823 3131 nnmerum
838 3069 898 3134 365
914 3067 1083 3140 continent,
1100 3090 1137 3132 cc
1152 3070 1181 3132 si
1195 3090 1251 3133 no·

118 3169 229 3233 acinis
252 3187 400 3231 numerus
421 3168 594 3231 contineret
616 3168 740 3243 omniu,
759 3180 788 3230 et
804 3179 970 3248 propterea
989 3187 1098 3232 onnon
1122 3169 1249 3232 totidem

116 3271 236 3335 elichus
257 3275 440 3347 constaret)
462 3269 517 3331 sed
540 3288 642 3349 quum
665 3271 744 3331 haec
765 3269 885 3341 omnia,
901 3271 945 3330 eit
962 3266 1130 3342 Basilides,
1145 3270 1187 3330 ita
1204 3269 1250 3330 la·

118 3385 179 3439 cta
206 3370 364 3445 luissent,
394 3371 521 3435 scilicet
549 3371 745 3433 illuminatio
776 3367 993 3431 Hebdomadis
1024 3379 1057 3432 et
1082 3368 1250 3447 Evangelii

123 3469 366 3541 maniicstetio,
387 3488 516 3533 necesse
537 3479 609 3532 erat
632 3478 795 3549 postremo
818 3476 856 3532 ut
876 3470 1038 3533 deformes
1059 3479 1189 3532 nostrae
1203 3489 1252 3533 se·
1361 3540 1365 3546 ,

117 3574 187 3635 des
208 3570 477 3634 illuminarentur
497 3579 560 3633 etc.
583 3589 600 3626 n
624 3567 665 3633 Ut
684 3570 870 3632 luculenter
891 3579 1048 3649 apparet,
1077 3571 1172 3633 verbu
1195 3589 1251 3650 pa,

117 3671 274 3737 routhesi
297 3669 421 3731 inclusa
443 3687 502 3732 uec
524 3669 789 3749 praecedentibus
811 3687 868 3731 nec
896 3671 1104 3749 sequentihus
1134 3687 1251 3732 conve·

117 3772 248 3846 niuu13
271 3769 473 3848 proindeque
496 3770 649 3834 hectoris
671 3771 828 3833 inscitiam
843 3781 1005 3848 arguunt5
1028 3772 1083 3850 qui
1109 3769 1247 3832 tortasse

113 3873 270 3933 sentiens
291 3869 374 3933 hanc
395 3870 436 3933 de
464 3870 591 3935 haeresi
608 3868 753 3933 Basilidis
782 3872 1031 3950 descriptionem
1061 3871 1188 3932 variare
1209 3872 1250 3932 ah

124 3970 258 4034 lreuaei
272 3980 306 4033 et
320 3968 514 4034 Tertulliani
535 3971 800 4044 senteutia,haec
822 3973 952 4036 intrusit
974 3973 1070 4035 verba
1094 3983 1186 4035 extra
1205 3980 1251 4034 ta⁴

125 4085 207 4134 meu
228 4072 412 4152 argumenti
434 4072 592 4136 ordinem.

216 4170 418 4237 tenultatem
441 4190 542 4253 porro
563 4172 661 4237 efficit
681 4180 848 4254 stuporem
871 4174 901 4235 in
924 4175 983 4237 hac
1005 4178 1192 4254 quaestione
1209 4177 1252 4239 h-
