2886 4784
1120 330 1179 399 ltl

61 447 160 509 tliissc
184 446 267 506 inter
288 460 342 504 eos
363 449 476 509 sectas·
500 436 652 502 Ceterum
677 437 805 500 videtur
829 436 1016 517 Anonymns
1036 453 1121 512 quae
1140 441 1180 497 tle

54 548 191 628 judaeis
212 545 388 608 summarie
410 544 464 608 hle
485 551 588 622 nutat,
612 559 674 601 nun
696 557 713 599 a
737 537 955 602 Pentateucho
976 538 1030 598 sed
1045 557 1086 599 ex
1104 539 1180 598 isle·

53 669 141 717 -rum
163 647 304 712 Cabbsla
327 646 462 708 eruisse.

150 747 207 811 llis
221 748 415 827 praemissis,
434 745 545 807 transit
562 743 688 807 Auctor
703 744 800 804 trium
815 752 978 803 sectarum
993 741 1178 819 singillatim

63 862 278 914 scrutaturus
298 849 449 928 specialia
472 849 620 926 dogmata
631 865 642 923 3
665 862 703 908 ac
718 847 759 907 ita
776 845 814 907 de
830 845 894 906 illis
909 844 1070 922 loquitur,
1088 845 1181 922 quasi

68 967 147 1016 tunc
171 956 326 1032 vigerent,
349 969 423 1013 cum
448 959 552 1010 tamen
574 948 722 1010 scimusa
737 947 879 1009 secundo
893 946 1006 1008 seculo
1024 955 1094 1024 pust
1118 945 1184 1008 bel⁴

67 1056 139 1118 lum
159 1055 328 1135 judaicum
345 1052 410 1114 *sub
433 1052 601 1123 turrano,
625 1051 681 1112 has
712 1050 778 1112 iere
809 1050 990 1128 disperiisse
1012 1049 1054 1109 ob
1075 1057 1185 1111 scctse

65 1155 269 1236 pharisaicae
291 1153 555 1233 praevalentium,
580 1155 610 1210 in
632 1169 728 1231 quam
751 1159 879 1213 ceterae
896 1150 1075 1213 transfusae
1089 1159 1176 1219 sunt,

69 1269 103 1321 ct
125 1275 210 1340 quse
232 1256 401 1334 hucusque
430 1261 537 1316 manet
562 1251 623 1314 sub
651 1249 925 1315 Talmutlistarnm
955 1250 1062 1313 titulo.
1092 1248 1181 1311 llaec

73 1376 154 1420 vcro
175 1357 215 1417 tle
237 1355 300 1417 illis
321 1338 547 1417 sectisscribit
564 1351 750 1432 Anonymus
772 1372 812 1415 ex
837 1350 940 1414 Flavii
959 1351 1069 1432 judaei
1087 1347 1185 1410 Libro

72 1455 114 1518 ll.
143 1454 185 1516 De
205 1455 295 1518 Bello
310 1452 443 1535 judaico
465 1473 492 1515 c.
517 1450 587 1514 vlt.
612 1454 713 1531 (quin
737 1461 840 1514 tamen
865 1454 950 1513 bunc
980 1453 1055 1512 citet
1084 1451 1182 1512 bistu-

70 1555 200 1632 ricuml
224 1557 399 1618 universim
421 1555 571 1628 collecta,
596 1554 790 1634 quibusdam
812 1554 947 1626 omissis,
964 1553 1034 1612 aliis
1053 1555 1184 1614 mutatis

65 1658 165 1740 juxta
188 1658 287 1736 ipsius
309 1656 573 1719 cousuetudinem
588 1656 619 1716 iu
636 1666 781 1716 veterum
803 1655 934 1716 citandis
950 1654 1051 1715 libris.
1067 1651 1130 1714 Er.
1153 1671 1184 1730 g.

67 1756 184 1820 scribit
206 1752 360 1819 Flaviust
379 1777 395 1814 t
412 1746 496 1854 Πρὶν
514 1747 548 1823 δὲ
565 1755 623 1836 τῆς
638 1750 750 1834 κοινῆς
764 1749 910 1846 ἅψασθαι
926 1752 1056 1852 τροφῆς,
1073 1749 1189 1844 ὅρκους

65 1861 181 1944 ἀυτὸις
214 1853 332 1954 ὄμνυσι
368 1858 564 1961 φρικώδεις,
588 1857 709 1953 πρῶτον
733 1881 791 1950 μεν
814 1856 1000 1958 ἐυσεβήσειν
1024 1853 1061 1926 τὸ
1082 1857 1191 1940 Θὲιον,

62 1968 175 2039 ἔπειτα
197 1961 238 2037 τοὶ
259 1963 337 2061 πρὸς
360 1963 540 2069 ἀνθρώπους
563 1960 682 2035 δίκαια
710 1964 877 2058 φυλάξειν,
902 1959 960 2033 καὶ
990 1965 1075 2056 μήτε
1103 1959 1189 2033 κατοὶ

69 2073 207 2168 γνώμην
230 2072 375 2166 (iisqne
399 2066 495 2144 τενοὶ,,
507 2068 591 2164 μήτε
613 2068 646 2154 ἐξ
669 2069 895 2163 επιτώγμοιτος·
920 2067 1073 2161 μισήσειν
1093 2061 1130 2136 δέ
1142 2060 1192 2134 αἐὶ

68 2180 151 2261 τους
173 2175 318 2261 ἀδίκους,
340 2171 397 2248 καὶ
418 2175 685 2270 συναγωνιὲισθοιι
710 2177 778 2256 sits
794 2173 938 2254 δικάιοις
953 2172 993 2242 τώ
1007 2166 1120 2243 πιστὸν
1143 2169 1192 2242 σ’ώι

71 2281 221 2384 παρέξειν
244 2282 341 2355 πᾶσι,
366 2281 512 2375 testium
536 2275 569 2350 δι’
593 2282 661 2362 rim
684 2281 869 2383 κρατδνσιν.
892 2284 913 2343 i.
938 2301 966 2342 e.
995 2278 1189 2358 Priusquam

78 2410 160 2471 veru
180 2408 278 2469 quam
296 2391 447 2468 incipiant
468 2407 670 2451 communem
688 2390 808 2449 babere
828 2388 950 2458 cibum,
971 2387 1093 2462 tuaquis
1117 2403 1193 2445 este·

76 2491 280 2554 erationibus
301 2490 453 2570 adjurant
475 2508 509 2559 se
530 2492 672 2568 primum
693 2491 822 2569 quidem
839 2489 949 2550 colere
965 2484 1087 2549 Deum:
1105 2487 1194 2547 dein·

75 2611 154 2672 ceps
175 2608 307 2672 quoque
329 2606 405 2671 erga
430 2592 573 2653 homines
594 2609 726 2652 servare
745 2591 922 2671 justitiam,
941 2608 1045 2668 neque
1061 2591 1194 2667 propria

75 2700 194 2772 sponte
215 2711 333 2755 nocere
354 2695 507 2772 cuipiam,
531 2707 635 2770 neque
656 2710 698 2753 ex
719 2702 893 2772 praecepto
907 2691 1036 2754 obesse:
1056 2693 1194 2770 quinim-

80 2811 136 2856 mo
157 2793 284 2874 iniquus
303 2811 431 2872 semper
451 2792 555 2856 odisse
567 2812 578 2869 3
597 2803 629 2854 et
650 2793 801 2855 laborare
824 2812 884 2854 una
911 2812 1041 2871 semper
1052 2793 1195 2873 iustitiae

78 2893 296 2962 sectatoribus
326 2891 421 2954 fidem
450 2892 598 2955 omnibus
628 2911 789 2968 servare,
818 2893 957 2955 maxime
980 2910 1058 2954 vern
1080 2893 1196 2971 princi·

82 2993 188 3075 pibus.
212 3013 228 3050 ν
253 2990 294 3056 El
315 2993 394 3061 naec
416 3005 504 3056 nutat
526 2995 565 3056 de
586 2995 725 3057 esseniis.

161 3092 352 3179 Anunpmus
369 3114 446 3163 reru
462 3113 492 3156 n.
507 3091 558 3157 23.
575 3095 688 3156 eadem
703 3097 746 3156 ita
761 3103 892 3156 narrat:
912 3113 927 3150 n
944 3086 1029 3188 Πρὶν
1045 3089 1080 3161 δὲ
1095 3089 1202 3173 during

77 3192 284 3290 σννεστιαθή,
307 3190 415 3298 ὅρκοις
437 3197 582 3298 φρικτδις
606 3192 787 3296 ὂρκιζεται,
802 3195 925 3292 πρῶτον
941 3193 1000 3288 μὲν
1017 3193 1203 3288 ἐνσεβήσειν

78 3288 120 3370 sti
135 3298 244 3375 Θῖιον,
266 3295 372 3371 ἔπειτα
394 3294 436 3370 τὰ
457 3297 541 3405 πρὸς·
556 3300 737 3403 ἀνθρώπους
753 3298 872 3372 δίκαια
883 3299 1028 3392 φυλάξειν
1043 3295 1101 3370 καὶ
1117 3292 1203 3370 >turoi

83 3401 218 3497 μηδένα
240 3404 357 3506 τρόπον
380 3404 550 3488 ἀδικήσειν
571 3401 665 3491 τινα,
691 3405 818 3500 μηδένα
853 3400 887 3476 δι’
922 3407 1007 3499 μήτε
1028 3405 1207 3497 ,ἀδικῧνντα

80 3509 172 3602 μήτε
193 3503 311 3614 ἐχθρὸν
336 3509 502 3603 μισήσειν,
526 3514 758 3638 προσέυχεσθαι
783 3508 816 3582 δὲ
840 3506 915 3614 ὑπὲρ
936 3510 1049 3585 ἀυτῶν,
1064 3535 1207 3605 συναγω-

78 3613 232 3702 νίζεσθαι
257 3615 325 3699 τδις
347 3614 501 3698 δικάιοις,
521 3642 558 3686 το
573 3614 685 3689 πιστὸν
701 3619 778 3690 πᾶσι
796 3617 950 3720 παρέξειν,
968 3618 1114 3711 μάλιστα
1137 3619 1206 3698 ries

81 3720 272 3825 κρατδυσιν,
296 3720 380 3814 μηδὲ
403 3721 595 3803 ἀπειθήσειν.
620 3730 639 3787 i.
664 3747 691 3790 e.
722 3727 915 3805 Priusquam
947 3745 1023 3788 sero
1055 3743 1201 3787 commu·

86 3846 163 3891 nem
184 3829 293 3891 cibum
315 3832 477 3910 attingat,
499 3831 669 3893 horrendis
688 3828 880 3909 juramentis
901 3847 935 3891 sc
956 3847 990 3890 sc
1015 3827 1205 3903 adstringit:
1291 3822 1295 3835 “

87 3931 234 4009 primum
256 3929 401 4009 quidem,
424 3949 458 3993 se
481 3932 532 4011 pie
557 3931 729 3994 culturum
752 3929 870 4004 Deum,
893 3930 1006 3990 deinde
1023 3927 1078 4008 jus
1101 3941 1211 3988 servs·

88 4040 208 4094 turnus
229 4048 305 4094 uum
328 4033 537 4111 huminibus3
558 4051 662 4111 neque
685 4031 873 4095 ullomodo
902 4033 1068 4093 laesurum
1097 4044 1210 4108 quem·

87 4149 216 4212 quam,
243 4150 301 4196 uec
328 4135 403 4196 odio
432 4151 630 4214 quemquam
658 4143 934 4212 prosecuturum3
966 4151 1024 4209 nec
1056 4131 1213 4211 injustum

88 4251 155 4298 uec
175 4233 340 4301 iaieusuru
364 4235 490 4303 tirum:
513 4236 567 4300 sed
591 4253 650 4316 pro
671 4237 716 4300 cis
737 4253 850 4316 preces
871 4233 939 4298 ileo
960 4235 1161 4306 oblaturum,
1178 4236 1211 4292 et
