2886 4784
656 408 659 413 .
1249 352 1270 416 9

157 451 329 532 praecedat
354 470 453 532 prope
477 451 663 540 interpretis
694 469 817 513 morem
840 451 1004 517 iudiciuin
1026 449 1267 545 citandisSeri·

157 559 277 637 pteris.

242 656 410 734 Repugnat
433 663 541 718 antem
564 655 703 736 amplius
725 656 932 734 consequenti
955 657 1034 716 hacc
1049 654 1184 716 additio:
1200 670 1272 715 nam

156 753 315 836 Origenes
337 767 447 819 cumra
469 758 672 836 superiorem
695 757 925 818 discussionem
948 756 988 816 de
1009 755 1163 842 conjugio
1189 753 1273 814 inso-

157 859 258 922 luhiii
280 859 320 920 ah
341 876 381 921 ceo
401 870 562 930 exactam,
579 860 687 940 statim
705 858 968 920 adversariorum
982 858 1218 936 oppositionem
1232 854 1275 916 si·

159 961 269 1022 miietn
293 960 404 1021 retuiit
424 961 588 1021 scribens:
612 981 628 1018 u
653 958 774 1020 Forsan
798 959 906 1020 audax
931 958 1049 1037 aiiqnis
1071 966 1102 1019 et
1121 955 1273 1036 judaicus

160 1061 210 1121 rir
231 1060 403 1120 adversans
426 1059 589 1122 doctrinae
611 1060 811 1131 salvatoris,
835 1059 920 1120 dicct
951 1060 1102 1137 quoniam
1126 1065 1157 1118 et
1178 1055 1274 1118 iesus

157 1160 288 1222 dicens:
312 1159 499 1238 quicumque
520 1158 679 1222 dimiserit
699 1177 828 1222 umorem
848 1177 962 1232 suem,
983 1167 1110 1237 eccepto
1130 1154 1272 1236 [ornicu-

157 1256 254 1322 tionis
274 1276 385 1331 eausa,
407 1255 485 1337 (ecit
506 1278 573 1320 enm
592 1258 770 1321 moechari:
787 1278 803 1314 »
820 1257 913 1334 Quae
930 1257 1026 1320 verba
1041 1257 1174 1318 couinsa
1197 1272 1272 1317 cum

157 1359 252 1424 eiiis:
284 1359 353 1422 dico
373 1370 476 1422 cutem
498 1359 603 1435 coiis,
626 1360 782 1439 quonium
802 1357 991 1439 quicumque
1012 1354 1168 1419 dimiserit
1194 1375 1274 1418 uec·

157 1479 224 1522 rem
244 1479 335 1524 sunm
354 1458 419 1543 nisi
439 1461 475 1521 od
498 1480 632 1523 causum
646 1458 888 1541 fornicatiouis,
903 1468 931 1521 et
945 1456 1044 1521 ciiom
1056 1458 1182 1520 duxerit
1195 1477 1273 1518 arroe-

157 1561 286 1636 eimtur,
311 1561 466 1641 majorem
489 1561 709 1624 difficultatem
731 1561 913 1624 intulissent
929 1562 1095 1639 proposito
1114 1558 1275 1636 iuterpre-

166 1665 218 1735 tis‚
235 1680 273 1723 ao
295 1663 367 1723 idco
389 1681 447 1741 pro
464 1663 646 1725 disserentis
666 1682 764 1740 scopo
786 1670 818 1724 et
838 1663 994 1722 sermonis
1009 1662 1122 1721 ordine
1135 1660 1273 1738 jungen-

159 1763 199 1823 da
224 1762 330 1824 iurent
352 1774 383 1825 ct
404 1763 501 1824 simui
525 1763 680 1825 diluendo
704 1764 735 1823 in
758 1761 907 1824 omnibns
921 1762 986 1823 snis
1005 1761 1160 1837 partihus.
1177 1757 1273 1834 Quod

162 1873 270 1924 iernen
292 1851 349 1925 uec
371 1870 462 1950 unica
485 1882 542 1924 occ
566 1873 674 1941 postea
699 1863 848 1940 explevit
866 1859 1034 1938 Origenes.-
1061 1858 1181 1920 Verum
1205 1869 1272 1920 tan·

161 1963 329 2025 tummodo
346 1964 389 2024 'ati
412 1963 552 2025 aiterum
578 1965 722 2026 incubuit
746 1963 987 2024 testimonium:
1010 1957 1199 2036 quicumque
1226 1956 1275 2020 di·

158 2059 284 2125 miserit
303 2082 433 2125 ucoretn
453 2083 544 2126 suurn
565 2075 691 2144 eccepto
709 2059 938 2143 fornicationis
960 2079 1077 2134 ceusu,
1099 2059 1178 2139 (ocu
1207 2079 1276 2124 eum

158 2161 319 2225 moechari
328 2207 338 2239 ,
359 2182 454 2242 saepe
477 2167 650 2244 repetitum
672 2165 793 2227 eisdem
818 2163 944 2234 verbis,
974 2164 1157 2241 eodemque
1177 2180 1274 2224 seusu

160 2265 320 2328 adversus
342 2266 529 2328 hodiernam
552 2284 700 2345 graecam
723 2276 757 2328 et
779 2266 908 2327 iatinam
931 2265 1098 2325 iectionem
1114 2270 1146 2324 et
1161 2261 1277 2325 adter-

159 2383 217 2426 sus
239 2365 320 2428 itanc
341 2367 534 2429 additionem
558 2369 714 2429 intrusam
730 2367 760 2428 in
777 2373 917 2428 veterem
935 2367 1065 2427 latinam
1080 2364 1168 2426 iliius
1183 2381 1271 2426 cout-

160 2466 397 2529 suentisiorum
420 2465 732 2546 interpretationem.
1270 2530 1272 2536 .

247 2567 397 2630 Attamen
415 2567 567 2632 Erasmus
590 2569 815 2632 roterodamus
833 2571 862 2630 iu
878 2570 1016 2632 editione
1034 2566 1180 2646 Operum
1200 2566 1275 2631 ou·

160 2668 251 2746 genis
275 2670 375 2746 probe
398 2671 534 2731 sentiens
556 2669 700 2747 praciata
726 2671 844 2732 verba:
868 2670 938 2731 dieo
959 2679 1062 2733 eutem
1082 2667 1188 2739 codis,
1211 2677 1273 2731 cte.

161 2771 276 2848 (qnae
296 2769 402 2831 addita
424 2771 558 2851 probavi
579 2771 619 2832 ah
641 2773 824 2838 amanuensi
847 2775 878 2834 iu
902 2771 963 2832 hnc
985 2771 1180 2850 paragraphi
1197 2768 1273 2844 23.)

160 2887 227 2932 non
249 2873 422 2934 convenire
443 2873 583 2934 sermoni
609 2872 837 2951 praecedenti,
868 2873 1039 2934 terminum
1070 2871 1275 2934 discussionis

159 2963 316 3050 Originis
337 2973 519 3050 obsignarit
539 2981 608 3052 post
631 2973 853 3036 locutionem:
875 2991 954 3053 quoe
975 2973 1013 3033 ad
1033 2969 1127 3032 initio
1146 2972 1277 3050 suerunt

160 3069 298 3150 scripto:
316 3080 349 3134 et
370 3073 398 3132 id
418 3071 494 3151 jure
517 3073 665 3153 periccit,
683 3073 783 3134 veluti
805 3074 1079 3150 praenotavimus.
1104 3071 1275 3134 Nihiiomi·

162 3189 225 3234 rins
246 3189 283 3232 ea
306 3174 442 3249 genuina
464 3184 641 3252 reputans,
667 3173 832 3235 transtulit
853 3172 891 3233 ad
914 3181 1099 3251 sequentem
1123 3189 1276 3251 paragra-

160 3274 264 3352 phum
284 3270 335 3338 ni.
357 3275 402 3336 iia
417 3293 426 3336 t
444 3294 461 3334 n
479 3271 557 3336 Dico
571 3283 674 3337 cutem
695 3273 792 3346 ociis,
806 3273 959 3353 quonium
979 3272 1166 3354 quicumque
1181 3272 1273 3338 dimi·

158 3372 239 3435 serit
260 3392 391 3435 urrerem
411 3393 523 3446 suam,
544 3373 611 3436 uisi
631 3375 667 3436 od
695 3393 829 3436 causum
859 3373 1102 3454 surreicctionis‚
1127 3384 1153 3436 et
1174 3373 1273 3438 utinm

159 3473 317 3548 duxerit,
336 3476 529 3537 ntoechctur.
555 3475 703 3538 Forsitan
725 3479 833 3539 audax
864 3478 981 3555 uliquis
1003 3486 1034 3538 et
1052 3476 1202 3556 judaicus
1225 3480 1274 3539 vir

159 3574 337 3636 adversans
359 3578 525 3638 doctrinae
539 3574 718 3638 salvatoris
736 3578 849 3651 nostri,
867 3579 951 3640 dicct
965 3581 1117 3657 qnoniam
1132 3588 1165 3639 et
1179 3575 1275 3641 iesus

159 3676 290 3736 dicens:
312 3674 503 3754 quicumque
524 3673 683 3739 dimiserit
702 3692 833 3740 ueterem
853 3698 966 3754 sunm,
989 3690 1115 3759 exceptu
1134 3677 1274 3761 [ornicu-
1331 3670 1332 3673 ¹

158 3772 259 3836 tionis
280 3793 389 3848 cause,
411 3776 577 3853 faciteam
599 3775 765 3853 moechari,
788 3780 931 3856 permisit
952 3798 1089 3843 uxorem
1112 3779 1273 3842 dimittere

159 3874 434 3953 quemadmodum
458 3875 585 3956 Moyses
607 3888 667 3942 etc.
692 3898 709 3936 u

168 4010 172 4024 ι
244 3973 365 4039 ilerum
388 3979 417 4038 iu
440 3979 500 4040 hae
522 3979 691 4061 hypothesi
714 3983 812 4060 magis
827 3991 960 4047 erratet
976 3985 1185 4048 cotriuoditnr
1201 4004 1272 4048 scu·

148 4071 216 4137 'sos
239 4073 437 4155 interpretis.
462 4076 535 4141 Non
566 4084 648 4143 cuitu
680 4085 820 4162 suscepit
851 4083 1005 4165 Origenes
1037 4086 1273 4150 discutiendum

157 4175 242 4238 iilud
266 4179 406 4257 primnm
430 4181 664 4259 testimoninm,
687 4185 743 4248 sed
772 4175 962 4250 seeundum.
987 4185 1122 4268 insuper
1143 4202 1202 4252 uec
1223 4190 1271 4251 lo·
