2886 4784
247 354 308 431 tto

244 463 342 540 Nam,
364 465 393 528 si
415 474 442 524 te
465 462 562 526 Dium
584 459 732 524 cottiisset
742 465 858 543 facere,
872 460 1043 543 potuisset;
1057 467 1234 546 exemplum
1250 462 1301 528 rei
1314 464 1372 530 ba·
1421 525 1423 529 ,

218 577 225 589 ”
244 570 293 632 bes
323 565 459 629 Verbum.
476 563 535 627 Sed
555 564 709 627 bominem
724 569 843 637 conus,
858 567 1010 628 bominem
1023 577 1049 629 te
1062 569 1147 648 fecit.
1164 567 1199 631 st
1214 567 1266 630 cis
1282 568 1371 631 mur

245 669 327 750 fieri,
353 667 496 733 Creatori
517 666 602 730 obedi
623 689 719 748 neque
739 670 905 730 adversare
925 689 1025 744 nune,
1046 681 1082 732 ut
1099 671 1135 733 in
1149 669 1296 733 minimis
1318 671 1369 733 in·

245 784 338 836 cento
358 771 445 854 fideti
464 770 522 833 tibi
543 790 660 859 maan-o
681 769 825 833 concredi
836 772 970 850 possint.
987 770 1047 834 Dei
1070 770 1195 850 Verbum
1209 773 1315 834 sotum
1329 790 1370 833 ea

246 875 331 948 Deo;
353 874 482 954 ideoque
505 874 588 936 Deus
610 885 674 947 cst,
698 891 796 952 quum
827 872 869 934 sit
898 872 1074 935 substantio
1098 874 1162 936 Dei.
1187 871 1242 936 Ea
1262 873 1369 937 nibita

246 987 350 1040 autem
371 979 529 1046 mundus,·
551 972 682 1052 ideoque
705 974 786 1036 Heus
807 992 870 1037 uon
892 988 947 1049 est,
969 985 996 1037 et
1017 973 1218 1050 dissolvitur,
1235 975 1366 1054 jubente

249 1076 405 1141 Crantore.

329 1178 460 1242 Creator
481 1188 583 1240 autem
607 1176 688 1238 Deus
709 1178 827 1239 motum
849 1195 912 1238 reon
933 1179 1026 1260 [eeitt
1047 1181 1131 1259 quod
1150 1177 1232 1258 facit
1249 1176 1364 1239 bonum

246 1292 309 1355 est;
331 1283 388 1362 qui
408 1281 488 1363 facit
510 1278 592 1341 enim
614 1280 679 1357 ipse
700 1279 810 1342 boreus.
834 1278 936 1342 Homo
949 1283 1085 1363 aerequi
1097 1283 1204 1358 sactus
1218 1291 1278 1352 est,
1292 1280 1365 1344 ani·

244 1384 311 1446 mai
331 1383 383 1445 sui
398 1379 487 1464 juris
509 1393 591 1456 erat,
611 1401 675 1444 non
697 1380 901 1460 imperantem
919 1394 1053 1445 mentem
1069 1382 1199 1456 babens,
1213 1383 1365 1462 neeoopi·

245 1483 378 1557 tatione,
402 1503 458 1544 nec
480 1483 680 1552 auctoritate,
703 1501 758 1544 nec
770 1481 803 1543 oi
815 1494 935 1545 caetera
948 1482 1154 1559 dominatum,
1173 1485 1227 1545 sed
1241 1502 1365 1546 surum

245 1601 274 1650 et
294 1586 402 1658 omnia
426 1583 591 1649 contraria
611 1584 737 1655 babens,
760 1584 815 1664 qui
835 1603 931 1665 quum
946 1585 1094 1666 suijuris
1108 1598 1197 1659 esset,
1213 1584 1296 1648 mati
1307 1605 1363 1647 au·

245 1699 314 1753 ctcr
332 1688 422 1769 suits
439 1690 533 1768 quod,
557 1705 654 1767 quum
676 1707 753 1748 ausu
773 1696 899 1748 tantum
914 1687 1083 1769 efficiatur,
1100 1688 1228 1750 nubium
1242 1687 1285 1750 sit
1299 1686 1364 1750 uisi

242 1808 303 1871 pcr
323 1800 350 1851 te
370 1791 440 1870 fiat.
464 1786 500 1852 Si
519 1789 600 1868 auid
621 1788 704 1849 enim
725 1788 804 1850 unali
825 1787 916 1867 cupis
929 1800 985 1851 aut
999 1787 1178 1863 meditaris,
1192 1789 1230 1850 id
1245 1791 1363 1852 malum

245 1894 437 1973 appellatur.
463 1891 587 1955 Motum
609 1901 735 1952 nonest
759 1890 801 1953 ‘ab
830 1890 949 1964 initio,
970 1893 1023 1954 sed
1042 1893 1090 1972 fit.
1112 1890 1249 1954 Homini
1269 1891 1363 1954 bibero

247 1995 300 2067 bec
320 2015 340 2088 a
364 1993 425 2055 Deo
446 1991 578 2074 definito
600 2003 656 2063 est,
678 2012 742 2054 nou
762 1994 899 2072 frustra.
922 1984 1032 2066 Nau,
1055 1992 1084 2055 si
1103 1993 1249 2076 nequiret
1272 1994 1362 2055 bomo

245 2097 323 2158 oetbe
343 2106 400 2157 aut
421 2113 486 2156 nore
508 2096 611 2164 cette,
635 2111 694 2155 cur
715 2096 767 2155 tea
787 2090 1002 2175 definiretur?
1025 2093 1093 2158 Non
1114 2094 1198 2156 enim
1220 2096 1273 2156 tea
1293 2094 1362 2157 ani·

241 2195 324 2269 mati
345 2195 484 2259 rationis
505 2193 626 2273 experti
646 2186 867 2271 constituitur,
889 2199 944 2258 sed
955 2197 1085 2276 [renum
1097 2208 1125 2256 et
1139 2197 1299 2274 stuprum
1316 2205 1364 2258 ast

245 2291 368 2362 bomini
388 2299 573 2360 retaetdatum
594 2308 621 2358 et
643 2299 763 2360 inuicta
785 2299 1012 2373 decernuntur,
1029 2309 1066 2360 ut
1079 2297 1182 2378 faciat
1196 2308 1256 2360 aut
1269 2297 1363 2360 absti-

245 2411 338 2473 neat;
360 2419 439 2482 quae
460 2402 513 2465 tea
534 2399 755 2467 uetustissimis
776 2399 965 2479 temporibus
984 2399 1013 2462 ei
1032 2397 1163 2479 definito
1178 2400 1224 2461 est'
1237 2398 1364 2479 aiustis

242 2502 433 2583 quibusdam
455 2501 547 2564 ciris.
570 2500 678 2564 AEtate
699 2500 804 2563 minus
825 2523 845 2562 a
867 2501 953 2563 nobis
974 2512 1113 2572 remota,
1135 2521 1156 2562 a
1177 2502 1363 2580 supradicto

242 2603 365 2682 Mopse,
388 2605 459 2665 ciro
478 2602 531 2681 pio
552 2615 580 2664 ct
600 2602 752 2682 relipiani
772 2601 1015 2677 addictissimo,
1037 2605 1088 2663 lea
1108 2602 1286 2664 constituta
1318 2614 1361 2664 est

243 2704 401 2788 arduitate
422 2717 450 2765 et
465 2705 597 2785 justitia
617 2708 743 2785 referta.
766 2704 852 2769 Haec
874 2703 982 2766 omnia
1011 2704 1094 2783 repit
1121 2702 1251 2766 Verbum
1282 2703 1363 2764 dioi-

247 2828 326 2871 num
340 2851 357 2880 ,.
371 2805 460 2888 fitius
483 2805 592 2870 Patris
610 2805 858 2887 primopenitus,
880 2818 953 2867 onte
974 2806 1143 2884 luciferum
1172 2824 1238 2866 coac
1264 2808 1365 2868 lucem

241 2911 369 2988 serenas
384 2907 500 2969 Dcirtde
521 2907 591 2970 nati
610 2907 676 2969 ciri
691 2908 787 2987 justi,
803 2917 831 2968 et
853 2907 915 2969 Deo
928 2906 1026 2985 prati,
1040 2909 1095 2987 qui
1109 2906 1279 2986 propbetas
1293 2905 1363 2969 ideo

243 3006 349 3070 vocati
369 3020 444 3069 sunt
464 3009 549 3088 quod
569 3026 618 3069 res
637 3008 771 3087 futuras
787 3007 1024 3086 praedicerent;
1046 3008 1158 3088 quibus
1179 3026 1247 3068 non
1267 3009 1365 3073 unius

243 3109 358 3185 aetatis
380 3130 487 3173 rerum
507 3108 657 3172 renotatio
678 3108 781 3190 doleat,
803 3111 855 3171 sed
865 3108 1106 3189 praedictorum
1120 3128 1179 3188 per
1192 3128 1302 3172 omnes
1315 3128 1364 3191 pe-

242 3213 422 3275 nerationes
442 3231 548 3274 rerum
563 3210 656 3274 series
671 3209 838 3289 manifesta
852 3211 1073 3272 ostendebatur
1085 3230 1186 3292 neque
1199 3221 1279 3274 tunc
1293 3225 1365 3275 tem·

193 3359 200 3374 .
230 3314 332 3394 ‘poris
353 3325 501 3389 tantum,
524 3332 620 3394 quum
643 3312 829 3390 aequalibus.
850 3331 1001 3390 responsa
1022 3313 1136 3388 darent
1148 3357 1159 3387 ,
1179 3316 1235 3375 sed
1265 3334 1363 3396 quum

238 3435 298 3498 per
318 3435 423 3477 omnes
444 3415 662 3494 numerationes
681 3417 795 3495 [utura
814 3414 1053 3493 praedicerent,
1086 3415 1164 3495 quia
1191 3419 1368 3494 praeterita

240 3529 425 3590 narrantes,
447 3518 609 3579 bominum
631 3515 757 3576 animos
776 3518 818 3578 ad
838 3536 944 3578 rerum
957 3517 1137 3578 memoriam
1153 3520 1366 3594 rooocabant,·

236 3617 420 3698 praesentia
442 3634 516 3677 vero
538 3617 744 3688 ostendentes,
767 3633 805 3675 nc
824 3615 956 3693 sepniter
969 3627 1096 3694 opereat
1108 3619 1368 3695 persuadebam

235 3719 455 3798 praedictione
478 3727 580 3777 autem
601 3718 786 3793 futurorum
808 3718 952 3796 sinputos
974 3729 1118 3778 nostrum
1139 3716 1363 3797 respicientes,

241 3838 292 3881 res
313 3840 333 3881 a
354 3821 446 3896 ionpo
468 3829 599 3896 ternpore
617 3817 866 3896 praenuntiatas
883 3830 998 3879 terrore
1014 3818 1185 3879 turbabant
1198 3833 1372 3900 expectau-

241 3933 287 3984 tes
308 3920 403 3983 etiam
424 3921 552 4000 [utura.
980 3930 984 3936 ⁴

325 4019 478 4090 Tatisest
499 4021 587 4081 cuttu
607 4020 693 4096 apud
715 4037 772 4079 nos
796 4022 896 4098 fides,
919 4018 1101 4080 ounioersi
1123 4019 1288 4095 bomines,·
1312 4043 1370 4086 use

239 4121 392 4184 inanibus
412 4121 513 4184 uerbis
534 4118 691 4200 persuasi·
711 4141 846 4194 sumus,
876 4140 929 4182 nea
957 4119 1068 4181 subitis
1101 4120 1204 4183 animi
1229 4123 1368 4189 mortam

241 4220 433 4303 abripimur,
448 4243 503 4293 uec
519 4224 668 4286 suasoria
680 4221 836 4303 facundia
855 4223 1045 4301 decipimur,
1060 4224 1113 4286 sed
1127 4225 1286 4304 expressis
1301 4231 1370 4294 oir-
