2872 4784
1138 335 1199 412 tut

86 449 168 530 tem,
184 467 260 516 cuut
283 466 393 514 omnes
416 449 467 526 tin
489 447 608 531 quibus
629 453 771 532 praestat
791 448 816 514 s.
842 437 1020 532 Gregorius
1042 446 1201 530 blagnust

88 556 217 618 nemine
238 561 400 633 excepto,
424 559 492 615 tum
516 552 627 615 coaeri
650 570 724 615 cum
758 551 940 616 immediate
973 570 1199 624 successores,

88 654 263 719 iustiniani
286 651 380 716 fidem
403 652 595 716 catholicam
613 652 820 725 celebrarint,
838 653 931 733 enjus
944 653 1067 732 jugiter
1080 668 1201 731 propu-

83 765 202 834 gnator
221 755 329 819 exttttr
349 762 382 816 et
404 763 611 834 propagator.
631 751 745 817 Nescio
762 772 863 834 quare
881 755 976 817 iidem
999 753 1081 816 illud
1105 753 1202 818 lucu·

84 857 212 922 lentum
226 858 441 937 transegerint
463 857 680 919 testimonium
703 855 806 919 eidem
824 855 986 918 redditum
1002 855 1042 916 ab
1060 855 1202 934 Agatho·

83 977 125 1023 ue
152 959 182 1021 in
210 958 347 1038 epistola
373 957 398 1021 l.
419 957 457 1020 ad
489 956 702 1034 imperatores
730 952 922 1019 Heraclium
954 962 987 1019 et
1015 953 1199 1020 'liberiums

83 1058 144 1122 ubi
164 1058 332 1122 manifeste
351 1056 523 1139 loquitnrr
547 1075 564 1115 er
589 1052 631 1116 Et
650 1073 729 1135 prae
755 1054 898 1116 omnibus
918 1055 1092 1118 aemulator
1110 1073 1202 1120 uerae

84 1156 326 1240 etapostoiicae
346 1155 421 1238 fidei
437 1153 510 1238 piae
530 1153 698 1219 memoriae
716 1152 922 1218 lastinianus
943 1164 1120 1236 augustus,
1147 1177 1202 1220 au·

78 1261 139 1343 jus
158 1258 233 1342 fidei
252 1259 421 1332 rectitudo,
436 1267 591 1340 quantum
610 1275 669 1337 pro
690 1255 816 1320 siucero
838 1255 1030 1336 consessione
1051 1255 1113 1320 Deo
1130 1260 1202 1339 pia·

82 1359 164 1434 cuit,
186 1369 313 1423 tontum
333 1356 558 1439 rempublicam
583 1356 794 1422 christianam
823 1356 1054 1439 magnificavit.
1077 1356 1119 1421 Et
1139 1358 1202 1422 uti·

82 1480 148 1542 que
166 1462 205 1524 ab
225 1457 370 1523 omnibus
389 1457 533 1539 pentibus
559 1456 625 1539 ejus
647 1455 798 1538 religioso
825 1455 976 1521 memoria
1006 1453 1203 1524 ueneratione

84 1563 188 1643 digna
207 1569 371 1624 censetur:
393 1560 486 1641 eujus
509 1559 585 1635 fidei
611 1559 765 1622 rectitudo
792 1577 852 1640 per
881 1556 1108 1640 augustissimo
1137 1561 1204 1643 ejus

84 1662 190 1727 edicta
209 1662 246 1726 iu
267 1670 330 1726 toto
350 1659 421 1723 orbe
442 1660 559 1743 diffusa
581 1662 739 1724 laudetur
760 1667 821 1724 etc.
839 1680 855 1716 u
872 1659 951 1724 ltem
968 1662 1071 1741 inquit
1087 1662 1118 1725 in
1140 1664 1204 1728 alia

89 1764 228 1845 epistola
262 1763 442 1842 subscripta
465 1759 577 1829 2125.
600 1764 781 1841 episcopis,
814 1764 845 1824 in
878 1780 941 1840 qua
976 1763 1205 1842 Constantino,

83 1866 271 1930 Theodosio
292 1872 325 1928 et
345 1862 513 1928 Marciano
534 1881 725 1942 comparans
740 1861 975 1938 lucinianum,
992 1865 1205 1943 praestantis·

83 1968 203 2030 simum
224 1967 311 2030 hunc
334 1973 449 2028 vocata
473 1963 565 2046 eujus
588 1972 624 2026 ut
645 1962 771 2037 uirtus,
793 1963 840 2025 ita
864 1973 893 2025 et
907 1962 1008 2043 pietas
1029 1967 1137 2028 omnia
1167 1967 1205 2030 in

88 2068 251 2132 meliorem
271 2067 414 2131 ordinem
435 2063 642 2129 instaurarit.
661 2064 701 2129 Et
718 2085 791 2130 cum
808 2067 865 2128 istc
882 2065 966 2143 Papa
989 2066 1032 2129 ita
1055 2066 1204 2146 loquitur

89 2172 135 2232 de
154 2167 338 2242 lastiniaoo
364 2175 436 2248 post
457 2177 610 2240 mortem,
631 2167 717 2231 alter
732 2165 868 2247 Vigilius
890 2168 975 2229 circa
998 2185 1049 2230 aa.
1070 2163 1140 2237 540.
1163 2169 1204 2234 de

88 2275 162 2353 ipso
178 2273 251 2334 siro
266 2270 390 2353 ajebat:
408 2289 425 2329 s
440 2267 563 2333 Lumen
578 2269 785 2349 evangelicae
802 2270 945 2332 veritatis
960 2270 1116 2333 insertum
1129 2289 1203 2335 cor·

83 2374 120 2435 di
135 2379 244 2435 restro
265 2390 323 2453 per
338 2370 395 2434 Dei
418 2371 566 2451 gratiam,
582 2371 760 2434 universali
785 2370 967 2450 resplendet
984 2370 1159 2436 Ecclesiae.
1178 2392 1195 2432 n

84 2470 151 2536 seo
174 2471 284 2534 dabis
302 2470 417 2535 confer
437 2467 575 2533 Tamum
596 2467 651 2532 tv.
673 2489 721 2533 cc.
745 2469 847 2534 XXV.
870 2465 986 2533 XXVl.

167 2568 281 2636 Nonne
298 2571 376 2654 jure
396 2578 502 2651 petam
527 2580 574 2645 ut,
594 2572 635 2633 ob
659 2570 739 2634 talso
754 2575 782 2635 ei
805 2573 988 2652 inscriptam
1005 2572 1204 2657 incorrupti-

88 2669 202 2735 biiiurn
219 2672 390 2750 haeresim,
405 2673 554 2736 deleatur
576 2674 629 2735 illa
640 2674 853 2752 *ignominiosa
875 2684 948 2739 nota
964 2674 1005 2738 ab
1019 2677 1151 2758 ignobili
1171 2691 1204 2748 et

90 2777 270 2856 temerario
291 2776 418 2839 calamo
438 2775 570 2849 dictata,
592 2793 654 2853 qua
679 2776 798 2837 dicitur
818 2774 1018 2841 lastinianus
1040 2780 1069 2840 in
1093 2781 1205 2848 baere-

81 2875 114 2938 si
136 2874 323 2952 defunctus,
338 2894 442 2956 usqua
462 2876 501 2937 ad
526 2875 645 2939 interos
658 2874 882 2940 descendisse?
899 2875 932 2938 ld
949 2878 1033 2941 enim
1048 2884 1204 2948 omnimo·

86 2976 129 3039 de
152 2978 344 3041 contradicit
362 2963 413 3041 ¹t'ot
437 2973 629 3050 Pontificum
651 2977 796 3052 genuinis
822 2978 1023 3044 documentis
1043 2982 1084 3046 do
1104 2985 1203 3068 hujus

86 3077 246 3158 Principis
267 3079 359 3143 obitu
381 3080 412 3141 in
434 3078 577 3143 Ecclesia
601 3077 779 3143 Catholica.
802 3078 871 3144 Nec
900 3090 948 3145 est
968 3083 1101 3163 insuper
1124 3088 1203 3165 tole·

88 3177 230 3241 randum
252 3187 289 3243 ut
311 3181 440 3242 dicatur
460 3197 534 3243 cum
558 3179 712 3259 praetatis
740 3182 977 3262 scriptoribus,
1000 3183 1119 3249 Christi
1141 3186 1203 3252 Ec·

86 3277 221 3340 alesiam
242 3275 496 3354 sublustiuiaui
520 3280 656 3359 imperio
680 3280 777 3343 luisse
800 3282 985 3346 haeresibus
1005 3284 1199 3364 laceratam,

85 3377 235 3460 ejusdem
257 3378 412 3441 unitatem
435 3378 642 3455 dissolutam,
666 3381 869 3445 orthodoxos
893 3393 1048 3459 vexatos,
1073 3386 1201 3451 Pontib-

83 3490 197 3543 aatum
218 3487 251 3542 et
272 3477 502 3559 Episcopatum
526 3480 769 3544 inservituram
792 3483 955 3548 reductos.
989 3482 1051 3550 Vix
1077 3490 1201 3554 euime

88 3598 246 3645 conuerso
273 3593 344 3660 post
365 3579 607 3644 Constantinum
629 3581 730 3644 altera
753 3595 840 3646 aetas
863 3586 937 3648 huic
959 3585 1129 3653 iustiniani
1150 3609 1200 3655 as·

84 3682 222 3748 similari
252 3689 379 3760 potesta
404 3682 498 3763 eujus
522 3685 683 3747 sincerum
713 3685 743 3744 in
769 3683 993 3751 Pontificatum
1017 3689 1198 3757 Romanum

82 3784 291 3863 obsequium,
309 3799 370 3862 pro
386 3781 447 3843 lida
461 3782 619 3847 catholica
637 3782 739 3858 zelus,
759 3803 819 3865 pro
835 3785 997 3852 Ecclesiae
1012 3790 1200 3859 dilatatione

85 3895 119 3952 et
140 3880 315 3948 concordia
347 3884 512 3956 studium,
545 3884 576 3945 iu
607 3883 813 3965 protligaudis
845 3888 1014 3955 haereticis
1047 3896 1199 3963 alacritas

88 3994 252 4068 perpetuo
273 3987 461 4047 enituerunt
474 4005 484 4061 3
504 3985 588 4048 adeo
612 3995 647 4048 ut
668 3987 841 4066 haereses,
864 3995 922 4054 nisi
943 3996 1104 4060 extinctae
1131 4000 1199 4063 lue·

81 4091 161 4159 rint,
179 4088 209 4149 in
230 4087 423 4150 absconditis
444 4087 650 4150 solummodo
675 4091 832 4168 vigerent,
853 4112 910 4156 trec
932 4107 1029 4175 caput
1051 4100 1113 4162 illis
1135 4104 1197 4163 eri-

83 4206 164 4268 gere
185 4187 298 4252 liceret
306 4204 319 4266 ς
341 4203 380 4249 ac
400 4186 540 4266 amplius
562 4185 680 4250 Christi
704 4187 847 4252 Ecclesia
880 4195 1009 4272 gestiret
1030 4200 1072 4261 ob
1093 4203 1198 4267 oricu-

87 4289 162 4353 talia
184 4286 395 4369 Episcopatus
418 4290 568 4353 unionem
589 4307 664 4352 cum
687 4291 886 4356 occidentali.
1085 4287 1088 4293 ’
