2886 4784
242 407 273 472 S.
291 404 491 485 Augustinus
512 407 544 467 lu
566 401 665 468 Libro
689 408 799 467 contra
821 403 1030 469 Adimantum
1050 389 1265 466 manichaeum

164 526 195 569 n.
219 505 249 573 1.
272 506 305 572 2·
330 509 576 586 pharisaeorum
606 508 827 585 quaestionem
849 524 922 570 cum
944 505 1023 569 lesu
1055 506 1095 569 de
1126 507 1268 586 conjugia

162 609 239 671 citat
260 627 302 670 ex
323 627 353 669 c.
376 604 462 670 xix.
488 606 658 680 Matthaei,
685 607 920 669 versiculorum
950 608 1067 668 seriem
1091 609 1139 668 ita
1161 609 1270 669 deseri·

163 709 261 771 bens:
283 726 348 771 aon
368 705 513 788 lecistis,
533 705 686 789 quonium
706 713 762 788 qui
781 707 856 786 p'ecit
875 707 914 769 oh
935 705 1030 769 initio
1051 708 1227 770 musculum
1246 717 1272 769 et

159 808 330 891 [nemiuem
351 809 427 890 seuit
447 827 497 871 eos
520 851 529 870 .
552 854 560 872 .
585 854 592 869 .
617 808 735 870 Discat
757 808 833 870 illi:
854 808 934 890 quid
954 828 1026 888 erpo
1047 808 1172 888 Moyses
1190 826 1272 872 mon·

160 911 248 975 dooit
268 909 341 974 duri
360 910 502 974 libellum
531 911 661 991 repudii
681 922 710 975 et
730 907 915 975 dimittere?
947 911 1033 975 llicit
1062 911 1134 975 illia
1164 910 1272 986 lesus,

159 1011 237 1094 quio
257 1014 300 1074 od
319 1010 470 1075 duritiem
489 1012 595 1075 cordis
615 1013 713 1075 vestri
729 1011 875 1094 permisit
894 1012 980 1075 uobis
1001 1013 1128 1093 trapam
1142 1015 1271 1077 dimitte·

157 1133 191 1177 re
211 1133 328 1178 ucores
347 1126 486 1179 cestros:
507 1110 546 1178 oh
566 1114 661 1178 icitia
680 1125 786 1176 nutem
807 1133 870 1176 aoa
889 1114 956 1194 suit
974 1115 1031 1177 sic.
1066 1112 1146 1177 Dico
1174 1124 1271 1178 autem

158 1214 267 1280 uobis:
291 1216 482 1296 quicumque
513 1215 670 1279 dimiserit
700 1234 829 1278 umorem
859 1235 951 1278 suom
982 1215 1048 1278 uisi
1080 1217 1120 1278 ob
1149 1235 1272 1279 courum

158 1317 396 1399 fornicatiouis,
411 1316 492 1400 socii
511 1338 580 1381 eum
600 1316 768 1382 moechari.
790 1316 828 1379 Et
848 1315 913 1396 ipse
927 1316 957 1379 si
977 1318 1116 1380 alterum
1136 1319 1271 1391 duxerit,

67 1404 72 1427 '
160 1421 355 1484 adulterium
376 1420 549 1485 committit.
585 1419 657 1484 Non
689 1416 864 1498 ambigitur
884 1436 963 1498 ergo
984 1423 1062 1498 quin
1087 1421 1142 1483 bic
1161 1440 1187 1483 s.
1211 1423 1271 1485 An·

160 1525 306 1601 rustinus
328 1523 482 1584 excludat
505 1518 662 1599 vulgatae
684 1521 871 1582 recentioris
892 1503 1074 1583 lectionem,

219 1608 390 1691 ¹Si'mttites
410 1621 445 1686 ia
471 1623 634 1686 Psolmum
653 1618 722 1689 103.
745 1621 899 1684 Sermone
924 1621 980 1683 ΙΙΙ.
1004 1641 1035 1684 u.
1057 1617 1090 1688 d.
1112 1624 1195 1686 hauc
1222 1644 1266 1687 rs·

159 1732 269 1801 petens
289 1727 522 1807 quaestionem,
538 1724 663 1802 singula
686 1741 713 1784 c.
730 1720 817 1784 tttx.
833 1733 991 1784 commata
1008 1725 1159 1797 discutit,
1174 1728 1270 1788 dorice

158 1826 197 1887 ad
220 1829 459 1889 eoactusiuaam
481 1826 671 1888 descendat:
688 1825 772 1903 quod
796 1822 878 1886 Deus
894 1824 1077 1903 conjunxit,
1094 1826 1187 1888 tomo
1206 1845 1265 1888 aaa

157 1937 288 2006 reparet.
313 1926 432 1990 iieiude
454 1928 596 1988 addidit:
619 1925 676 2005 qui
695 1921 853 1987 dimiserit
873 1945 1003 1987 atrorem
1031 1946 1127 1989 suom
1149 1939 1269 2008 eccepto

158 2027 382 2108 fornicatiouis
401 2049 518 2115 causo,
535 2027 617 2108 sarit
637 2046 706 2089 eum
726 2025 902 2100 moechori;
925 2037 953 2090 et
965 2029 994 2090 si
1007 2027 1110 2092 olium
1131 2029 1266 2104 duxerit,

160 2131 350 2194 moechatur.
375 2132 418 2212 ii)
503 2210 507 2218 ι

241 2234 385 2313 ilyrittus
407 2233 638 2296 alexandrinus
661 2230 808 2292 codicum
834 2230 998 2310 Evangelii
1029 2232 1145 2296 haeres
1167 2244 1201 2296 et
1218 2252 1267 2298 cn·

158 2340 246 2404 stus,
268 2335 323 2412 qni
346 2333 388 2393 ab
406 2349 442 2394 ea
465 2333 596 2411 antiqua
618 2332 729 2392 schola
751 2339 782 2392 et
807 2332 941 2393 ecclesia
974 2336 1215 2410 servabantur,
1236 2337 1262 2396 iu

159 2436 395 2496 commentario
417 2434 579 2510 Epistulas
603 2430 626 2493 Ι.
652 2433 690 2493 ad
714 2433 920 2509 Corinthios,
943 2433 1064 2498 Christi
1091 2446 1205 2500 nutans
1226 2456 1269 2498 re·

160 2553 312 2612 sponsum
335 2556 374 2597 ea
399 2557 426 2597 c.
451 2534 539 2598 XlX.
564 2533 721 2596 Matthaei
747 2535 854 2613 quoad
888 2537 1085 2598 matrimonii
1112 2539 1268 2600 uinculum

72 2671 77 2673 Δ
158 2636 293 2697 scribit:
318 2659 334 2693 a
359 2640 409 2698 tiit
436 2638 611 2698 bumiuns:
636 2631 686 2703 ὅτι
711 2630 728 2700 o‘
751 2632 898 2704 ἀπολύων
921 2629 981 2716 riu
1008 2644 1152 2727 perarua
1186 2635 1272 2708 dorio

158 2727 313 2834 παρεκτὸς
337 2734 434 2827 λόγου
457 2736 617 2838 sepultae,
642 2740 726 2809 aetia
750 2733 851 2821 aazia
874 2745 1106 2835 μοιχευθῆναι,
1131 2749 1268 2832 quoaiom

160 2840 318 2902 dimitteres
340 2863 470 2905 uuorem
492 2864 583 2907 sunm
605 2857 732 2926 eccepto
763 2867 862 2909 cuasa
895 2849 1070 2923 adulterii,
1104 2852 1185 2933 fucit
1212 2867 1270 2910 eum

160 2941 327 3002 moecliari.
347 2943 524 3024 Quumque
545 2948 584 3006 ad
609 2949 687 3009 haec
708 2950 857 3026 dissipati
880 2950 951 3028 ejus
967 2951 1112 3012 dicerent
1128 2975 1138 3015 s
1157 2955 1186 3015 si
1204 2973 1268 3014 cuit·

159 3059 195 3102 ec
216 3040 281 3116 viri
300 3062 370 3105 cum
390 3045 527 3123 [semino
548 3044 623 3109 tolia
645 3057 699 3119 est,
724 3065 788 3107 uou
809 3047 933 3126 expedit
954 3051 1069 3111 audere
1096 3063 1159 3115 etc.
1178 3073 1194 3108 a
1211 3051 1268 3113 iiu-

157 3143 299 3222 jusmodi
322 3147 419 3206 lectio
442 3149 534 3227 plane
557 3152 710 3211 convenit
733 3154 939 3213 citationibus
962 3153 1141 3239 Clementis
1163 3155 1268 3217 etilri·

162 3262 259 3322 geniis.

233 3494 274 3563 -(’)
293 3494 425 3561 Quamvis
444 3513 468 3553 s.
488 3497 669 3569 Augustinus
687 3499 717 3554 in
736 3500 789 3556 hoc
806 3507 834 3558 et
852 3501 881 3556 in
899 3503 1080 3574 praecedenti
1099 3505 1162 3562 loco
1190 3523 1221 3561 ue
1243 3504 1267 3558 in

164 3585 254 3656 primo
273 3587 401 3644 versiculi
420 3587 597 3644 hemisticbio
615 3591 736 3662 proferat
753 3600 872 3649 veterem
891 3593 1027 3651 Matthaei
1049 3598 1137 3670 juxta
1163 3612 1269 3672 graecus

162 3684 255 3749 patres
274 3679 439 3735 lectionem:
460 3681 505 3754 qui
524 3681 644 3739 dimiserit
661 3700 764 3741 usurm
783 3702 856 3742 suom
874 3696 975 3760 eccepto
992 3705 1074 3745 causo
1093 3686 1269 3763 fumicutioait,

161 3769 223 3841 socii
241 3788 296 3826 eum
313 3772 460 3842 uaeetari;
479 3780 600 3829 attamen
620 3763 777 3832 secundnm
797 3777 1026 3847 hemistichium,
1046 3791 1070 3837 et
1088 3781 1114 3838 si
1129 3782 1183 3856 ipse
1199 3779 1269 3838 olium

162 3862 276 3928 lucerii,
297 3864 450 3930 auocabatur,
465 3872 580 3937 apparet
597 3866 653 3922 huc
671 3869 836 3924 translatum
849 3871 938 3925 fuisse
949 3889 966 3925 a
978 3872 1067 3928 Marci
1082 3876 1176 3946 capite
1188 3873 1222 3928 X.
1233 3871 1268 3926 ll.

162 3968 227 4008 cum
248 3956 407 4012 Matthaeus
426 3957 610 4030 submiserit.
630 3945 759 4026 Quocum
778 3963 988 4034 ampliuspatet
1006 3968 1149 4036 quomodo
1162 3969 1191 4022 iu
1203 3963 1267 4022 codi-

158 4043 239 4101 cibus
257 4047 293 4101 ob
312 4049 449 4104 sermonis
468 4051 696 4106 assimilationem
715 4053 864 4109 confusum
882 4053 971 4110 inisse
982 4058 1071 4114 trium
1084 4056 1268 4133 Evangelista·

159 4155 224 4207 nutu¹
242 4155 357 4194 sensum
375 4139 410 4196 de
428 4141 578 4210 connubio,
599 4151 631 4198 ut
650 4143 689 4198 ait
707 4163 729 4200 s,
751 4145 954 4219 hieronymus.
