2886 4784
108 463 258 528 Heracliti
280 465 485 530 auctoritate.
512 465 552 530 m
573 486 647 531 eum
672 468 744 532 talis
758 469 799 533 sit
815 468 982 532 Plutarchi
998 476 1028 530 el
1049 471 1220 546 utriusque

106 567 285 647 philosophi
307 585 438 646 sensus3
461 585 565 647 quare
588 569 778 650 anonymus
799 571 864 632 alio
898 571 1050 633 transiert
1082 571 1218 644 illorum
1261 567 1267 576 '

104 674 256 743 ruentem,
280 675 395 747 putans
417 667 460 730 ibi
481 670 692 748 aenigmatice
715 675 951 751 repraesentari
974 673 1155 732 doctrinam
1181 671 1222 731 do

103 770 228 832 animae
255 771 535 849 transmigratione
563 773 695 852 proprio
723 779 754 835 et
786 773 963 852 improprie
991 770 1146 852 sumpta?
1174 770 1221 833 De

104 868 260 947 reliquis,
282 887 342 947 pro
364 870 524 950 Anonymi
546 889 643 951 scopo
668 872 855 952 hujusmodi
880 873 1034 935 discussio
1056 874 1140 933 circa
1162 889 1222 932 ms·

106 968 323 1048 tempspcosim
343 970 446 1032 relate
466 971 506 1032 ad
530 969 690 1035 Valentini
721 973 878 1036 haeresim
908 973 1054 1035 ethnicae
1079 972 1222 1051 philoso-

104 1070 197 1148 phiae
218 1077 452 1148 comparatam,
468 1072 575 1151 qualis
596 1073 636 1134 sit
657 1073 811 1134 orationis
833 1091 937 1134 noxus
959 1080 990 1134 et
1012 1072 1089 1151 quid
1112 1073 1223 1135 conio·

104 1179 152 1231 rat
174 1169 462 1247 demonstrationi,
493 1171 635 1234 nondum
668 1173 785 1234 inveni.
808 1170 903 1234 Enim
928 1191 1006 1234 vero
1031 1170 1223 1234 Valentinus

108 1270 137 1329 iu
157 1271 225 1332 suis
247 1271 501 1334 institutionibus
523 1272 681 1335 insaniens
703 1273 798 1352 plura
820 1272 932 1333 docuit
959 1272 999 1332 da
1031 1270 1219 1347 Aeonibus‚

106 1388 220 1433 eornm
249 1373 405 1453 conjugiis
427 1383 458 1435 et
479 1374 747 1450 emanationibus,
769 1372 925 1436 adversus
941 1373 1059 1436 Christi
1075 1377 1222 1436 incarna-

110 1469 227 1533 tionem
257 1478 291 1535 et
319 1473 424 1534 carnis
454 1473 727 1536 resurrectionem
748 1480 829 1536 etc:
861 1481 1000 1538 attamen
1027 1475 1067 1536 de
1097 1475 1222 1536 animoa

107 1578 213 1647 statu,
235 1572 304 1634 sire
325 1573 365 1635 dc
386 1574 638 1654 metempsychosi
665 1574 844 1638 secundum
867 1575 1070 1656 Pythagorae
1092 1583 1125 1638 et
1147 1573 1220 1637 Plc-

109 1674 188 1733 tonis
209 1674 400 1736 sententiam
423 1676 513 1737 nulla
549 1677 667 1740 mentio
688 1685 780 1740 extat
807 1675 892 1761 apud
914 1695 939 1739 s.
962 1677 1157 1750 irenaeum,
1189 1683 1222 1738 et

107 1768 360 1836 Tertullianum.

36 1915 67 1945 .
187 1872 268 1937 item
298 1877 466 1954 singulare
498 1887 546 1940 est
578 1876 665 1958 quod
688 1877 727 1940 de
749 1876 911 1941 Valentini
943 1878 1116 1942 concordia
1146 1896 1222 1940 curu

107 1974 292 2057 Pythagora
317 1976 415 2040 tradit
437 1976 627 2062 Anonymus
649 1980 680 2040 in
702 1997 732 2041 n.
753 1977 812 2042 272
836 2000 853 2038 «
875 1978 1035 2055 Quoniam
1058 1987 1166 2041 autem
1185 1997 1222 2042 ea

111 2077 219 2140 dicere
239 2079 453 2157 suscepimus,
476 2096 561 2158 quae
584 2075 783 2161 Pythagoras
803 2081 941 2144 obscure
964 2098 1022 2161 per
1043 2080 1220 2162 symbolica

111 2177 287 2258 discipulos
309 2178 456 2255 docebat,
479 2186 610 2260 oportet
630 2181 727 2243 etiam
748 2181 788 2243 de
809 2183 926 2244 ceteris
953 2182 1144 2245 mentionem
1173 2181 1219 2242 la·

110 2298 207 2360 cere3
230 2289 403 2360 propterca
426 2284 512 2361 qnod
536 2283 707 2345 haeresum
729 2283 898 2346 architecti
922 2284 978 2346 tali
1005 2283 1144 2362 quadam
1173 2301 1224 2344 rc·

111 2384 195 2446 tione
216 2383 322 2445 conati
343 2391 417 2446 sunt
440 2401 499 2464 per
519 2384 696 2467 symbolica
718 2384 833 2465 ioqui,
858 2403 919 2446 non
949 2392 1058 2448 aulem
1081 2387 1222 2463 propriis

111 2483 181 2555 usi,
204 2483 260 2545 sed
289 2483 349 2557 iis,
382 2501 503 2562 quasa
530 2484 749 2567 pythagoricis
779 2486 984 2547 sermonibus
1016 2490 1219 2564 acceperant.

109 2579 189 2645 Suos
210 2582 313 2661 igitur
333 2581 508 2662 discipulos
529 2584 624 2647 docet
641 2583 839 2666 Pythagoras
855 2583 984 2647 dicens:
1001 2583 1137 2646 Saccum
1155 2584 1221 2646 viu·

111 2685 158 2762 εἰς
181 2690 220 2745 nt
241 2682 261 2744 ii
284 2684 339 2761 qni
360 2682 425 2762 jam
446 2682 511 2763 jam
534 2684 597 2745 iter
619 2685 737 2746 tacturi
758 2690 852 2761 suot,
875 2687 907 2745 in
928 2702 1058 2749 saccum
1080 2703 1139 2750 suc
1168 2703 1220 2747 ve·

109 2783 255 2846 stimenta
277 2783 403 2861 illigant
423 2784 461 2845 ad
487 2785 556 2846 viae
571 2793 786 2866 apparatum:
803 2784 915 2848 eodem
933 2784 1030 2849 modo
1045 2785 1221 2864 discipulos

110 2901 183 2945 suos
205 2890 337 2961 paratos
357 2904 426 2947 esse
450 2884 543 2946 vult:
567 2886 659 2965 quasi
682 2904 769 2948 mors
791 2889 966 2964 improvisa
999 2887 1136 2964 singulis
1154 2902 1223 2947 mo·

110 2985 221 3046 mentis
244 3003 300 3046 cos
321 2994 514 3063 correptura
536 2987 598 3062 sit,
622 2987 700 3046 nihil
723 2987 940 3048 desiderantes
962 3004 1099 3056 eorum,
1133 3003 1221 3064 quac

109 3102 165 3162 per
194 3085 394 3164 disciplinam
428 3089 575 3166 cognosci
608 3097 750 3165 possunt.
775 3085 984 3163 Quapropter
1009 3086 1220 3148 illucescente

110 3184 169 3261 die,
186 3185 323 3249 docebat
337 3190 553 3272 pythagoreos
574 3207 607 3250 se
630 3188 765 3249 invicem
782 3186 906 3248 hortari
924 3193 959 3248 ut
976 3187 1140 3247 vincirent·
1152 3203 1220 3248 sac·

112 3301 197 3360 cum,
220 3284 302 3347 idest
325 3293 360 3348 ut
382 3287 484 3366 parati
507 3285 545 3347 ad
567 3294 703 3350 mortem
720 3287 835 3349 forent.
854 3284 961 3365 ignem
977 3284 1083 3364 gladio
1098 3302 1137 3347 ne
1153 3301 1222 3346 mo·

110 3384 356 3473 reas‚‚dicens':
381 3386 572 3449 iracundum
598 3388 703 3449 virum
726 3405 765 3448 ue
785 3386 933 3448 lacessas.
956 3385 1025 3463 lgni
1049 3386 1133 3448 enim
1154 3384 1218 3447 ira·

110 3484 232 3547 enudus
254 3486 351 3549 bomo
371 3487 483 3549 similis
505 3497 573 3549 est:
597 3488 722 3566 gladius
743 3495 853 3549 autem
869 3494 917 3548 est
930 3505 1047 3549 sermo.
1066 3482 1220 3550 Versicu-

111 3582 177 3646 lum
202 3585 267 3646 noli
289 3586 505 3648 conculcare:
528 3587 609 3649 idest
629 3603 763 3665 parvam
787 3604 853 3648 rem
876 3605 915 3648 ne
930 3596 1124 3649 contemnas.
1148 3585 1220 3646 Pal·

113 3702 194 3746 mam
217 3684 303 3746 domi
326 3686 390 3750 noli
412 3705 542 3763 sererc;
573 3687 681 3765 jurgia
713 3688 744 3747 in
775 3686 872 3748 domo
902 3704 941 3747 ne
968 3686 1088 3747 foveas.
1114 3683 1226 3747 [lixae-

113 3786 190 3845 enim
215 3794 246 3846 ct
268 3786 469 3849 dissensionis
491 3787 596 3865 palma
619 3787 724 3865 imago
747 3793 804 3848 est.
828 3783 853 3847 E
876 3785 955 3847 sella
977 3785 1043 3847 noli
1069 3785 1215 3846 comedo·

114 3901 143 3944 re
155 3906 166 3962 ;
189 3886 351 3947 sordidam
374 3892 477 3948 artem
500 3888 566 3950 noli
588 3905 758 3962 exercere,
779 3905 817 3948 ne
839 3884 1044 3965 corruptibili
1066 3885 1221 3946 inservias
1272 3932 1276 3939 .

116 3988 267 4065 corpori3
290 3986 345 4048 sed
368 3986 474 4066 potius
496 3987 697 4049 sermonibus
722 3987 819 4048 uitam
851 3991 1020 4047 sustentes.
1043 3980 1113 4044 Tibi
1136 3985 1220 4045 enim

118 4082 221 4149 licebit
240 4094 272 4149 et
294 4103 414 4165 corpus
435 4088 547 4163 alere,
578 4095 610 4149 et
640 4087 777 4149 animam
802 4085 968 4148 meliorem
991 4083 1140 4146 reddere.
1165 4082 1217 4146 Ex

118 4181 235 4266 integro
258 4203 339 4266 pane
360 4186 439 4267 nihil
460 4186 608 4251 dentibus
630 4189 761 4251 adimas.
784 4184 853 4250 Tua
874 4186 956 4248 bona
973 4204 1012 4248 nc
1027 4182 1222 4256 comminue,
