2886 4784
166 324 226 405 its

167 450 280 504 utrum
301 440 421 501 salmas
443 447 474 500 et
496 439 553 518 ipsi
575 437 724 512 habeant,
750 439 800 499 rel
818 439 946 499 animae
968 440 1050 512 sin't,
1072 435 1105 500 iu
1127 434 1189 503 illis
1205 431 1258 503 coi

166 543 274 614 locat,
296 540 476 619 dequibus
497 548 574 602 tone
595 539 845 617 disceptabatur.
868 538 1021 603 Ceterum
1044 541 1263 617 certiorantur,

166 660 250 720 quae
271 643 310 704 de
333 643 460 704 homine
483 641 645 703 haeretico
666 642 895 718 sapientissime
917 640 1044 704 disserit
1058 644 1098 702 in
1113 643 1262 705 Commeu·

167 746 249 806 tario
272 741 434 823 Epistulae
455 742 493 802 ad
516 739 638 816 Titum,
664 759 827 820 nunquam
850 743 1136 819 praetermittenda
1157 760 1260 824 aquo·

167 850 213 909 vis
234 847 405 915 doctrinae,
420 846 623 923 origenianae
642 844 762 924 judice.

248 947 383 1026 ltaque,
405 947 431 1008 si
452 947 629 1007 absurdum
653 955 701 1008 est
723 955 838 1022 putare
859 942 1033 1024 Origeuem
1057 945 1267 1010 tautummodo

165 1049 196 1108 in
221 1046 418 1110 Periurchon
438 1046 701 1125 blasphemasse,
724 1056 756 1107 et
778 1040 809 1108 in
832 1047 947 1108 ceteris
968 1050 1114 1126 scriptis,
1136 1058 1225 1111 autea
1241 1052 1267 1111 ct

165 1158 277 1227 postea
300 1150 405 1221 editis,
428 1149 563 1211 sensisse
584 1148 789 1225 orthodoxe3
811 1157 841 1209 ct
863 1147 887 1210 si
910 1148 1052 1209 absurda
1075 1167 1192 1212 eorum
1211 1149 1267 1228 opi·

164 1251 216 1310 uio
238 1259 284 1310 est
307 1252 541 1324 asserentium,
564 1250 658 1311 illum
682 1249 712 1309 iu
739 1249 977 1310 commentariis
999 1232 1182 1311 Bibliorum
1203 1264 1266 1327 apo·

164 1351 314 1412 stolicarn
337 1352 526 1429 exposuisse
549 1351 741 1423 doctrinam,
757 1358 789 1411 et
811 1352 840 1409 in
864 1350 934 1411 aliis
957 1350 1151 1414 tractatibus
1172 1352 1267 1415 haara·

165 1452 283 1512 ticam:
308 1461 340 1510 et
360 1454 386 1511 si
408 1451 586 1513 absurdam
610 1458 657 1511 est
685 1451 828 1527 cogitare
852 1450 947 1511 talem
972 1452 1078 1512 virum
1104 1453 1135 1511 iu
1156 1449 1265 1513 cunctis

161 1553 229 1613 snis
252 1552 341 1612 libris
364 1554 414 1632 pia
436 1562 469 1614 et
489 1553 586 1629 impia
609 1555 731 1629 pariter
752 1553 911 1625 docuisse,
934 1559 967 1613 et
996 1570 1089 1614 sacra
1114 1553 1264 1616 miscuisse

165 1652 307 1730 profanis
320 1673 330 1730 ;
348 1637 385 1715 'et
405 1655 430 1715 si
452 1654 630 1716 absurdum
653 1662 725 1726 est,
758 1654 850 1733 qnod
880 1655 1024 1715 omnium
1055 1653 1262 1716 absurdorcn

163 1757 342 1817 maximum
367 1754 463 1829 iuret,
485 1755 638 1817 arbitrari
663 1755 839 1818 Auctorem
870 1773 928 1835 per
950 1763 1056 1817 totnm
1087 1773 1167 1817 snae
1194 1755 1263 1816 ritas

164 1855 367 1918 curriculum
391 1857 421 1916 in
444 1864 599 1935 perpetua
623 1864 786 1918 versatum
809 1874 877 1916 esse
898 1855 1081 1916 dementiae
1112 1861 1262 1933 quotquot

164 1959 241 2020 mihi
264 1958 502 2033 adversantur,
527 1957 577 2018 vel
600 1957 772 2033 dubitant,
798 1974 878 2034 rogo
900 1967 932 2018 et
954 1957 1094 2029 hortor,
1116 1964 1154 2018 ut
1174 1953 1261 2016 Theo
1293 2022 1297 2036 ,

166 2059 245 2139 phili
268 2059 434 2137 perfidiam
459 2067 491 2121 et
512 2057 703 2141 Hieronymi
725 2058 909 2120 illusionem
941 2057 1117 2132 deserant,
1138 2073 1262 2119 mennae

159 2179 224 2240 que
245 2160 361 2221 adeant
381 2162 420 2221 ad
442 2161 587 2222 seniores
604 2164 747 2222 sincerae
768 2160 916 2237 Drigeuis
936 2158 1009 2218 iidei
1034 2164 1142 2229 testes,
1160 2168 1192 2219 et
1207 2174 1259 2219 am

164 2262 250 2337 plins
272 2262 311 2320 ad
340 2262 540 2338 integrorum
576 2262 675 2339 ipsius
706 2260 852 2322 codicum
887 2260 1064 2322 haeredes:
1099 2261 1131 2321 in
1160 2257 1259 2336 quihus

161 2371 302 2438 praestat
323 2381 347 2423 s.
373 2361 572 2438 Pamphilus.
595 2360 736 2425 Credant
768 2362 882 2439 utiquc
916 2360 1085 2438 Pamphilo
1119 2357 1257 2440 martyri,

162 2466 218 2541 qni
240 2464 335 2524 sicuti
358 2481 469 2524 curam
493 2464 759 2541 persecutoribus
780 2462 934 2523 alacriter
965 2461 1132 2524 coufessus
1153 2470 1198 2524 est
1216 2476 1258 2520 nu·

162 2582 234 2624 men
257 2563 382 2624 Domini
405 2563 483 2626 lesu
506 2566 650 2641 Christi3
673 2565 715 2625 ita
739 2564 849 2624 eadem
867 2563 962 2623 animi
980 2563 1150 2625 alacritate
1164 2575 1256 2625 cursu

163 2662 306 2726 Ecclesia
329 2664 494 2725 confessus
516 2674 576 2739 cst,
593 2664 766 2740 Origenem
790 2664 916 2724 fidelem
941 2661 999 2724 Dei
1021 2681 1155 2726 serrum
1177 2665 1206 2724 in
1225 2660 1257 2721 ri·

160 2783 218 2825 nea
242 2761 390 2836 Domini,
414 2766 444 2824 in
468 2768 696 2843 propagatione
720 2783 814 2826 verae
837 2764 910 2825 fidoi
940 2764 978 2824 ad
1013 2764 1138 2827 obitum
1171 2777 1256 2840 usquc

160 2864 334 2925 lahorasse.
357 2863 495 2926 Credant
521 2863 701 2942 Pamphilo,
724 2866 792 2942 qui,
817 2866 1005 2940 prinsquam
1025 2861 1221 2942 Theophilus
1232 2864 1255 2919 et

161 2962 379 3048 Hieronymus
402 2966 652 3026 condemnarent
672 2963 844 3041 Origeuem
868 2965 909 3023 ch
932 2974 1159 3042 praesumptos
1180 2977 1254 3024 erra·

160 3083 224 3139 res,
247 3066 313 3144 ipsc
332 3067 397 3145 jam
421 3048 549 3128 cautum
572 3067 702 3126 circiter
730 3066 770 3124 ab
792 3065 865 3125 hinc
887 3067 976 3125 aunis
997 3073 1085 3140 autc,
1109 3069 1255 3128 accusato·

160 3181 212 3226 rcs
234 3166 303 3244 ejus
325 3167 367 3227 oh
388 3167 499 3227 eadem
524 3164 602 3225 lalsa
621 3166 766 3237 crimina,
783 3164 1047 3226 luculentissimis
1068 3182 1107 3228 ac
1129 3161 1254 3244 genuinis

160 3267 258 3344 ipsius
283 3267 469 3328 testimoniis
493 3264 740 3344 profligaverat,
772 3284 812 3326 ex
846 3266 987 3342 pravatis
1019 3267 1086 3326 suis
1122 3266 1208 3327 libris
1225 3278 1253 3324 as

160 3366 358 3445 perfidorum
380 3368 488 3429 studio
509 3366 689 3441 osteudens,
706 3367 783 3430 talia
807 3366 901 3443 impia
925 3366 1074 3443 dogmata
1097 3368 1197 3430 cidem
1213 3363 1254 3427 ad·

159 3459 277 3546 s'cripta
301 3468 410 3529 luisse.

237 3563 393 3645 Deinceps
415 3586 477 3627 non
505 3576 552 3629 cst
583 3567 852 3646 praetereundum
890 3567 1031 3646 (qnippe
1065 3568 1170 3646 magui
1201 3581 1252 3626 mo

158 3669 254 3727 menti
277 3668 349 3742 res)
372 3670 457 3746 quod
481 3666 622 3747 Romae,
646 3677 780 3748 urgente
802 3687 898 3746 quam
930 3669 1069 3730 maxime
1100 3660 1253 3745 Theophili

158 3771 190 3826 el
211 3763 400 3849 Hieronymi
421 3768 542 3841 studio,
565 3767 687 3830 iactum
710 3778 769 3840 est,
792 3776 829 3828 ut
850 3768 1019 3846 Origenes,
1042 3767 1118 3828 libri
1143 3767 1211 3847 ejus
1228 3767 1252 3824 et

163 3868 289 3941 patroni
312 3866 563 3928 damnarentur:
586 3875 619 3928 ct
639 3866 803 3944 quomodo
828 3867 1014 3929 Anastasius
1038 3864 1123 3946 Papa
1145 3885 1179 3928 se
1199 3879 1255 3943 ges·

157 3966 237 4024 serit
256 3967 287 4026 in
309 3965 370 4026 hoc
391 3967 518 4044 negotio
541 3965 636 4027 aliter
667 3984 764 4046 quam
793 3977 1081 4045 praesumpserunt
1113 3960 1252 4029 celebrati

156 4066 229 4137 atri,
253 4067 296 4125 ita
319 4073 355 4128 ut
376 4085 434 4130 nec
464 4069 504 4127 ab
531 4086 570 4128 eo
602 4067 814 4130 damnaretur
837 4068 994 4142 Rudinus,
1018 4087 1077 4132 unc
1098 4068 1251 4147 Origenes,

158 4183 217 4227 nac
239 4167 329 4230 istins
351 4169 486 4247 genuina
507 4169 637 4249 scripta.
663 4168 798 4232 Romam
823 4170 907 4232 enim
930 4169 1029 4233 latina
1055 4167 1254 4238 Pericrchoa,
