<?xml version="1.0" encoding="UTF-8"?>
<!DOCTYPE html PUBLIC "-//W3C//DTD XHTML 1.0 Transitional//EN"
    "http://www.w3.org/TR/xhtml1/DTD/xhtml1-transitional.dtd">
<html xmlns="http://www.w3.org/1999/xhtml" xml:lang="en" lang="en">
 <head>
  <title>
</title>
<meta http-equiv="Content-Type" content="text/html;charset=utf-8" />
  <meta name='ocr-system' content='tesseract 3.04.00' />
  <meta name='ocr-capabilities' content='ocr_page ocr_carea ocr_par ocr_line ocrx_word'/>
</head>
<body>
  <div class='ocr_page' id='page_1' title='image "./insgregoriinyss00vincgoog/insgregoriinyss00vincgoog_0318.png"; bbox 0 0 2886 4784; ppageno 0'>
   <div class='ocr_carea' id='block_1_1' title="bbox 140 448 1266 2659">
    <p class='ocr_par' dir='ltr' id='par_1_1' title="bbox 140 448 1266 2659">
     <span class='ocr_line' id='line_1_1' title="bbox 144 448 1260 533; baseline -0.002 -17"><span class='ocrx_word' id='word_1_1' title='bbox 144 468 229 517; x_wconf 85' lang='lat' dir='ltr'><strong>nere</strong></span> <span class='ocrx_word' id='word_1_2' title='bbox 249 450 425 533; x_wconf 89' lang='lat' dir='ltr'><strong>pontiilcali</strong></span> <span class='ocrx_word' id='word_1_3' title='bbox 446 448 627 531; x_wconf 83' lang='lat' dir='ltr'><strong>explendo,</strong></span> <span class='ocrx_word' id='word_1_4' title='bbox 650 465 711 528; x_wconf 93' lang='lat' dir='ltr'><strong>pro</strong></span> <span class='ocrx_word' id='word_1_5' title='bbox 731 449 891 515; x_wconf 89' lang='lat' dir='ltr'><strong>catholica</strong></span> <span class='ocrx_word' id='word_1_6' title='bbox 913 450 1050 514; x_wconf 86' lang='lat' dir='ltr'><strong>rerttata</strong></span> <span class='ocrx_word' id='word_1_7' title='bbox 1072 451 1205 530; x_wconf 87' lang='lat' dir='ltr'><strong>zelam,</strong></span> <span class='ocrx_word' id='word_1_8' title='bbox 1229 455 1260 515; x_wconf 88' lang='lat' dir='ltr'><strong>in</strong></span> 
     </span>
     <span class='ocr_line' id='line_1_2' title="bbox 142 549 1262 629; baseline -0.001 -13"><span class='ocrx_word' id='word_1_9' title='bbox 142 552 333 616; x_wconf 74' lang='lat' dir='ltr'><strong>haereticos</strong></span> <span class='ocrx_word' id='word_1_10' title='bbox 354 550 539 614; x_wconf 90' lang='lat' dir='ltr'><strong>insectando</strong></span> <span class='ocrx_word' id='word_1_11' title='bbox 560 550 754 622; x_wconf 69' lang='lat' dir='ltr'><strong>sollertiam,</strong></span> <span class='ocrx_word' id='word_1_12' title='bbox 771 550 856 629; x_wconf 89' lang='lat' dir='ltr'><strong>quod</strong></span> <span class='ocrx_word' id='word_1_13' title='bbox 881 549 1055 628; x_wconf 90' lang='lat' dir='ltr'><strong>praecipue</strong></span> <span class='ocrx_word' id='word_1_14' title='bbox 1076 551 1215 615; x_wconf 73' lang='lat' dir='ltr'><strong>ostendit</strong></span> <span class='ocrx_word' id='word_1_15' title='bbox 1230 553 1262 614; x_wconf 88' lang='lat' dir='ltr'><strong>ia</strong></span> 
     </span>
     <span class='ocr_line' id='line_1_3' title="bbox 142 647 1262 734; baseline 0.001 -19"><span class='ocrx_word' id='word_1_16' title='bbox 142 654 287 734; x_wconf 84' lang='lat' dir='ltr'><strong>epistola</strong></span> <span class='ocrx_word' id='word_1_17' title='bbox 311 651 352 715; x_wconf 90' lang='lat' dir='ltr'><strong>ll.</strong></span> <span class='ocrx_word' id='word_1_18' title='bbox 374 653 517 715; x_wconf 89' lang='lat' dir='ltr'><strong>scribens</strong></span> <span class='ocrx_word' id='word_1_19' title='bbox 538 659 650 714; x_wconf 92' lang='lat' dir='ltr'><strong>contra</strong></span> <span class='ocrx_word' id='word_1_20' title='bbox 673 647 903 715; x_wconf 85' lang='lat' dir='ltr'><strong>Jorioiaoom:</strong></span> <span class='ocrx_word' id='word_1_21' title='bbox 928 669 945 711; x_wconf 86' lang='grc' dir='ltr'><strong>ιι</strong></span> <span class='ocrx_word' id='word_1_22' title='bbox 967 649 1010 713; x_wconf 89' lang='lat' dir='ltr'><strong>Et</strong></span> <span class='ocrx_word' id='word_1_23' title='bbox 1030 651 1180 731; x_wconf 89' lang='lat' dir='ltr'><strong>quidem,</strong></span> <span class='ocrx_word' id='word_1_24' title='bbox 1203 654 1262 730; x_wconf 88' lang='lat' dir='ltr'><strong>ait,</strong></span> 
     </span>
     <span class='ocr_line' id='line_1_4' title="bbox 140 749 1265 832; baseline -0.002 -15"><span class='ocrx_word' id='word_1_25' title='bbox 140 753 332 817; x_wconf 84' lang='lat' dir='ltr'><strong>multarum</strong></span> <span class='ocrx_word' id='word_1_26' title='bbox 354 753 526 815; x_wconf 75' lang='lat' dir='ltr'><strong>haeresum</strong></span> <span class='ocrx_word' id='word_1_27' title='bbox 549 753 779 832; x_wconf 82' lang='lat' dir='ltr'><strong>malignitatem</strong></span> <span class='ocrx_word' id='word_1_28' title='bbox 801 752 842 812; x_wconf 89' lang='lat' dir='ltr'><strong>ab</strong></span> <span class='ocrx_word' id='word_1_29' title='bbox 863 749 1017 829; x_wconf 91' lang='lat' dir='ltr'><strong>apostolis</strong></span> <span class='ocrx_word' id='word_1_30' title='bbox 1044 768 1129 815; x_wconf 92' lang='lat' dir='ltr'><strong>nunc</strong></span> <span class='ocrx_word' id='word_1_31' title='bbox 1157 770 1265 832; x_wconf 89' lang='lat' dir='ltr'><strong>usque</strong></span> 
     </span>
     <span class='ocr_line' id='line_1_5' title="bbox 141 849 1265 932; baseline -0.003 -14"><span class='ocrx_word' id='word_1_32' title='bbox 141 855 280 932; x_wconf 82' lang='lat' dir='ltr'><strong>experti</strong></span> <span class='ocrx_word' id='word_1_33' title='bbox 302 853 473 915; x_wconf 78' lang='lat' dir='ltr'><strong>didicimus</strong></span> <span class='ocrx_word' id='word_1_34' title='bbox 493 859 527 914; x_wconf 92' lang='lat' dir='ltr'><strong>et</strong></span> <span class='ocrx_word' id='word_1_35' title='bbox 547 852 757 930; x_wconf 87' lang='lat' dir='ltr'><strong>probavimus</strong></span> <span class='ocrx_word' id='word_1_36' title='bbox 769 870 779 928; x_wconf 91' lang='lat'>;</span> <span class='ocrx_word' id='word_1_37' title='bbox 801 849 855 914; x_wconf 93' lang='lat' dir='ltr'><strong>sed</strong></span> <span class='ocrx_word' id='word_1_38' title='bbox 879 867 1043 928; x_wconf 84' lang='lat' dir='ltr'><strong>nunquam</strong></span> <span class='ocrx_word' id='word_1_39' title='bbox 1068 851 1148 913; x_wconf 93' lang='lat' dir='ltr'><strong>tales</strong></span> <span class='ocrx_word' id='word_1_40' title='bbox 1169 868 1265 915; x_wconf 84' lang='lat' dir='ltr'><strong>canes</strong></span> 
     </span>
     <span class='ocr_line' id='line_1_6' title="bbox 141 952 1265 1037; baseline -0.003 -18"><span class='ocrx_word' id='word_1_41' title='bbox 141 952 319 1019; x_wconf 77' lang='lat' dir='ltr'><strong>Ecclesiae</strong></span> <span class='ocrx_word' id='word_1_42' title='bbox 341 956 530 1037; x_wconf 79' lang='lat' dir='ltr'><strong>mysterium</strong></span> <span class='ocrx_word' id='word_1_43' title='bbox 552 954 725 1017; x_wconf 88' lang='lat' dir='ltr'><strong>latratibus</strong></span> <span class='ocrx_word' id='word_1_44' title='bbox 742 953 931 1032; x_wconf 79' lang='lat' dir='ltr'><strong>fatigarunt,</strong></span> <span class='ocrx_word' id='word_1_45' title='bbox 947 952 1060 1031; x_wconf 88' lang='lat' dir='ltr'><strong>quales</strong></span> <span class='ocrx_word' id='word_1_46' title='bbox 1077 970 1162 1016; x_wconf 93' lang='lat' dir='ltr'><strong>nunc</strong></span> <span class='ocrx_word' id='word_1_47' title='bbox 1176 953 1265 1016; x_wconf 87' lang='lat' dir='ltr'><strong>subi·</strong></span> 
     </span>
     <span class='ocr_line' id='line_1_7' title="bbox 142 1053 1266 1136; baseline -0.003 -15"><span class='ocrx_word' id='word_1_48' title='bbox 142 1066 182 1122; x_wconf 92' lang='lat' dir='ltr'><strong>to</strong></span> <span class='ocrx_word' id='word_1_49' title='bbox 206 1058 316 1120; x_wconf 89' lang='lat' dir='ltr'><strong>hostes</strong></span> <span class='ocrx_word' id='word_1_50' title='bbox 339 1056 412 1118; x_wconf 91' lang='lat' dir='ltr'><strong>ildei</strong></span> <span class='ocrx_word' id='word_1_51' title='bbox 434 1065 653 1135; x_wconf 87' lang='lat' dir='ltr'><strong>erumpentes,</strong></span> <span class='ocrx_word' id='word_1_52' title='bbox 669 1057 813 1118; x_wconf 86' lang='lat' dir='ltr'><strong>doctrina</strong></span> <span class='ocrx_word' id='word_1_53' title='bbox 836 1053 992 1133; x_wconf 91' lang='lat' dir='ltr'><strong>periidiae</strong></span> <span class='ocrx_word' id='word_1_54' title='bbox 1012 1054 1151 1132; x_wconf 90' lang='lat' dir='ltr'><strong>polluta,</strong></span> <span class='ocrx_word' id='word_1_55' title='bbox 1168 1054 1266 1136; x_wconf 77' lang='lat' dir='ltr'><strong>cuius</strong></span> 
     </span>
     <span class='ocr_line' id='line_1_8' title="bbox 141 1149 1262 1237; baseline -0.004 -13"><span class='ocrx_word' id='word_1_56' title='bbox 141 1167 224 1224; x_wconf 86' lang='lat' dir='ltr'><strong>sunt</strong></span> <span class='ocrx_word' id='word_1_57' title='bbox 246 1159 420 1237; x_wconf 93' lang='lat' dir='ltr'><strong>discipuli,</strong></span> <span class='ocrx_word' id='word_1_58' title='bbox 445 1149 622 1220; x_wconf 86' lang='lat' dir='ltr'><strong>verborum</strong></span> <span class='ocrx_word' id='word_1_59' title='bbox 655 1157 816 1220; x_wconf 89' lang='lat' dir='ltr'><strong>iructibns</strong></span> <span class='ocrx_word' id='word_1_60' title='bbox 847 1156 1060 1235; x_wconf 88' lang='lat' dir='ltr'><strong>prodiderunt</strong></span> <span class='ocrx_word' id='word_1_61' title='bbox 1091 1161 1155 1218; x_wconf 88' lang='lat' dir='ltr'><strong>etc.</strong></span> <span class='ocrx_word' id='word_1_62' title='bbox 1180 1174 1198 1213; x_wconf 81' lang='lat' dir='ltr'><strong>a</strong></span> <span class='ocrx_word' id='word_1_63' title='bbox 1220 1153 1262 1218; x_wconf 86' lang='lat' dir='ltr'><strong>Ei</strong></span> 
     </span>
     <span class='ocr_line' id='line_1_9' title="bbox 142 1257 1266 1338; baseline -0.004 -14"><span class='ocrx_word' id='word_1_64' title='bbox 142 1271 228 1324; x_wconf 86' lang='lat' dir='ltr'><strong>cnm</strong></span> <span class='ocrx_word' id='word_1_65' title='bbox 246 1260 320 1321; x_wconf 92' lang='lat' dir='ltr'><strong>ideo</strong></span> <span class='ocrx_word' id='word_1_66' title='bbox 341 1259 480 1337; x_wconf 79' lang='lat' dir='ltr'><strong>episcopi</strong></span> <span class='ocrx_word' id='word_1_67' title='bbox 504 1258 602 1338; x_wconf 77' lang='lat' dir='ltr'><strong>huius</strong></span> <span class='ocrx_word' id='word_1_68' title='bbox 626 1257 807 1333; x_wconf 81' lang='lat' dir='ltr'><strong>Pontificis,</strong></span> <span class='ocrx_word' id='word_1_69' title='bbox 830 1257 879 1320; x_wconf 88' lang='lat' dir='ltr'><strong>uii</strong></span> <span class='ocrx_word' id='word_1_70' title='bbox 902 1258 975 1318; x_wconf 93' lang='lat' dir='ltr'><strong>boni</strong></span> <span class='ocrx_word' id='word_1_71' title='bbox 998 1257 1135 1335; x_wconf 89' lang='lat' dir='ltr'><strong>pastoris</strong></span> <span class='ocrx_word' id='word_1_72' title='bbox 1164 1274 1266 1320; x_wconf 82' lang='lat' dir='ltr'><strong>excu-</strong></span> 
     </span>
     <span class='ocr_line' id='line_1_10' title="bbox 142 1357 1266 1438; baseline -0.003 -15"><span class='ocrx_word' id='word_1_73' title='bbox 142 1359 241 1434; x_wconf 87' lang='lat' dir='ltr'><strong>bias,</strong></span> <span class='ocrx_word' id='word_1_74' title='bbox 264 1359 471 1422; x_wconf 81' lang='lat' dir='ltr'><strong>celebrarent</strong></span> <span class='ocrx_word' id='word_1_75' title='bbox 491 1359 687 1438; x_wconf 80' lang='lat' dir='ltr'><strong>diligentiam</strong></span> <span class='ocrx_word' id='word_1_76' title='bbox 710 1369 742 1420; x_wconf 86' lang='lat' dir='ltr'><strong>et</strong></span> <span class='ocrx_word' id='word_1_77' title='bbox 761 1359 968 1422; x_wconf 87' lang='lat' dir='ltr'><strong>sedulitatem</strong></span> <span class='ocrx_word' id='word_1_78' title='bbox 990 1357 1148 1422; x_wconf 80' lang='lat' dir='ltr'><strong>adversus</strong></span> <span class='ocrx_word' id='word_1_79' title='bbox 1169 1358 1266 1436; x_wconf 90' lang='lat' dir='ltr'><strong>lupos</strong></span> 
     </span>
     <span class='ocr_line' id='line_1_11' title="bbox 143 1458 1262 1544; baseline 0 -22"><span class='ocrx_word' id='word_1_80' title='bbox 143 1459 342 1534; x_wconf 83' lang='lat' dir='ltr'><strong>dimicantis,</strong></span> <span class='ocrx_word' id='word_1_81' title='bbox 370 1458 589 1544; x_wconf 75' lang='lat' dir='ltr'><strong>Hieronymus</strong></span> <span class='ocrx_word' id='word_1_82' title='bbox 609 1461 699 1521; x_wconf 92' lang='lat' dir='ltr'><strong>solus</strong></span> <span class='ocrx_word' id='word_1_83' title='bbox 729 1460 818 1522; x_wconf 91' lang='lat' dir='ltr'><strong>illius</strong></span> <span class='ocrx_word' id='word_1_84' title='bbox 849 1463 996 1537; x_wconf 91' lang='lat' dir='ltr'><strong>increpat</strong></span> <span class='ocrx_word' id='word_1_85' title='bbox 1024 1460 1262 1537; x_wconf 90' lang='lat' dir='ltr'><strong>simplicitatem</strong></span> 
     </span>
     <span class='ocr_line' id='line_1_12' title="bbox 143 1560 1260 1640; baseline -0.002 -16"><span class='ocrx_word' id='word_1_86' title='bbox 143 1561 410 1632; x_wconf 77' lang='lat' dir='ltr'><strong>stillationem,</strong></span> <span class='ocrx_word' id='word_1_87' title='bbox 432 1561 513 1623; x_wconf 90' lang='lat' dir='ltr'><strong>adeo</strong></span> <span class='ocrx_word' id='word_1_88' title='bbox 536 1569 572 1622; x_wconf 94' lang='lat' dir='ltr'><strong>ut</strong></span> <span class='ocrx_word' id='word_1_89' title='bbox 594 1561 753 1634; x_wconf 89' lang='lat' dir='ltr'><strong>nesciret,</strong></span> <span class='ocrx_word' id='word_1_90' title='bbox 776 1578 860 1640; x_wconf 86' lang='lat' dir='ltr'><strong>quae</strong></span> <span class='ocrx_word' id='word_1_91' title='bbox 882 1561 1080 1639; x_wconf 83' lang='lat' dir='ltr'><strong>praesumpti</strong></span> <span class='ocrx_word' id='word_1_92' title='bbox 1103 1560 1260 1622; x_wconf 87' lang='lat' dir='ltr'><strong>baeretici</strong></span> 
     </span>
     <span class='ocr_line' id='line_1_13' title="bbox 143 1658 1259 1741; baseline -0.002 -17"><span class='ocrx_word' id='word_1_93' title='bbox 143 1661 344 1738; x_wconf 75' lang='lat' dir='ltr'><strong>origenistae</strong></span> <span class='ocrx_word' id='word_1_94' title='bbox 365 1660 490 1725; x_wconf 85' lang='lat' dir='ltr'><strong>Romae</strong></span> <span class='ocrx_word' id='word_1_95' title='bbox 511 1660 670 1723; x_wconf 92' lang='lat' dir='ltr'><strong>docebant</strong></span> <span class='ocrx_word' id='word_1_96' title='bbox 690 1677 789 1741; x_wconf 85' lang='lat' dir='ltr'><strong>praru</strong></span> <span class='ocrx_word' id='word_1_97' title='bbox 811 1661 984 1739; x_wconf 75' lang='lat' dir='ltr'><strong>dogmata5</strong></span> <span class='ocrx_word' id='word_1_98' title='bbox 1006 1677 1044 1724; x_wconf 82' lang='lat' dir='ltr'><strong>ac</strong></span> <span class='ocrx_word' id='word_1_99' title='bbox 1064 1658 1136 1721; x_wconf 89' lang='lat' dir='ltr'><strong>ideo</strong></span> <span class='ocrx_word' id='word_1_100' title='bbox 1158 1661 1259 1740; x_wconf 86' lang='lat' dir='ltr'><strong>hujus</strong></span> 
     </span>
     <span class='ocr_line' id='line_1_14' title="bbox 143 1759 1264 1842; baseline -0.004 -18"><span class='ocrx_word' id='word_1_101' title='bbox 143 1759 256 1840; x_wconf 81' lang='lat' dir='ltr'><strong>Papae</strong></span> <span class='ocrx_word' id='word_1_102' title='bbox 278 1762 468 1840; x_wconf 87' lang='lat' dir='ltr'><strong>prudentiae</strong></span> <span class='ocrx_word' id='word_1_103' title='bbox 490 1762 635 1842; x_wconf 91' lang='lat' dir='ltr'><strong>praeiert</strong></span> <span class='ocrx_word' id='word_1_104' title='bbox 655 1763 801 1824; x_wconf 89' lang='lat' dir='ltr'><strong>mulieris</strong></span> <span class='ocrx_word' id='word_1_105' title='bbox 823 1761 992 1839; x_wconf 86' lang='lat' dir='ltr'><strong>lanaticae,</strong></span> <span class='ocrx_word' id='word_1_106' title='bbox 1016 1760 1201 1840; x_wconf 87' lang='lat' dir='ltr'><strong>etquidem</strong></span> <span class='ocrx_word' id='word_1_107' title='bbox 1224 1760 1264 1822; x_wconf 92' lang='lat' dir='ltr'><strong>il·</strong></span> 
     </span>
     <span class='ocr_line' id='line_1_15' title="bbox 145 1863 907 1936; baseline -0.004 -10"><span class='ocrx_word' id='word_1_108' title='bbox 145 1863 257 1936; x_wconf 81' lang='lat' dir='ltr'><strong>tusae,</strong></span> <span class='ocrx_word' id='word_1_109' title='bbox 280 1864 398 1925; x_wconf 81' lang='lat' dir='ltr'><strong>zelum.</strong></span> <span class='ocrx_word' id='word_1_110' title='bbox 901 1913 907 1923; x_wconf 90' lang='lat'>.</span> 
     </span>
     <span class='ocr_line' id='line_1_16' title="bbox 156 1961 1257 2049; baseline -0.001 -23"><span class='ocrx_word' id='word_1_111' title='bbox 156 1994 161 2003; x_wconf 90' lang='lat'><strong>·</strong></span> <span class='ocrx_word' id='word_1_112' title='bbox 226 1962 260 2026; x_wconf 82' lang='lat' dir='ltr'><strong>S.</strong></span> <span class='ocrx_word' id='word_1_113' title='bbox 282 1962 422 2028; x_wconf 79' lang='lat' dir='ltr'><strong>loannes</strong></span> <span class='ocrx_word' id='word_1_114' title='bbox 442 1961 704 2049; x_wconf 70' lang='lat' dir='ltr'><strong>chrysostomus,</strong></span> <span class='ocrx_word' id='word_1_115' title='bbox 726 1963 1001 2027; x_wconf 86' lang='lat' dir='ltr'><strong>criminationibus</strong></span> <span class='ocrx_word' id='word_1_116' title='bbox 1023 1964 1054 2025; x_wconf 94' lang='lat' dir='ltr'><strong>in</strong></span> <span class='ocrx_word' id='word_1_117' title='bbox 1074 1979 1149 2026; x_wconf 88' lang='lat' dir='ltr'><strong>eum</strong></span> <span class='ocrx_word' id='word_1_118' title='bbox 1162 1963 1257 2042; x_wconf 86' lang='lat' dir='ltr'><strong>jactis</strong></span> 
     </span>
     <span class='ocr_line' id='line_1_17' title="bbox 143 2062 1263 2145; baseline -0.001 -18"><span class='ocrx_word' id='word_1_119' title='bbox 143 2065 332 2143; x_wconf 82' lang='lat' dir='ltr'><strong>dissipatis,</strong></span> <span class='ocrx_word' id='word_1_120' title='bbox 353 2083 371 2128; x_wconf 94' lang='lat' dir='ltr'><strong>a</strong></span> <span class='ocrx_word' id='word_1_121' title='bbox 394 2073 458 2128; x_wconf 93' lang='lat' dir='ltr'><strong>tota</strong></span> <span class='ocrx_word' id='word_1_122' title='bbox 481 2066 680 2145; x_wconf 89' lang='lat' dir='ltr'><strong>adprobatus</strong></span> <span class='ocrx_word' id='word_1_123' title='bbox 704 2063 847 2130; x_wconf 81' lang='lat' dir='ltr'><strong>Ecclesia</strong></span> <span class='ocrx_word' id='word_1_124' title='bbox 871 2067 913 2128; x_wconf 94' lang='lat' dir='ltr'><strong>ob</strong></span> <span class='ocrx_word' id='word_1_125' title='bbox 934 2066 1025 2128; x_wconf 80' lang='lat' dir='ltr'><strong>itlius</strong></span> <span class='ocrx_word' id='word_1_126' title='bbox 1042 2067 1201 2128; x_wconf 90' lang='lat' dir='ltr'><strong>sinceram</strong></span> <span class='ocrx_word' id='word_1_127' title='bbox 1225 2062 1263 2126; x_wconf 89' lang='lat' dir='ltr'><strong>il·</strong></span> 
     </span>
     <span class='ocr_line' id='line_1_18' title="bbox 145 2165 1261 2247; baseline 0.003 -19"><span class='ocrx_word' id='word_1_128' title='bbox 145 2165 235 2238; x_wconf 86' lang='lat' dir='ltr'><strong>dem,</strong></span> <span class='ocrx_word' id='word_1_129' title='bbox 263 2169 415 2247; x_wconf 89' lang='lat' dir='ltr'><strong>pietatem</strong></span> <span class='ocrx_word' id='word_1_130' title='bbox 436 2169 587 2231; x_wconf 77' lang='lat' dir='ltr'><strong>eximiam</strong></span> <span class='ocrx_word' id='word_1_131' title='bbox 610 2174 642 2230; x_wconf 92' lang='lat' dir='ltr'><strong>et</strong></span> <span class='ocrx_word' id='word_1_132' title='bbox 664 2170 807 2231; x_wconf 90' lang='lat' dir='ltr'><strong>omnium</strong></span> <span class='ocrx_word' id='word_1_133' title='bbox 831 2169 989 2230; x_wconf 83' lang='lat' dir='ltr'><strong>virtutum</strong></span> <span class='ocrx_word' id='word_1_134' title='bbox 1011 2167 1153 2242; x_wconf 91' lang='lat' dir='ltr'><strong>culmen,</strong></span> <span class='ocrx_word' id='word_1_135' title='bbox 1179 2169 1261 2231; x_wconf 87' lang='lat' dir='ltr'><strong>emi·</strong></span> 
     </span>
     <span class='ocr_line' id='line_1_19' title="bbox 144 2267 1258 2348; baseline -0.002 -16"><span class='ocrx_word' id='word_1_136' title='bbox 144 2275 203 2333; x_wconf 81' lang='lat' dir='ltr'><strong>nei</strong></span> <span class='ocrx_word' id='word_1_137' title='bbox 223 2267 373 2348; x_wconf 81' lang='lat' dir='ltr'><strong>Origenis</strong></span> <span class='ocrx_word' id='word_1_138' title='bbox 387 2270 563 2332; x_wconf 85' lang='lat' dir='ltr'><strong>orthodoxi</strong></span> <span class='ocrx_word' id='word_1_139' title='bbox 580 2270 745 2345; x_wconf 80' lang='lat' dir='ltr'><strong>defensor,</strong></span> <span class='ocrx_word' id='word_1_140' title='bbox 759 2277 790 2332; x_wconf 91' lang='lat' dir='ltr'><strong>et</strong></span> <span class='ocrx_word' id='word_1_141' title='bbox 806 2270 1040 2333; x_wconf 89' lang='lat' dir='ltr'><strong>monachorum</strong></span> <span class='ocrx_word' id='word_1_142' title='bbox 1055 2268 1258 2331; x_wconf 87' lang='lat' dir='ltr'><strong>nitriensium</strong></span> 
     </span>
     <span class='ocr_line' id='line_1_20' title="bbox 143 2366 1261 2449; baseline -0.003 -15"><span class='ocrx_word' id='word_1_143' title='bbox 143 2371 326 2434; x_wconf 82' lang='lat' dir='ltr'><strong>sanctitatis</strong></span> <span class='ocrx_word' id='word_1_144' title='bbox 348 2371 476 2434; x_wconf 78' lang='lat' dir='ltr'><strong>vindex.</strong></span> <span class='ocrx_word' id='word_1_145' title='bbox 500 2368 595 2435; x_wconf 89' lang='lat' dir='ltr'><strong>Hono</strong></span> <span class='ocrx_word' id='word_1_146' title='bbox 617 2378 742 2433; x_wconf 90' lang='lat' dir='ltr'><strong>tantum</strong></span> <span class='ocrx_word' id='word_1_147' title='bbox 764 2369 964 2449; x_wconf 83' lang='lat' dir='ltr'><strong>Theophilus</strong></span> <span class='ocrx_word' id='word_1_148' title='bbox 985 2378 1018 2434; x_wconf 88' lang='lat' dir='ltr'><strong>et</strong></span> <span class='ocrx_word' id='word_1_149' title='bbox 1039 2371 1079 2432; x_wconf 87' lang='lat' dir='ltr'><strong>ab</strong></span> <span class='ocrx_word' id='word_1_150' title='bbox 1101 2371 1161 2432; x_wconf 91' lang='lat' dir='ltr'><strong>isto</strong></span> <span class='ocrx_word' id='word_1_151' title='bbox 1183 2366 1261 2432; x_wconf 91' lang='lat' dir='ltr'><strong>Hie·</strong></span> 
     </span>
     <span class='ocr_line' id='line_1_21' title="bbox 142 2472 1177 2559; baseline -0.004 -23"><span class='ocrx_word' id='word_1_152' title='bbox 142 2489 304 2559; x_wconf 83' lang='lat' dir='ltr'><strong>ronymus</strong></span> <span class='ocrx_word' id='word_1_153' title='bbox 324 2473 454 2547; x_wconf 87' lang='lat' dir='ltr'><strong>illusus,</strong></span> <span class='ocrx_word' id='word_1_154' title='bbox 478 2474 608 2537; x_wconf 90' lang='lat' dir='ltr'><strong>iictitiae</strong></span> <span class='ocrx_word' id='word_1_155' title='bbox 629 2473 776 2551; x_wconf 82' lang='lat' dir='ltr'><strong>Origenis</strong></span> <span class='ocrx_word' id='word_1_156' title='bbox 799 2474 968 2535; x_wconf 89' lang='lat' dir='ltr'><strong>haereseos</strong></span> <span class='ocrx_word' id='word_1_157' title='bbox 991 2472 1177 2550; x_wconf 82' lang='lat' dir='ltr'><strong>culparent.</strong></span> 
     </span>
     <span class='ocr_line' id='line_1_22' title="bbox 231 2572 1263 2659; baseline -0.003 -22"><span class='ocrx_word' id='word_1_158' title='bbox 231 2574 373 2637; x_wconf 85' lang='lat' dir='ltr'><strong>J&#39;oannes</strong></span> <span class='ocrx_word' id='word_1_159' title='bbox 394 2576 479 2639; x_wconf 89' lang='lat' dir='ltr'><strong>alter</strong></span> <span class='ocrx_word' id='word_1_160' title='bbox 510 2577 816 2659; x_wconf 88' lang='lat' dir='ltr'><strong>hierosolymitanus</strong></span> <span class='ocrx_word' id='word_1_161' title='bbox 836 2593 855 2636; x_wconf 92' lang='lat' dir='ltr'><strong>a</strong></span> <span class='ocrx_word' id='word_1_162' title='bbox 878 2574 1109 2658; x_wconf 77' lang='lat' dir='ltr'><strong>chrysostomo</strong></span> <span class='ocrx_word' id='word_1_163' title='bbox 1140 2572 1263 2637; x_wconf 90' lang='lat' dir='ltr'><strong>dicitur</strong></span> 
     </span>
    </p>
   </div>
   <div class='ocr_carea' id='block_1_2' title="bbox 142 2673 1371 2757">
    <p class='ocr_par' dir='ltr' id='par_1_2' title="bbox 142 2673 1371 2757">
     <span class='ocr_line' id='line_1_23' title="bbox 142 2673 1371 2757; baseline -0.002 -17"><span class='ocrx_word' id='word_1_164' title='bbox 142 2674 421 2757; x_wconf 75' lang='lat' dir='ltr'><strong>religiosissimus,</strong></span> <span class='ocrx_word' id='word_1_165' title='bbox 443 2695 460 2737; x_wconf 89' lang='lat' dir='ltr'><strong>a</strong></span> <span class='ocrx_word' id='word_1_166' title='bbox 483 2695 508 2740; x_wconf 87' lang='lat' dir='ltr'><strong>s.</strong></span> <span class='ocrx_word' id='word_1_167' title='bbox 534 2676 671 2738; x_wconf 86' lang='lat' dir='ltr'><strong>Paulino</strong></span> <span class='ocrx_word' id='word_1_168' title='bbox 693 2679 743 2737; x_wconf 89' lang='lat' dir='ltr'><strong>vir</strong></span> <span class='ocrx_word' id='word_1_169' title='bbox 763 2683 905 2750; x_wconf 91' lang='lat' dir='ltr'><strong>sanctus,</strong></span> <span class='ocrx_word' id='word_1_170' title='bbox 921 2677 961 2738; x_wconf 90' lang='lat' dir='ltr'><strong>ab</strong></span> <span class='ocrx_word' id='word_1_171' title='bbox 984 2675 1151 2748; x_wconf 79' lang='lat' dir='ltr'><strong>Anastasio</strong></span> <span class='ocrx_word' id='word_1_172' title='bbox 1174 2673 1260 2755; x_wconf 85' lang='lat' dir='ltr'><strong>Papa</strong></span> <span class='ocrx_word' id='word_1_173' title='bbox 1368 2742 1371 2747; x_wconf 66' lang='grc'>,</span> 
     </span>
    </p>
   </div>
   <div class='ocr_carea' id='block_1_3' title="bbox 140 2776 1263 3762">
    <p class='ocr_par' dir='ltr' id='par_1_3' title="bbox 140 2776 1263 3762">
     <span class='ocr_line' id='line_1_24' title="bbox 141 2776 1257 2859; baseline -0.001 -20"><span class='ocrx_word' id='word_1_174' title='bbox 141 2777 323 2839; x_wconf 80' lang='lat' dir='ltr'><strong>sanctitatis</strong></span> <span class='ocrx_word' id='word_1_175' title='bbox 343 2776 514 2859; x_wconf 85' lang='lat' dir='ltr'><strong>splendor,</strong></span> <span class='ocrx_word' id='word_1_176' title='bbox 537 2778 631 2857; x_wconf 86' lang='lat' dir='ltr'><strong>cujus</strong></span> <span class='ocrx_word' id='word_1_177' title='bbox 652 2778 856 2856; x_wconf 88' lang='lat' dir='ltr'><strong>episcopatos</strong></span> <span class='ocrx_word' id='word_1_178' title='bbox 869 2784 982 2840; x_wconf 83' lang='lat' dir='ltr'><strong>¹totum</strong></span> <span class='ocrx_word' id='word_1_179' title='bbox 1005 2777 1182 2839; x_wconf 88' lang='lat' dir='ltr'><strong>irradiabat</strong></span> <span class='ocrx_word' id='word_1_180' title='bbox 1203 2794 1257 2838; x_wconf 90' lang='lat' dir='ltr'><strong>or·</strong></span> 
     </span>
     <span class='ocr_line' id='line_1_25' title="bbox 142 2874 1260 2956; baseline -0.002 -16"><span class='ocrx_word' id='word_1_181' title='bbox 142 2875 230 2940; x_wconf 87' lang='lat' dir='ltr'><strong>hem.</strong></span> <span class='ocrx_word' id='word_1_182' title='bbox 255 2874 298 2939; x_wconf 91' lang='lat' dir='ltr'><strong>Et</strong></span> <span class='ocrx_word' id='word_1_183' title='bbox 317 2877 359 2939; x_wconf 93' lang='lat' dir='ltr'><strong>ob</strong></span> <span class='ocrx_word' id='word_1_184' title='bbox 380 2879 442 2940; x_wconf 92' lang='lat' dir='ltr'><strong>hoc</strong></span> <span class='ocrx_word' id='word_1_185' title='bbox 462 2897 488 2940; x_wconf 90' lang='lat' dir='ltr'><strong>s.</strong></span> <span class='ocrx_word' id='word_1_186' title='bbox 513 2877 712 2955; x_wconf 77' lang='lat' dir='ltr'><strong>Augustinus</strong></span> <span class='ocrx_word' id='word_1_187' title='bbox 734 2879 850 2954; x_wconf 86' lang='lat' dir='ltr'><strong>inquit,</strong></span> <span class='ocrx_word' id='word_1_188' title='bbox 868 2897 885 2936; x_wconf 83' lang='grc' dir='ltr'><strong>ιι</strong></span> <span class='ocrx_word' id='word_1_189' title='bbox 900 2876 1038 2956; x_wconf 76' lang='lat' dir='ltr'><strong>sejungi</strong></span> <span class='ocrx_word' id='word_1_190' title='bbox 1053 2877 1084 2939; x_wconf 93' lang='lat' dir='ltr'><strong>in</strong></span> <span class='ocrx_word' id='word_1_191' title='bbox 1099 2876 1260 2940; x_wconf 90' lang='lat' dir='ltr'><strong>catholica</strong></span> 
     </span>
     <span class='ocr_line' id='line_1_26' title="bbox 142 2975 1254 3052; baseline -0.003 -9"><span class='ocrx_word' id='word_1_192' title='bbox 142 2978 271 3043; x_wconf 79' lang='lat' dir='ltr'><strong>unitate</strong></span> <span class='ocrx_word' id='word_1_193' title='bbox 293 2975 458 3041; x_wconf 82' lang='lat' dir='ltr'><strong>Ecclesiae</strong></span> <span class='ocrx_word' id='word_1_194' title='bbox 479 2977 657 3052; x_wconf 85' lang='lat' dir='ltr'><strong>Romanae,</strong></span> <span class='ocrx_word' id='word_1_195' title='bbox 681 2979 736 3042; x_wconf 90' lang='lat' dir='ltr'><strong>ubi</strong></span> <span class='ocrx_word' id='word_1_196' title='bbox 758 2978 875 3040; x_wconf 85' lang='lat' dir='ltr'><strong>Petrus</strong></span> <span class='ocrx_word' id='word_1_197' title='bbox 895 2978 989 3052; x_wconf 91' lang='lat' dir='ltr'><strong>sedit,</strong></span> <span class='ocrx_word' id='word_1_198' title='bbox 1012 2985 1044 3040; x_wconf 88' lang='lat' dir='ltr'><strong>et</strong></span> <span class='ocrx_word' id='word_1_199' title='bbox 1068 2977 1254 3041; x_wconf 75' lang='lat' dir='ltr'><strong>Anastasius</strong></span> 
     </span>
     <span class='ocr_line' id='line_1_27' title="bbox 141 3077 1258 3160; baseline -0.003 -18"><span class='ocrx_word' id='word_1_200' title='bbox 141 3079 248 3151; x_wconf 85' lang='lat' dir='ltr'><strong>sedet,</strong></span> <span class='ocrx_word' id='word_1_201' title='bbox 273 3078 325 3141; x_wconf 86' lang='lat' dir='ltr'><strong>vel</strong></span> <span class='ocrx_word' id='word_1_202' title='bbox 346 3077 510 3141; x_wconf 86' lang='lat' dir='ltr'><strong>Ecclesiae</strong></span> <span class='ocrx_word' id='word_1_203' title='bbox 532 3080 850 3160; x_wconf 88' lang='lat' dir='ltr'><strong>hierosolymitanae,</strong></span> <span class='ocrx_word' id='word_1_204' title='bbox 873 3079 927 3141; x_wconf 92' lang='lat' dir='ltr'><strong>nbi</strong></span> <span class='ocrx_word' id='word_1_205' title='bbox 950 3077 1093 3141; x_wconf 81' lang='lat' dir='ltr'><strong>lacobus</strong></span> <span class='ocrx_word' id='word_1_206' title='bbox 1114 3078 1209 3151; x_wconf 89' lang='lat' dir='ltr'><strong>sedit,</strong></span> <span class='ocrx_word' id='word_1_207' title='bbox 1224 3083 1258 3140; x_wconf 89' lang='lat' dir='ltr'><strong>et</strong></span> 
     </span>
     <span class='ocr_line' id='line_1_28' title="bbox 143 3175 1263 3258; baseline -0.001 -17"><span class='ocrx_word' id='word_1_208' title='bbox 143 3175 287 3241; x_wconf 76' lang='lat' dir='ltr'><strong>Ioannes</strong></span> <span class='ocrx_word' id='word_1_209' title='bbox 311 3179 410 3241; x_wconf 88' lang='lat' dir='ltr'><strong>sedet.</strong></span> <span class='ocrx_word' id='word_1_210' title='bbox 430 3198 446 3234; x_wconf 74' lang='lat' dir='ltr'><strong>s</strong></span> <span class='ocrx_word' id='word_1_211' title='bbox 463 3177 542 3242; x_wconf 92' lang='lat' dir='ltr'><strong>item</strong></span> <span class='ocrx_word' id='word_1_212' title='bbox 567 3180 688 3241; x_wconf 89' lang='lat' dir='ltr'><strong>idatius</strong></span> <span class='ocrx_word' id='word_1_213' title='bbox 710 3180 741 3240; x_wconf 91' lang='lat' dir='ltr'><strong>io</strong></span> <span class='ocrx_word' id='word_1_214' title='bbox 762 3179 924 3241; x_wconf 86' lang='lat' dir='ltr'><strong>Chronico</strong></span> <span class='ocrx_word' id='word_1_215' title='bbox 946 3179 992 3240; x_wconf 93' lang='lat' dir='ltr'><strong>bis</strong></span> <span class='ocrx_word' id='word_1_216' title='bbox 1007 3178 1100 3240; x_wconf 92' lang='lat' dir='ltr'><strong>illum</strong></span> <span class='ocrx_word' id='word_1_217' title='bbox 1117 3179 1263 3258; x_wconf 85' lang='lat' dir='ltr'><strong>appellat</strong></span> 
     </span>
     <span class='ocr_line' id='line_1_29' title="bbox 142 3278 1257 3359; baseline 0 -18"><span class='ocrx_word' id='word_1_218' title='bbox 142 3289 306 3341; x_wconf 86' lang='lat' dir='ltr'><strong>sanctum.</strong></span> <span class='ocrx_word' id='word_1_219' title='bbox 333 3279 369 3340; x_wconf 93' lang='lat' dir='ltr'><strong>ln</strong></span> <span class='ocrx_word' id='word_1_220' title='bbox 390 3281 528 3359; x_wconf 87' lang='lat' dir='ltr'><strong>antiquis</strong></span> <span class='ocrx_word' id='word_1_221' title='bbox 552 3278 716 3342; x_wconf 90' lang='lat' dir='ltr'><strong>ilomanae</strong></span> <span class='ocrx_word' id='word_1_222' title='bbox 737 3288 769 3342; x_wconf 89' lang='lat' dir='ltr'><strong>et</strong></span> <span class='ocrx_word' id='word_1_223' title='bbox 789 3280 929 3341; x_wconf 90' lang='lat' dir='ltr'><strong>aliarum</strong></span> <span class='ocrx_word' id='word_1_224' title='bbox 950 3280 1123 3341; x_wconf 90' lang='lat' dir='ltr'><strong>occidentis</strong></span> <span class='ocrx_word' id='word_1_225' title='bbox 1154 3278 1257 3342; x_wconf 88' lang='lat' dir='ltr'><strong>eccle·</strong></span> 
     </span>
     <span class='ocr_line' id='line_1_30' title="bbox 141 3375 1259 3456; baseline -0.001 -16"><span class='ocrx_word' id='word_1_226' title='bbox 141 3377 269 3440; x_wconf 89' lang='lat' dir='ltr'><strong>siarum</strong></span> <span class='ocrx_word' id='word_1_227' title='bbox 293 3375 470 3440; x_wconf 86' lang='lat' dir='ltr'><strong>Breriariis</strong></span> <span class='ocrx_word' id='word_1_228' title='bbox 485 3388 618 3442; x_wconf 90' lang='lat' dir='ltr'><strong>notatur</strong></span> <span class='ocrx_word' id='word_1_229' title='bbox 639 3380 755 3441; x_wconf 75' lang='lat' dir='ltr'><strong>iestn&#39;m</strong></span> <span class='ocrx_word' id='word_1_230' title='bbox 777 3399 803 3440; x_wconf 87' lang='lat' dir='ltr'><strong>s.</strong></span> <span class='ocrx_word' id='word_1_231' title='bbox 826 3377 968 3441; x_wconf 81' lang='lat' dir='ltr'><strong>loannis.</strong></span> <span class='ocrx_word' id='word_1_232' title='bbox 986 3378 1026 3442; x_wconf 89' lang='lat' dir='ltr'><strong>Et</strong></span> <span class='ocrx_word' id='word_1_233' title='bbox 1046 3380 1106 3440; x_wconf 92' lang='lat' dir='ltr'><strong>iste</strong></span> <span class='ocrx_word' id='word_1_234' title='bbox 1127 3384 1186 3454; x_wconf 85' lang='lat' dir='ltr'><strong>est,</strong></span> <span class='ocrx_word' id='word_1_235' title='bbox 1203 3377 1259 3456; x_wconf 91' lang='lat' dir='ltr'><strong>qui</strong></span> 
     </span>
     <span class='ocr_line' id='line_1_31' title="bbox 142 3475 1259 3561; baseline 0.002 -20"><span class='ocrx_word' id='word_1_236' title='bbox 142 3493 219 3541; x_wconf 90' lang='lat' dir='ltr'><strong>cum</strong></span> <span class='ocrx_word' id='word_1_237' title='bbox 239 3475 472 3561; x_wconf 87' lang='lat' dir='ltr'><strong>Chrysostomo</strong></span> <span class='ocrx_word' id='word_1_238' title='bbox 500 3498 643 3542; x_wconf 86' lang='lat' dir='ltr'><strong>asserens</strong></span> <span class='ocrx_word' id='word_1_239' title='bbox 664 3498 759 3559; x_wconf 86' lang='lat' dir='ltr'><strong>saepe</strong></span> <span class='ocrx_word' id='word_1_240' title='bbox 780 3499 813 3542; x_wconf 91' lang='lat' dir='ltr'><strong>se</strong></span> <span class='ocrx_word' id='word_1_241' title='bbox 834 3479 1006 3559; x_wconf 82' lang='lat' dir='ltr'><strong>Origenem</strong></span> <span class='ocrx_word' id='word_1_242' title='bbox 1036 3481 1118 3543; x_wconf 89' lang='lat' dir='ltr'><strong>scire</strong></span> <span class='ocrx_word' id='word_1_243' title='bbox 1149 3480 1259 3543; x_wconf 89' lang='lat' dir='ltr'><strong>catho-</strong></span> 
     </span>
     <span class='ocr_line' id='line_1_32' title="bbox 140 3575 1259 3662; baseline 0.003 -21"><span class='ocrx_word' id='word_1_244' title='bbox 140 3577 267 3655; x_wconf 90' lang='lat' dir='ltr'><strong>licum,</strong></span> <span class='ocrx_word' id='word_1_245' title='bbox 292 3597 308 3639; x_wconf 93' lang='lat' dir='ltr'><strong>a</strong></span> <span class='ocrx_word' id='word_1_246' title='bbox 333 3575 532 3662; x_wconf 88' lang='lat' dir='ltr'><strong>Hieronymo</strong></span> <span class='ocrx_word' id='word_1_247' title='bbox 564 3590 595 3642; x_wconf 93' lang='lat' dir='ltr'><strong>et</strong></span> <span class='ocrx_word' id='word_1_248' title='bbox 616 3579 796 3659; x_wconf 89' lang='lat' dir='ltr'><strong>Epiphanio</strong></span> <span class='ocrx_word' id='word_1_249' title='bbox 817 3581 894 3644; x_wconf 92' lang='lat' dir='ltr'><strong>solis</strong></span> <span class='ocrx_word' id='word_1_250' title='bbox 915 3582 1123 3662; x_wconf 84' lang='lat' dir='ltr'><strong>imaginariae</strong></span> <span class='ocrx_word' id='word_1_251' title='bbox 1144 3583 1259 3644; x_wconf 89' lang='lat' dir='ltr'><strong>haere·</strong></span> 
     </span>
     <span class='ocr_line' id='line_1_33' title="bbox 140 3680 746 3762; baseline -0.005 -16"><span class='ocrx_word' id='word_1_252' title='bbox 140 3697 214 3746; x_wconf 82' lang='lat' dir='ltr'><strong>scos</strong></span> <span class='ocrx_word' id='word_1_253' title='bbox 237 3680 442 3760; x_wconf 74' lang='lat' dir='ltr'><strong>origenianae</strong></span> <span class='ocrx_word' id='word_1_254' title='bbox 465 3682 681 3745; x_wconf 83' lang='lat' dir='ltr'><strong>insimulatur.</strong></span> <span class='ocrx_word' id='word_1_255' title='bbox 705 3680 746 3762; x_wconf 45' lang='grc' dir='ltr'><strong>(ἥ)</strong></span> 
     </span>
    </p>
   </div>
   <div class='ocr_carea' id='block_1_4' title="bbox 140 3919 1259 4281">
    <p class='ocr_par' dir='ltr' id='par_1_4' title="bbox 140 3919 1259 4281">
     <span class='ocr_line' id='line_1_34' title="bbox 219 3919 1250 3998; baseline 0.006 -23"><span class='ocrx_word' id='word_1_256' title='bbox 219 3919 252 3993; x_wconf 86' lang='lat'><strong>(*)</strong></span> <span class='ocrx_word' id='word_1_257' title='bbox 273 3920 391 3976; x_wconf 83' lang='lat' dir='ltr'><strong>Interim</strong></span> <span class='ocrx_word' id='word_1_258' title='bbox 408 3927 502 3978; x_wconf 86' lang='lat' dir='ltr'><strong>autem</strong></span> <span class='ocrx_word' id='word_1_259' title='bbox 519 3928 631 3980; x_wconf 83' lang='lat' dir='ltr'><strong>notetur</strong></span> <span class='ocrx_word' id='word_1_260' title='bbox 642 3923 735 3996; x_wconf 88' lang='lat' dir='ltr'><strong>quoad</strong></span> <span class='ocrx_word' id='word_1_261' title='bbox 746 3924 819 3981; x_wconf 87' lang='lat' dir='ltr'><strong>hanc</strong></span> <span class='ocrx_word' id='word_1_262' title='bbox 831 3924 1033 3998; x_wconf 86' lang='lat' dir='ltr'><strong>quaestionem,</strong></span> <span class='ocrx_word' id='word_1_263' title='bbox 1043 3923 1250 3998; x_wconf 86' lang='lat' dir='ltr'><strong>Hieronymum</strong></span> 
     </span>
     <span class='ocr_line' id='line_1_35' title="bbox 140 4012 1258 4090; baseline 0.004 -21"><span class='ocrx_word' id='word_1_264' title='bbox 140 4015 174 4070; x_wconf 87' lang='lat' dir='ltr'><strong>in</strong></span> <span class='ocrx_word' id='word_1_265' title='bbox 194 4012 283 4069; x_wconf 86' lang='lat' dir='ltr'><strong>Libro</strong></span> <span class='ocrx_word' id='word_1_266' title='bbox 301 4013 434 4071; x_wconf 76' lang='lat' dir='ltr'><strong>adeamus</strong></span> <span class='ocrx_word' id='word_1_267' title='bbox 451 4015 588 4072; x_wconf 78' lang='lat' dir='ltr'><strong>ioannem</strong></span> <span class='ocrx_word' id='word_1_268' title='bbox 606 4022 635 4072; x_wconf 87' lang='lat' dir='ltr'><strong>ei</strong></span> <span class='ocrx_word' id='word_1_269' title='bbox 652 4034 674 4072; x_wconf 90' lang='lat' dir='ltr'><strong>s.</strong></span> <span class='ocrx_word' id='word_1_270' title='bbox 695 4017 885 4090; x_wconf 85' lang='lat' dir='ltr'><strong>Epiphaniam</strong></span> <span class='ocrx_word' id='word_1_271' title='bbox 905 4020 935 4074; x_wconf 93' lang='lat' dir='ltr'><strong>in</strong></span> <span class='ocrx_word' id='word_1_272' title='bbox 953 4018 1053 4075; x_wconf 86' lang='lat' dir='ltr'><strong>litteris</strong></span> <span class='ocrx_word' id='word_1_273' title='bbox 1071 4018 1106 4074; x_wconf 89' lang='lat' dir='ltr'><strong>ad</strong></span> <span class='ocrx_word' id='word_1_274' title='bbox 1128 4019 1258 4075; x_wconf 88' lang='lat' dir='ltr'><strong>eumdem</strong></span> 
     </span>
     <span class='ocr_line' id='line_1_36' title="bbox 140 4105 1255 4186; baseline 0.002 -22"><span class='ocrx_word' id='word_1_275' title='bbox 140 4105 257 4180; x_wconf 84' lang='lat' dir='ltr'><strong>scriptis</strong></span> <span class='ocrx_word' id='word_1_276' title='bbox 276 4108 360 4163; x_wconf 83' lang='lat' dir='ltr'><strong>inniti</strong></span> <span class='ocrx_word' id='word_1_277' title='bbox 378 4126 461 4181; x_wconf 87' lang='lat' dir='ltr'><strong>supra</strong></span> <span class='ocrx_word' id='word_1_278' title='bbox 479 4109 535 4164; x_wconf 92' lang='lat' dir='ltr'><strong>duo</strong></span> <span class='ocrx_word' id='word_1_279' title='bbox 553 4110 624 4166; x_wconf 84' lang='lat' dir='ltr'><strong>falsa</strong></span> <span class='ocrx_word' id='word_1_280' title='bbox 641 4111 796 4184; x_wconf 85' lang='lat' dir='ltr'><strong>supposita.</strong></span> <span class='ocrx_word' id='word_1_281' title='bbox 810 4112 949 4186; x_wconf 79' lang='lat' dir='ltr'><strong>Origenes</strong></span> <span class='ocrx_word' id='word_1_282' title='bbox 968 4112 1043 4168; x_wconf 91' lang='lat' dir='ltr'><strong>enim</strong></span> <span class='ocrx_word' id='word_1_283' title='bbox 1060 4128 1113 4170; x_wconf 88' lang='lat' dir='ltr'><strong>nac</strong></span> <span class='ocrx_word' id='word_1_284' title='bbox 1134 4112 1255 4185; x_wconf 87' lang='lat' dir='ltr'><strong>scripsit,</strong></span> 
     </span>
     <span class='ocr_line' id='line_1_37' title="bbox 140 4199 1259 4281; baseline 0.005 -26"><span class='ocrx_word' id='word_1_285' title='bbox 140 4216 195 4255; x_wconf 90' lang='lat' dir='ltr'><strong>nec</strong></span> <span class='ocrx_word' id='word_1_286' title='bbox 214 4199 359 4272; x_wconf 84' lang='lat' dir='ltr'><strong>professus</strong></span> <span class='ocrx_word' id='word_1_287' title='bbox 381 4208 424 4258; x_wconf 85' lang='lat' dir='ltr'><strong>est</strong></span> <span class='ocrx_word' id='word_1_288' title='bbox 442 4219 547 4259; x_wconf 88' lang='lat' dir='ltr'><strong>errores</strong></span> <span class='ocrx_word' id='word_1_289' title='bbox 566 4203 625 4260; x_wconf 89' lang='lat' dir='ltr'><strong>suis</strong></span> <span class='ocrx_word' id='word_1_290' title='bbox 648 4203 768 4262; x_wconf 81' lang='lat' dir='ltr'><strong>insertos</strong></span> <span class='ocrx_word' id='word_1_291' title='bbox 792 4205 889 4271; x_wconf 83' lang='lat' dir='ltr'><strong>libris,</strong></span> <span class='ocrx_word' id='word_1_292' title='bbox 914 4205 960 4262; x_wconf 87' lang='lat' dir='ltr'><strong>vel</strong></span> <span class='ocrx_word' id='word_1_293' title='bbox 985 4205 1038 4263; x_wconf 87' lang='lat' dir='ltr'><strong>sub</strong></span> <span class='ocrx_word' id='word_1_294' title='bbox 1062 4207 1124 4281; x_wconf 83' lang='lat' dir='ltr'><strong>ejus</strong></span> <span class='ocrx_word' id='word_1_295' title='bbox 1147 4207 1259 4263; x_wconf 91' lang='lat' dir='ltr'><strong>nomine</strong></span> 
     </span>
    </p>
   </div>
   <div class='ocr_carea' id='block_1_5' title="bbox 0 0 1448 4784">
    <p class='ocr_par' dir='ltr' id='par_1_5' title="bbox 0 0 1448 4784">
     <span class='ocr_line' id='line_1_38' title="bbox 0 0 1448 4784; baseline 0 0"><span class='ocrx_word' id='word_1_296' title='bbox 0 0 1448 4784; x_wconf 95' lang='lat' dir='ltr'><strong> </strong></span> 
     </span>
    </p>
   </div>
  </div>
 </body>
</html>
