2886 4784
242 447 332 514 Unde
354 467 431 529 ergo
455 456 517 512 tant
541 448 698 514 netandae
714 448 971 514 insimulationes
986 450 1016 511 in
1031 445 1249 518 ,iustinianuml

103 630 109 641 ,
161 551 251 616 Unde
274 553 415 615 historici
439 553 558 614 incauti
586 554 769 614 occasiones
795 568 946 629 reperere
975 553 1165 632 reprobandi
1185 558 1250 618 hunc

164 655 370 736 principem?
391 656 450 718 nisi
473 657 504 715 in
526 656 650 733 laqueis
672 657 756 732 capti
778 656 1072 730 schismaticorum,
1088 657 1143 736 qui
1158 657 1250 720 obtria

164 741 319 836 Capitale.
335 759 496 832 damnata,
510 757 666 835 lugebant
682 754 848 817 Ecclesiae
869 756 1016 836 oiadem3
1039 775 1114 821 cnm
1136 758 1190 838 ipsi
1206 759 1252 821 soli

165 859 264 922 eladis
288 857 386 938 hujus
402 867 554 920 unctores
577 855 725 920 inerint?
741 856 960 931 Quamobrem
983 877 1046 936 non
1066 862 1122 921 abs
1138 879 1171 923 re
1185 860 1255 922 l'ela·

163 967 235 1042 gius
258 961 297 1023 ll.
322 962 433 1040 viginti
464 961 594 1023 circiter
615 979 714 1022 annos
737 969 829 1037 post,
852 962 890 1022 de
916 962 1107 1024 eorumdem
1133 951 1256 1043 persica·

162 1067 212 1126 uia
234 1072 443 1142 conquestus,
468 1063 506 1123 ad
532 1061 638 1123 Elium
662 1062 891 1142 aquilejensem
914 1064 1072 1125 scribebat
1088 1084 1097 1126 r
1115 1087 1130 1122 n
1147 1063 1217 1126 Ecce
1231 1063 1257 1126 iu

163 1165 285 1227 conclis
305 1163 418 1225 ruendi
434 1163 581 1243 portibus
602 1171 713 1225 saecla
734 1173 762 1223 ct
782 1160 977 1233 universalis
1005 1163 1148 1228 Ecclesia
1167 1163 1256 1228 cuitu·

164 1266 206 1330 ris
226 1285 301 1328 succ
321 1264 424 1328 radiis
445 1261 632 1344 sulpetaScd
653 1275 755 1325 temen
771 1265 875 1326 adbuc
892 1265 1034 1327 umbram
1056 1276 1177 1329 vestrae
1193 1265 1258 1328 diei·

164 1367 265 1430 sionir
286 1367 426 1431 sustinet.
454 1365 573 1446 llbiquc
593 1366 629 1428 in
648 1365 723 1448 fidet
746 1376 831 1427 statu
856 1369 1030 1445 perduret:
1063 1371 1117 1432 scd
1145 1371 1259 1449 prindere

163 1489 230 1531 eum
250 1470 287 1530 dc
309 1489 367 1531 suo
388 1470 487 1532 salute
503 1466 646 1548 prohibet
667 1468 801 1542 vulnus,
828 1470 913 1548 qnod
932 1470 969 1531 dc
989 1479 1095 1532 oestro
1116 1469 1258 1533 abscissio·

159 1576 202 1632 'ric
223 1572 389 1632 toleret.»
449 1612 451 1616 ψ

181 1712 184 1721 ·
220 1736 223 1741 ,
246 1673 292 1735 lle
314 1676 453 1747 ceteris,
476 1675 501 1736 si
524 1673 694 1752 bucusque
716 1673 918 1751 ignorantia,
940 1675 1051 1738 illusio
1083 1683 1116 1738 et
1144 1673 1256 1754 peridis

165 1783 229 1835 tam
253 1777 282 1839 in
304 1773 451 1852 Origenis
474 1784 505 1837 et
527 1775 775 1852 origenistarum
798 1777 997 1851 quaestione,
1019 1795 1118 1853 quam
1141 1779 1171 1838 in
1191 1773 1258 1854 Vigi-

163 1877 199 1938 lii
224 1876 328 1953 Papae
349 1886 379 1938 et
396 1875 567 1939 lastiniani
591 1876 722 1937 historia
746 1876 962 1952 deplorandae
983 1878 1067 1955 sint3
1085 1878 1146 1941 hoc
1165 1887 1255 1940 autem

164 1981 305 2040 nearime
326 1980 471 2040 eerriitnr
492 1979 522 2038 in
551 1980 739 2057 quaestione
762 1978 860 2040 triuur
883 1977 1124 2056 capitulorum.
1149 1979 1195 2040 lle
1210 1981 1257 2041 bac

161 2100 237 2144 sane
258 2083 449 2159 quaestione
471 2081 556 2154 dico,
576 2080 631 2140 nbi
658 2081 688 2139 in
718 2080 827 2158 primis
849 2082 941 2158 origo
968 2083 1065 2143 totius
1086 2082 1220 2143 scandali
1233 2090 1256 2140 et

160 2183 338 2251 schismatis
375 2181 462 2259 qnod
494 2181 525 2241 in
557 2180 717 2241 nonnullis
740 2179 884 2242 eeclesiis
908 2181 1060 2255 atricae,
1088 2183 1253 2262 Superioris

162 2279 287 2354 ltaliae,
313 2279 448 2364 lllyrici,
471 2279 615 2359 alibique
637 2279 675 2340 ad
699 2290 827 2342 eentum
851 2282 918 2343 iere
941 2285 1133 2362 perdurarit
1154 2305 1253 2360 annos,

160 2383 343 2446 omnimoda
365 2383 535 2459 repetentia
559 2390 638 2442 esta
657 2379 744 2443 Cleri
767 2382 899 2446 illarum
922 2386 1164 2463 provinciarum
1185 2389 1255 2467 igne

160 2486 262 2546 nuntia
271 2503 284 2562 3
300 2483 340 2543 ab
363 2483 514 2544 historiae
535 2491 567 2543 et
581 2483 714 2561 liuguae
733 2501 867 2562 graecae
881 2487 1041 2563 imperitia
1064 2490 1204 2569 inquam,
1223 2492 1254 2551 si·

160 2587 228 2650 enti
250 2585 444 2663 amplissime
475 2593 559 2663 patet
592 2586 623 2645 in
653 2586 743 2647 libris
766 2586 908 2648 Facundi
937 2587 1189 2668 hermianensis,
1208 2592 1251 2671 qui

160 2687 355 2768 praecipuos
376 2685 515 2746 babetur
537 2685 634 2764 hujus
656 2687 834 2748 schismatis
854 2698 982 2750 artetur.

240 2785 282 2848 Et
304 2787 375 2847 ideo
398 2787 480 2859 idem
499 2785 682 2863 Gregorius
704 2806 798 2866 saepe
821 2789 851 2848 iu
873 2789 1025 2865 praelatis
1040 2791 1253 2869 epistolissu-

162 2889 298 2966 perioris
323 2885 435 2947 ltaliae
459 2895 491 2946 et
517 2884 638 2968 lllyrici
662 2890 817 2963 episcopis
839 2891 1038 2968 increpavit,
1063 2894 1122 2955 hos
1146 2897 1255 2973 ignaros

162 3008 294 3060 vocaus,
318 3006 388 3049 cnm
410 3007 478 3060 nec,
502 2987 832 3066 quecloqucbenlu-r,
862 2991 1096 3070 intelligerent,
1119 3014 1211 3076 neque
1227 2995 1255 3055 dc

159 3090 276 3170 quihus
297 3091 499 3167 affirmarent.
519 3087 563 3150 De
588 3089 634 3150 his
657 3092 867 3152 certiorantur
889 3093 1031 3155 discussa
1048 3099 1079 3158 in
1093 3095 1193 3160 Torua
1208 3094 1251 3158 ll.

159 3211 188 3254 c.
212 3191 299 3254 Vlll.
321 3200 354 3253 et
375 3193 564 3269 praesertim
587 3209 634 3253 cc.
659 3189 726 3252 XV.
750 3203 781 3253 et
803 3191 887 3253 xit.
915 3193 947 3255 ln
969 3197 1102 3275 quibus,
1124 3202 1212 3262 sicuti
1229 3208 1253 3262 et

159 3293 261 3365 alibi,
286 3311 348 3352 non
370 3292 475 3352 solnm
499 3310 539 3351 ex
561 3310 586 3350 s.
611 3289 760 3368 Gregorii
789 3295 969 3355 testimonio
996 3297 1050 3357 sed
1075 3307 1107 3360 et
1130 3301 1252 3362 aliorum

159 3395 215 3474 qui
238 3402 503 3472 praecesserunt,
531 3391 743 3465 Pontificum,
767 3395 887 3454 ostendi
910 3397 1066 3476 quidquid
1092 3419 1199 3479 reapse
1219 3402 1252 3462 ia·

158 3501 248 3556 ctum
269 3500 317 3555 est
339 3493 369 3553 in
392 3491 520 3572 Syuudo
545 3489 581 3552 V.
604 3500 635 3552 et
660 3494 824 3570 quomodo
846 3493 981 3574 Vigilins
1012 3508 1045 3560 et
1068 3499 1252 3564 iustinianut

159 3603 191 3656 et
211 3594 352 3672 episcopi
375 3591 550 3653 orientales
573 3598 605 3653 et
626 3593 681 3671 qni
704 3595 744 3653 ab
765 3594 938 3657 Occidente
966 3611 1132 3675 venerant,
1149 3604 1252 3664 antisti·

160 3703 218 3769 tes,
241 3712 302 3755 non
325 3713 366 3753 es
389 3704 490 3764 metu,
514 3711 572 3753 nec
596 3693 638 3766 vi,
656 3711 712 3756 nec
734 3695 910 3773 promissis,
926 3698 979 3759 sed
999 3718 1039 3761 ex
1062 3702 1171 3765 intima
1192 3719 1251 3765 cun·

156 3791 288 3858 scientia
311 3812 499 3856 currsensere
528 3795 558 3853 iu
582 3795 683 3855 tribus
711 3796 867 3873 Capitulis
895 3798 1081 3862 damnandis
1113 3804 1251 3865 adversus

157 3897 290 3957 illorum
319 3895 529 3973 ignorantiam
552 3904 583 3955 et
607 3897 842 3971 pervicaciam,
875 3901 930 3978 qni
963 3920 999 3961 ea
1033 3903 1249 3966 deleudebaut:

44 4069 46 4072 ¹
156 4005 188 4058 et
208 4002 329 4074 quanto
349 3995 424 4074 jure
448 3994 625 4072 repulerint
644 4013 721 4056 vana
746 3998 876 4060 illorum
899 4014 1104 4080 argumenta.

235 4095 443 4175 Quapropter
465 4098 583 4168 nescio,
608 4115 722 4158 rursus
744 4098 836 4172 dicu,
860 4119 962 4179 qnare
986 4105 1131 4167 historici
1155 4123 1246 4166 recen·

160 4200 257 4262 tiores
281 4197 493 4274 inmemores,
515 4196 742 4274 limpidissimis
764 4198 987 4268 Romanorum
1011 4203 1211 4282 Pontificum,
1225 4211 1249 4264 et
