2886 4784
1217 387 1277 455 175

154 495 408 575 recognitionem
432 491 650 568 invocavero,
672 489 1013 573 sccundumjustitiac
1043 491 1119 572 jura
1154 492 1184 552 id
1218 512 1277 571 po·

153 599 259 672 stolo,
280 598 439 658 neminem
463 592 602 656 afficiens
625 593 756 673 injuria.
780 590 821 670 (sq

237 695 377 758 Huetins
400 712 499 774 porro
521 697 588 771 ipse
610 712 741 772 quoque
764 696 899 754 miratus
922 712 1011 756 cura
1030 690 1201 771 Theophili
1224 712 1277 755 ae·

158 805 223 860 tate
250 798 364 876 plures
396 796 540 858 doctrina
574 803 606 855 et
640 796 756 872 pietate
789 797 923 873 insignes
956 798 1038 857 tueri
1072 793 1244 874 Origenem
1262 815 1273 872 3

157 918 217 962 nec
241 911 347 961 tamen
371 900 480 961 volens
503 899 576 959 illos
600 905 636 959 ut
657 899 836 959 haereticos
860 900 1003 973 hahere,
1033 899 1270 960 distinctionem

155 1002 357 1081 excogitavit
378 1002 462 1062 inter
483 1000 682 1078 origenistas
697 1001 900 1088 qrthodoxos
922 1011 953 1063 et
975 1002 1205 1063 heterodoxos.
1221 997 1272 1059 ln·

160 1110 210 1165 ter
231 1102 434 1165 orthodoxos
457 1104 640 1163 numeravit
661 1098 818 1163 ‚loannem
841 1099 1123 1182 chrysostomum,
1147 1098 1277 1162 Theoti-

158 1223 248 1267 mum
273 1206 463 1267 tomitanam
487 1206 689 1282 episeopum,
706 1221 743 1265 ac
765 1204 937 1266 nonnullos
959 1206 1050 1266 alios.
1079 1202 1163 1265 luter
1185 1203 1273 1264 heto-

240 1473 273 1545 (*)
295 1472 350 1529 Hte
369 1480 461 1530 autem
479 1475 626 1547 praeterire
645 1473 710 1530 nolo
729 1474 805 1547 quod
822 1472 919 1530 scribit
934 1493 957 1531 s.
972 1473 1147 1548 Epiphanius
1159 1471 1194 1528 de
1205 1489 1274 1527 non·

169 1563 275 1634 nullis,
295 1584 346 1622 sne
365 1573 455 1623 aetate
473 1568 557 1636 notis,
580 1567 726 1624 haereticis
747 1566 897 1643 oriqenistae
917 1569 1032 1635 voeatis,
1052 1566 1165 1622 nescius
1186 1583 1221 1620 an
1244 1565 1279 1620 ab

166 1658 292 1733 Origene
316 1659 484 1716 Adamantio
509 1662 551 1718 vel
574 1661 609 1717 ab
632 1661 725 1733 aliquo
748 1661 801 1715 alio
824 1662 863 1716 ita
887 1661 1025 1716 dicantur.
1050 1661 1093 1714 De
1116 1658 1219 1731 quihus
1242 1675 1277 1713 ex

168 1751 277 1807 haeresi
300 1751 346 1808 63,
368 1771 396 1810 n.
420 1753 446 1809 1.
463 1755 521 1810 ait:
543 1778 556 1806 α
579 1753 688 1810 Horum
713 1753 836 1810 haeresis
856 1753 891 1808 ad
912 1754 1066 1827 Epiphania
1089 1754 1193 1828 dogma
1216 1770 1281 1810 eon·
1352 1799 1356 1814 .

163 1843 285 1900 formata
303 1846 430 1914 videtur;
448 1847 557 1920 dequo
577 1848 607 1903 in
630 1849 825 1922 gnosticorum
844 1855 920 1902 secta
936 1864 1092 1903 sermonem
1117 1855 1198 1902 antea
1215 1847 1281 1902 feci-

163 1956 238 1994 mus.
260 1939 349 1995 Iidem
368 1941 492 1997 diversos
512 1960 547 1997 ex
565 1948 656 1998 vetere
677 1948 706 1998 et
723 1960 795 1998 novo
808 1943 987 1998 Testamento
1001 1942 1087 1997 libros
1099 1941 1279 1996 adsciscunt:

166 2125 320 2193 adhibent3
340 2127 464 2200 adeoque
486 2131 561 2184 omni
584 2146 686 2203 genere
702 2128 853 2201 spurcitiae
875 2135 904 2183 et
922 2144 1025 2200 corpus
1045 2143 1129 2182 snum
1154 2132 1182 2181 et
1204 2143 1281 2181 men-

164 2225 234 2287 tem,
258 2219 435 2293 animamque
453 2223 652 2278 contaminant.
678 2222 799 2289 Quidam
821 2221 897 2276 enim
916 2237 952 2277 ex
971 2220 1007 2276 iis
1023 2220 1207 2275 monasticam
1235 2219 1281 2273 vi-

166 2317 225 2366 tam
248 2311 343 2383 speeie
360 2313 422 2385 ipsa
447 2314 613 2385 profitentur
625 2336 633 2382 ;
657 2313 811 2385 itidemque
840 2311 970 2366 mulieres
1000 2311 1074 2367 idem
1101 2310 1175 2366 vitae
1196 2293 1283 2366 insti-

165 2407 263 2458 tutum
282 2402 449 2475 praeferunt.
472 2426 485 2454 »
506 2405 598 2461 Paulo.
614 2412 679 2478 post
702 2404 780 2460 addit
803 2403 903 2461 Libros
922 2422 1034 2478 quoque
1055 2404 1230 2478 apocryphos
1244 2403 1279 2459 ab

166 2495 203 2551 iis
221 2497 372 2569 acceptari,
394 2515 498 2571 eosque
519 2502 554 2555 de
573 2501 680 2555 incesta
702 2499 749 2554 illa
768 2515 820 2555 sua
838 2516 937 2556 venere
956 2499 1080 2573 gloriari,
1100 2516 1218 2572 eamque
1235 2515 1285 2553 an·

165 2588 263 2646 dacter
285 2607 318 2645 ac
341 2592 402 2647 sine
421 2592 479 2648 ullo
498 2593 603 2666 pudore
623 2598 790 2666 perpetrare.
805 2593 847 2648 De
866 2593 920 2649 hoe
939 2600 1048 2649 tantum
1072 2591 1118 2648 his
1139 2590 1285 2647 haereticis

165 2683 295 2755 increpat
315 2702 339 2740 s.
363 2683 550 2758 Epiphanius,
575 2685 652 2759 quod
672 2687 712 2741 nil
735 2704 883 2743 commune
907 2686 991 2743 habet
1013 2704 1079 2743 cum
1102 2690 1286 2759 praesumpta
1388 2677 1400 2684 ’

167 2777 370 2833 monachorum
390 2777 528 2835 haeretica
546 2780 686 2847 doctrina;
707 2797 795 2852 eoque
812 2780 904 2853 magis
925 2797 991 2835 oum
1015 2786 1043 2835 et
1063 2780 1098 2835 ab
1120 2778 1225 2835 eisdem
1237 2776 1285 2833 ad·

168 2870 301 2925 versariis
319 2871 467 2927 nitrienses
486 2871 616 2927 monachi
636 2879 826 2947 agnoscantur
851 2873 908 2927 vita
929 2878 957 2928 et
979 2872 1105 2928 moribus
1129 2873 1280 2928 continen-

167 2961 291 3018 tissimi:
309 2978 325 3016 a
341 2963 443 3035 quibus
461 2963 543 3037 plane
558 2965 699 3032 differunt,
720 2965 769 3037 qui
783 2965 817 3020 ab
835 2964 993 3038 Epiphanio
1011 2971 1143 3021 notantur
1155 2964 1280 3038 cujusvis

166 3054 361 3127 impudicitiae
382 3056 494 3130 generis
512 3057 626 3115 addicti.

244 3148 344 3220 Neque
360 3150 428 3204 item
446 3167 511 3206 oum
530 3157 625 3206 nostre
642 3151 806 3223 quaestione
823 3151 1054 3219 confundendus,
1075 3168 1159 3223 quem
1178 3155 1287 3206 Auctor

169 3241 250 3298 Libri
279 3242 483 3300 Prnedeatinotna
500 3261 525 3300 c.
545 3245 653 3301 XLIII.
674 3247 800 3301 nominat
827 3245 1042 3317 Ampullianum
1069 3243 1288 3301 haeresiarcham

169 3336 354 3410 bithyniam:
376 3361 389 3389 α
409 3340 458 3411 qni
476 3337 594 3396 incurrit
612 3339 695 3395 talem
713 3339 859 3409 haeresim,
879 3345 913 3394 nt
930 3340 1052 3406 diceret,
1072 3356 1169 3395 omnes
1188 3339 1286 3395 crimi-

169 3447 260 3486 nosos
278 3448 343 3486 cnm
361 3431 471 3488 diabolo
489 3440 518 3488 et
535 3431 690 3488 daemoniis
707 3451 831 3506 eousque
849 3435 879 3489 in
897 3434 1027 3508 gehenna
1045 3434 1172 3506 decoqui,
1187 3449 1289 3505 nsque-

170 3539 229 3595 quo
248 3524 312 3595 puri
330 3524 450 3592 redditi,
471 3526 581 3598 possint
600 3525 665 3580 inde
684 3526 782 3581 mundi
802 3534 831 3583 et
848 3527 1021 3582 immaculati
1047 3526 1142 3600 egredi
1161 3525 1196 3581 ad
1214 3524 1288 3593 hoo,

169 3617 248 3697 quod
267 3623 349 3672 antea
365 3618 476 3673 fuerant
494 3617 577 3674 alieni
595 3635 612 3673 a
630 3619 732 3692 culpa,
754 3636 806 3674 suo
824 3620 925 3675 iterum
944 3621 1067 3677 Creatori
1092 3617 1214 3674 restitui.
1234 3616 1290 3672 Hic

170 3726 239 3765 oum
259 3716 422 3783 argueretur
439 3711 474 3766 ab
493 3711 619 3767 Ecclesia
636 3711 799 3779 universali,
814 3713 905 3783 coepit
918 3711 1036 3784 proferre
1050 3713 1135 3767 libros
1147 3709 1289 3782 Origenis‚

170 3820 246 3875 quos
264 3802 325 3875 ipse
341 3803 492 3872 vitiaverat,
512 3812 541 3860 et
559 3805 666 3860 dicere:
688 3802 754 3860 Eece
774 3802 837 3877 qnia
855 3803 973 3876 Otipenea
992 3802 1029 3860 ito
1046 3801 1136 3869 arant,
1156 3812 1178 3858 et
1192 3798 1292 3874 moed·

166 3913 221 3971 puc
240 3894 269 3952 in
287 3905 397 3969 quotuor
414 3895 571 3954 Pcrinrelton
591 3895 671 3953 tione.
692 3895 749 3953 Sed
774 3896 821 3967 qui
847 3896 908 3951 sani
940 3914 1042 3952 sensus
1067 3901 1127 3962 est,
1156 3902 1185 3950 et
1209 3893 1292 3948 habet

172 3988 340 4062 splendidos
359 3990 473 4056 oculos,
493 3992 534 4046 sic
553 3989 628 4046 videt
647 3990 741 4045 addita
759 3991 789 4044 in
808 3990 943 4063 Origenis
961 3989 1105 4063 opusculis
1123 3988 1195 4043 mala
1216 3987 1288 4054 ista,

174 4089 263 4155 atque
281 4083 437 4154 cognoscit,
458 4083 532 4138 sicut
552 4084 623 4139 siin
643 4081 770 4156 stragulo
789 4085 921 4138 coccineo
941 4100 1049 4154 pannos
1068 4082 1156 4149 albos,
1176 4087 1225 4136 aut
1243 4098 1292 4134 cn-

170 4177 279 4250 jusque
298 4176 411 4231 alterius
430 4177 540 4245 coloris,
561 4184 656 4233 cernat
674 4177 800 4234 adsatos.
821 4175 903 4243 Quod
923 4178 962 4232 ita
981 4193 1042 4233 esse
1060 4194 1083 4231 s.
1097 4187 1203 4248 martyr
1216 4175 1295 4230 Pam·

176 4267 275 4340 philus
291 4267 377 4324 docet
395 4273 447 4323 etc.
473 4290 486 4319 »
