2886 4784
202 460 262 524 Sed
287 479 366 540 prae
388 463 503 525 ceteris
525 463 753 527 attendendum
776 471 846 536 est,
869 465 968 543 quod¹
983 466 1103 545 legitur
1124 471 1156 530 in
1179 367 1242 535 1th

124 561 341 625 Praelationis
364 563 418 626 ubi
440 582 465 627 s.
491 562 643 627 irenaeus
665 566 806 629 amicum
822 583 917 627 suum
934 567 1129 647 alloquitur:
1147 591 1163 628 tt
1180 568 1242 634 Ve-

123 680 199 724 rum
222 681 273 736 ea,
297 681 382 742 quae
403 664 594 742 simpliciter
615 672 648 724 ot
671 683 747 727 vere
769 675 801 726 et
825 667 951 743 vulgari
973 686 1133 745 sermone,
1147 671 1242 733 baue-

124 763 200 824 vole
223 773 329 825 tamen
351 766 457 826 animo
478 764 517 825 sd
534 769 572 825 te
593 764 712 843 scripta
735 776 821 838 sunt,
848 776 882 828 tu
904 786 1036 847 quoque
1058 772 1127 848 pari
1145 773 1242 834 animi

122 863 350 927 benevolentia
371 867 529 943 accipies3
549 883 654 944 eaque
675 867 741 944 ipso
781 874 893 945 utpote
928 870 1020 931 nobis
1052 871 1240 944 eruditior.

120 966 216 1043 quasi
237 966 357 1027 semina
380 966 540 1044 quaedam
563 976 595 1028 et
616 967 703 1030 initia
726 984 743 1028 a
767 968 856 1030 uobis
877 976 1008 1046 accepta
1024 972 1109 1049 apud
1127 980 1157 1033 te
1172 990 1241 1039 am·

120 1064 292 1140 piidcabis‚
315 1076 414 1144 atque
435 1066 466 1127 iu
488 1067 602 1129 mentis
625 1075 701 1129 tuae
722 1066 914 1143 ladiundio,
947 1085 1032 1146 qnae
1057 1071 1201 1133 breviter
1220 1089 1239 1133 a

120 1163 214 1226 nobis
236 1164 319 1227 dicta
341 1172 428 1240 suut,
462 1165 596 1229 uberius
628 1166 766 1245 elieres3
800 1186 950 1247 quaeque
980 1188 1037 1232 nos
1070 1170 1240 1236 infirmiter

122 1267 343 1340 narravimus,
366 1285 403 1328 ea
427 1276 461 1330 tu
483 1269 534 1340 iis,
556 1268 753 1344 quibuscum
776 1270 833 1330 tibi
854 1270 1056 1332 cousuetudo
1083 1281 1152 1346 est,
1175 1290 1239 1338 nou

118 1364 189 1426 sine
211 1364 330 1426 roboro
351 1365 543 1430 declarabis.
568 1367 609 1430 tit
629 1367 904 1444 quemadmodum
927 1386 995 1442 nos,
1019 1367 1181 1447 flagitante
1204 1381 1235 1434 te

117 1461 222 1534 rebar
240 1465 468 1546 iaurpridetn,
490 1485 649 1546 quaenam
671 1473 754 1529 esset
775 1467 909 1530 illorum
933 1471 1101 1541 sententia,
1118 1472 1237 1537 intelli·

123 1587 214 1647 gere,
236 1569 422 1632 studuimus
443 1569 557 1632 sedulo
579 1587 643 1631 nou
664 1569 760 1631 modo
782 1588 852 1632 eam
877 1570 930 1630 tibi
947 1572 1150 1646 perspicuam
1167 1574 1241 1635 red·

120 1669 215 1742 dere,
230 1669 284 1730 sed
300 1670 340 1730 ad
357 1671 456 1748 ipsius
474 1670 646 1731 ialsitatem
662 1670 975 1732 commonstrandam
990 1666 1105 1759 ἐφόδια
1118 1671 1241 1741 viatica

123 1769 177 1832 vel
199 1771 370 1833 facultates
391 1770 621 1850 suppeditare:
645 1770 758 1833 eodem
781 1771 877 1833 modo
901 1780 935 1834 tu
957 1792 1090 1852 quoque
1119 1791 1179 1849 pro
1200 1792 1240 1836 ea

120 1871 226 1947 gratia
250 1868 306 1932 tibi
328 1886 345 1930 a
369 1867 505 1932 Domino
527 1869 709 1946 impertita,
732 1877 900 1947 prompte,
922 1871 1109 1950 obnixoque
1130 1871 1238 1935 studio

121 1970 242 2033 ceteris
265 1969 471 2044 ministrabis,
496 1977 533 2031 ut
553 1969 697 2032 homines
718 1987 782 2032 non
800 1968 866 2047 jam
889 1970 1028 2049 amplius
1050 1972 1091 2032 ab
1121 1989 1239 2037 eorum

117 2068 255 2133 suadela
277 2068 519 2133 abstrahantur.
543 2086 560 2126 a

203 2170 393 2251 anonymus
414 2188 514 2247 porro
536 2187 611 2236 cnm
633 2171 664 2232 in
686 2188 747 2233 sno
769 2169 912 2248 Prologo
933 2169 1029 2248 plura
1062 2171 1178 2234 similia
1200 2169 1240 2237 iis

119 2288 140 2332 a
161 2289 189 2332 s.
212 2269 373 2349 Episcopo
391 2270 485 2335 dictis
506 2268 708 2349 e'xposuerit,
731 2271 850 2350 adjecit
869 2288 904 2332 se
925 2272 1044 2335 horum
1058 2271 1239 2335 baeretico-

118 2388 198 2432 rum
218 2368 320 2440 attor
341 2371 419 2434 olim
442 2380 474 2434 et
494 2373 606 2434 stricte
627 2373 809 2435 declarasse
830 2372 1015 2450 opiniones:
1041 2393 1057 2430 a
1079 2369 1153 2435 Non
1168 2390 1236 2447 eas,

118 2476 238 2554 iuquit,
261 2475 516 2538 demonstrantes
536 2475 737 2554 simpliciter,
753 2476 808 2537 sed
831 2477 970 2537 crassius
991 2475 1235 2554 redarguentes,

120 2593 226 2652 quum
254 2593 374 2654 operae
401 2576 541 2655 pretium
563 2594 632 2638 esse
653 2577 796 2638 nondum
818 2585 1007 2655 putaremus
1029 2576 1164 2650 illorum
1185 2593 1238 2638 ar·

118 2693 202 2738 cana
223 2677 256 2738 in
278 2676 386 2740 lucem
407 2676 601 2757 protrahere
623 2683 684 2739 etc.
707 2695 723 2734 n
745 2678 840 2740 sicuti
862 2676 976 2738 deinde
992 2677 1188 2754 praestitisse
1202 2695 1237 2740 se

121 2775 255 2839 fatetur.
284 2773 494 2855 Quapropter
514 2794 589 2839 eum
611 2776 670 2839 iste
691 2777 723 2838 in
746 2777 808 2839 boc
828 2775 938 2856 Opere
964 2777 1060 2853 plura
1081 2793 1100 2839 a
1121 2795 1146 2839 s.
1169 2774 1238 2837 Ire·

119 2891 204 2936 naeo
225 2880 394 2938 mutuatus
414 2877 477 2950 sit,
498 2883 626 2938 etcum
653 2876 698 2938 ait
718 2893 752 2938 se
775 2877 878 2956 ipsum
900 2875 1076 2955 aliquando
1099 2876 1237 2940 baereti-

118 2993 237 3058 corum
258 2976 423 3055 opiniones
446 2975 589 3038 breviter
610 2993 649 3039 ac
669 2977 781 3039 stricte
802 2980 990 3055 exposuisse
1011 2978 1055 3039 ita
1077 2983 1114 3039 ut
1129 2977 1237 3047 denuo

118 3084 297 3154 cogeretur
318 3077 350 3137 in
371 3076 478 3139 lucem
500 3076 649 3155 prolerre
672 3078 768 3154 impia
786 3077 920 3139 iliorum
934 3076 1055 3149 studia,
1070 3076 1239 3141 videretur

120 3174 249 3238 Auctor
269 3195 295 3239 s.
320 3174 469 3255 Episcopi
491 3176 574 3238 idem
605 3178 783 3254 suscepisse
813 3177 1006 3248 consilium,
1039 3191 1182 3252 quocum
1204 3174 1238 3241 iu

117 3273 262 3353 Prologo
282 3279 422 3340 amicum
443 3293 540 3337 sunm
562 3274 806 3354 alloquebatur,
829 3276 937 3338 dicens
958 3295 992 3338 se
1014 3275 1092 3336 olim
1108 3274 1232 3350 simpli·

116 3374 200 3436 citer
222 3376 304 3437 banc
325 3383 540 3454 pertractasse
563 3376 731 3436 materiam
751 3374 907 3453 brevique
923 3391 1090 3437 sermone:
1108 3390 1146 3434 ac
1161 3371 1236 3439 ideo

118 3476 277 3539 hortatur
297 3493 372 3540 eum
396 3482 432 3536 ut
452 3473 596 3537 studiose
627 3476 793 3537 incumbat
815 3475 855 3536 ad
877 3476 935 3537 bas
957 3473 1152 3537 refellendas
1178 3472 1239 3535 ial-

115 3577 253 3651 sitntes‚
278 3575 487 3639 uberioribus
509 3582 542 3636 et
564 3574 775 3645 validioribus
800 3593 879 3638 usus
901 3574 1113 3653 argumentis.
1141 3572 1239 3649 Quod

117 3677 256 3755 quinem
277 3676 436 3756 perficere
457 3675 583 3741 studuit
606 3676 795 3760 Anonymns
817 3676 925 3748 latius,
947 3676 1058 3743 alienis
1080 3675 1236 3745 consultis

116 3778 348 3853 monumentis,
372 3779 603 3855 interpretatus
625 3793 709 3854 quae
734 3795 759 3839 s.
787 3774 939 3839 irenaeus
964 3776 1111 3853 scripsit,
1133 3773 1237 3852 pluri·

115 3878 248 3957 bneque
268 3877 397 3952 additis,
419 3894 504 3956 quae
525 3895 551 3937 s.
575 3874 726 3955 Episcopi
748 3883 887 3938 aetatem
908 3885 1074 3952 superant.

198 3977 240 4042 Et
259 3993 335 4049 ottus
357 3978 484 4038 interim
507 3978 569 4039 ltoc
590 3984 727 4040 ostentet
748 3996 782 4038 se
803 3979 870 4038 sine
891 3975 1011 4037 rubore
1028 3973 1161 4052 explere
1181 3973 1236 4034 ad·

117 4094 233 4143 versus
254 4079 367 4158 impias
389 4079 630 4147 baereticorum
651 4078 848 4150 sententias,
871 4092 909 4136 ac
934 4075 1077 4138 fateatur
1102 4075 1236 4153 plenum
1288 4114 1290 4118 -

44 4195 47 4198 ·
115 4175 241 4243 laboris
256 4195 326 4245 esse
340 4195 423 4256 opus
438 4179 525 4255 quod
541 4177 743 4256 aggreditur,
766 4175 902 4237 multam
924 4173 1067 4234 notitiam
1085 4183 1116 4235 et
1133 4173 1237 4251 inqui·
