2886 4784
244 335 303 489 m
317 435 466 505 Attamen
498 434 643 509 ductor,
676 443 847 514 postquam
877 435 1000 514 pluries
1029 441 1163 497 actuum
1195 434 1361 503 humatio·

238 557 310 601 rum
335 540 549 617 propugnavit
571 537 768 626 libertatem,
785 538 928 605 homiues
950 537 1025 598 iude
1045 537 1197 597 hortatus
1221 535 1263 597 ed
1290 537 1359 596 reri

237 638 295 702 Del
319 641 484 701 scientiam
506 638 751 716 acquirendam,
777 640 836 700 hac
857 640 1042 717 acquisita,
1066 638 1170 717 inquit
1192 637 1360 698 hominem

239 758 302 801 uon
317 739 455 818 amplius
473 740 568 802 talem
586 758 666 810 esse,
682 741 736 800 sed
758 737 861 800 Deum
880 739 1013 801 lactum:
1032 759 1047 798 ιι
1059 734 1196 828 γέγονας
1209 730 1276 830 ’pap‘
1292 728 1364 816 θεὸς

236 842 341 920 suctus
361 859 391 901 ee
411 837 494 901 enim
516 838 611 914 Deus,
628 840 725 902 nullis
748 841 834 901 ultra
859 841 1088 917 cupiditatibus
1110 852 1143 903 et
1163 841 1360 903 iufirmitati·

238 939 298 1009 bus
320 941 502 1004 obnoxium
530 937 619 1014 Qut,
642 940 718 1001 dum
740 938 859 1020 depuis
880 941 916 1001 in
940 951 1048 1017 terro,
1074 960 1176 1021 nepem
1202 942 1362 1003 coetestem

236 1059 418 1120 eopnosces:
440 1041 502 1102 erio
518 1039 576 1102 Dei
595 1039 774 1119 familiaris
788 1042 934 1104 cohaeres
947 1051 1049 1104 utitem
1068 1040 1202 1118 utristi,
1214 1056 1280 1103 nou
1290 1041 1360 1122 jum

238 1140 481 1220 cupiditatibus,
505 1150 563 1204 out
584 1142 688 1203 enimi
708 1141 924 1205 immoderatis
955 1142 1136 1223 affectibus,
1159 1153 1217 1205 aut
1246 1141 1363 1205 mortis

235 1253 403 1321 pravatus.
427 1244 546 1307 Factus
567 1263 597 1303 es
619 1242 703 1304 euim
728 1242 821 1305 Deus.
848 1240 1012 1324 Quidquid
1033 1255 1138 1306 eutem
1155 1244 1228 1323 poti
1254 1242 1363 1305 dedui⁴

239 1343 280 1405 sti
301 1356 336 1407 ut
357 1346 458 1420 homo,
482 1345 537 1406 lioe
559 1345 749 1409 monstrabit
763 1357 791 1407 te
806 1365 868 1406 esse
881 1345 1054 1408 hominems
1070 1364 1289 1427 quoecumque
1304 1344 1366 1407 {lei

237 1446 374 1525 proprio
394 1456 483 1520 sunt,
497 1445 560 1509 isto
580 1444 636 1508 etti
653 1447 800 1524 praedem
818 1447 964 1524 promisit
982 1446 1195 1528 eoum-quim
1212 1447 1297 1509 Deus
1309 1447 1363 1528 fies

242 1558 271 1609 et
292 1545 485 1609 immortalis
507 1560 568 1610 etc.
670 1566 672 1570 ’
1266 1555 1273 1565 “

323 1649 404 1712 Cum
427 1652 535 1729 itaque
559 1634 747 1731 Anonymus
769 1651 884 1713 doceat
906 1651 1067 1713 hominem
1091 1653 1120 1711 iu
1143 1647 1200 1711 Dei
1218 1648 1359 1714 tamilla·

240 1752 335 1813 ritate
360 1752 531 1824 viventem,
555 1752 763 1828 impatibilem
786 1746 935 1813 ebsiilute
957 1771 1037 1822 esse,
1061 1768 1166 1830 neque
1188 1753 1277 1813 ultra
1302 1754 1356 1814 ad·

244 1869 355 1913 versus
371 1851 554 1913 affectiones
574 1852 781 1914 humanitatis
797 1864 972 1933 corruptae
986 1855 1151 1924 dimicare,
1166 1852 1222 1916 sed
1238 1853 1361 1916 lactum

241 1973 309 2016 esse
331 1954 446 2032 deum;
471 1955 500 2014 in
525 1956 584 2017 leuc
606 1973 682 2016 casu
708 1957 761 2015 ubi
785 1957 939 2030 libertas,
965 1957 1018 2018 ubi
1042 1974 1146 2034 pugna
1172 1965 1333 2035 perpetua
1347 1976 1357 2034 ;

241 2055 272 2114 in
294 2072 358 2133 qua
380 2055 548 2134 Scriptura
571 2057 648 2118 dicit
678 2057 838 2117 hominem
864 2059 984 2117 versari
1007 2059 1078 2130 etsi,
1099 2057 1223 2137 iustum
1254 2057 1360 2118 donis·

243 2174 307 2236 que
329 2157 524 2219 coelestibus
539 2159 758 2230 cumulatum,
776 2160 854 2220 dum
880 2159 910 2218 iu
934 2160 993 2220 hac
1013 2159 1099 2235 degit
1117 2159 1179 2218 vita
1193 2154 1211 2220 t
1227 2155 1268 2218 Iu
1283 2157 1367 2218 mul·

242 2256 283 2319 tis
307 2258 493 2338 offendimus
525 2277 653 2330 opines,
677 2269 814 2321 testatur
844 2262 956 2322 beatus
987 2259 1128 2322 lacobus
1155 2260 1185 2319 iu
1220 2257 1363 2337 Epistola

244 2379 271 2424 e.
290 2360 345 2421 lll.
363 2359 393 2422 2.
413 2360 451 2423 Et
466 2358 687 2422 Tertullianus
704 2365 733 2422 in
749 2360 845 2423 Libro
861 2360 903 2422 De
918 2359 1077 2439 pudicitia
1093 2381 1119 2421 c.
1135 2358 1222 2422 xix.
1239 2361 1366 2440 (quani-

249 2464 295 2524 vis
318 2463 348 2523 in
371 2465 431 2523 hoc
453 2462 537 2523 libro
562 2466 655 2542 plura
690 2465 889 2543 reprobanda
921 2465 1000 2524 siml
1034 2483 1075 2524 ex
1105 2462 1238 2525 ioannis
1272 2466 1362 2524 testi·

245 2566 352 2624 monio
374 2566 405 2624 iu
434 2561 575 2640 Epistola
602 2563 624 2624 l.
648 2583 675 2624 c.
702 2564 723 2623 l.
746 2561 781 2625 Si
803 2563 946 2624 dicemus
966 2583 1023 2626 uos
1043 2563 1191 2625 delictum
1214 2580 1279 2623 uon
1310 2562 1364 2624 lie⁴

246 2662 331 2734 dere;
352 2661 528 2725 seducimus
556 2663 782 2743 nosmetipsos,
815 2674 843 2725 et
874 2663 992 2726 veritos
1024 2663 1059 2724 iu
1090 2661 1179 2725 nodis
1211 2682 1276 2724 non
1308 2674 1364 2725 est.

249 2786 265 2823 ιι
280 2761 362 2825 Nam
379 2782 436 2823 nec
452 2765 509 2840 ipsi
531 2764 722 2837 excidimus,
739 2783 754 2824 a
782 2784 844 2842 qua
862 2766 993 2841 digressi
1015 2782 1139 2834 eunius,
1156 2765 1364 2825 distinctione

245 2864 450 2926 delictorum.
478 2862 516 2925 Et
539 2864 590 2925 lii'c
612 2866 696 2923 euim
720 2865 806 2924 illam
829 2864 969 2926 loannes
992 2863 1247 2934 curamendovit,
1270 2863 1358 2940 quod

245 2968 307 3024 sint
328 2964 485 3042 quaedam
509 2965 624 3024 delicta
649 2955 855 3042 quotidianae
879 2966 1092 3041 incursionis3
1116 2965 1235 3040 quibus
1251 2980 1364 3024 ornnes

245 3082 356 3124 sumus
378 3064 506 3143 objecti.
530 3064 590 3127 Cui
613 3067 696 3125 enim
720 3083 781 3125 nou
804 3066 948 3136 accedet,
973 3075 1029 3125 aut
1050 3066 1145 3125 irasci
1172 3065 1309 3142 inique,
1334 3075 1366 3124 et
1405 3067 1413 3075 '

247 3165 332 3225 ultra
355 3165 431 3226 solis
453 3184 621 3243 occasum3
646 3174 703 3226 adt
717 3174 748 3226 et
765 3184 895 3226 manum
912 3168 1096 3239 immittere,
1115 3175 1169 3225 eut
1189 3165 1284 3229 facile
1301 3181 1367 3224 rna·

243 3264 397 3338 lediccre‚
414 3268 479 3328 'aut
503 3275 623 3326 temere
646 3268 773 3345 jurare,
797 3277 853 3328 aut
876 3266 971 3325 fidem
995 3269 1078 3343 pacti
1102 3265 1295 3334 destruere,
1313 3274 1370 3325 aut

247 3365 455 3440 verecundia,
480 3375 538 3428 eut
561 3369 751 3451 necessitate
775 3364 928 3428 mentiri?
953 3364 985 3425 lu
1007 3365 1154 3444 negotiis,
1178 3366 1209 3424 in
1233 3363 1366 3434 officiis,

247 3468 276 3527 in
299 3476 453 3544 quaestu,
477 3467 507 3526 iu
533 3469 632 3538 victu,
657 3450 687 3532 in
712 3469 794 3541 visu,
819 3471 849 3528 iu
867 3469 1009 3537 auditu,
1034 3475 1152 3544 quanta
1178 3461 1369 3528 tentamur?

252 3569 349 3642 ut‚,si
373 3567 462 3628 nulla
485 3569 525 3630 sit
549 3570 641 3630 venia,
662 3569 811 3640 istorum,
836 3567 952 3627 nemini
973 3566 1063 3627 salos
1086 3575 1261 3643 coinpetat.
1284 3583 1302 3622 u
1328 3606 1332 3611 -

263 3726 264 3730 ,
321 3665 483 3728 *Similiter
505 3669 608 3746 inquit
630 3668 843 3750 Accepimus,
867 3665 924 3728 Dei
948 3665 1094 3728 Verbum
1128 3662 1291 3727 homiuem
1326 3665 1372 3726 lo·

249 3775 337 3829 ctum
359 3786 427 3828 esse
451 3779 483 3830 et
514 3769 802 3831 cuin-hominibus
833 3775 1083 3840 conversatum,
1116 3775 1152 3828 ut
1184 3766 1374 3829 ostenderet

249 3867 353 3944 Deum
376 3869 452 3931 nihil
477 3870 551 3930 mali
576 3870 712 3939 iecisse,
737 3880 768 3931 et
790 3870 952 3931 homiuem
975 3888 1043 3930 csse
1066 3869 1218 3939 liberum,
1241 3868 1374 3929 volendi

243 3968 444 4049 nolendique
468 3980 627 4050 potestate
651 3972 844 4055 praeditum.
869 3969 1023 4050 Nunquid
1047 3971 1085 4031 ad
1108 3968 1289 4031 salvatoris
1319 3970 1376 4030 ad·

251 4077 382 4131 ventum
409 4090 512 4150 usque
537 4074 698 4152 ignoravit
719 4074 838 4145 homo,
862 4069 966 4134 Deum
990 4071 1067 4132 nihil
1090 4069 1167 4131 mali
1195 4069 1312 4130 iecisse
1341 4078 1378 4131 et

249 4189 282 4229 se
306 4170 444 4233 litterum
472 4192 553 4250 csse,
578 4175 618 4236 ita
644 4181 677 4236 ut
699 4176 738 4260 ed
762 4174 860 4254 hujus
883 4175 928 4236 rei
951 4175 1113 4261 notionem
1136 4187 1266 4232 necesse
1289 4169 1380 4232 toret
