2886 4784
1260 350 1301 419 43

185 454 279 536 jugie
300 454 487 531 insolubili,
509 456 593 537 quod
615 453 697 519 Deus
717 455 900 536 conjunxit,
915 454 1005 518 bomo
1017 473 1082 518 nore
1097 463 1226 535 separet,
1243 474 1300 534 op·

187 575 310 637 ponens
330 559 491 622 secundae
507 557 628 640 Moysis
649 559 836 632 sententiae,
853 575 937 638 quae
959 575 1021 620 non
1045 557 1210 620 voluntate
1226 554 1298 632 Dei,

183 659 243 720 sed
266 661 466 736 peccantium
488 662 677 722 necessitate
697 675 847 722 concesse
869 667 929 735 est,
953 677 969 716 e
992 664 1027 720 nt
1048 659 1094 721 sic
1115 659 1222 737 quivis
1242 675 1301 721 au·

189 761 336 824 terretur
348 779 390 825 ex
405 761 669 825 adversariorum
686 769 777 841 parte
792 768 983 841 praetextus
999 760 1192 824 dissolvendi
1215 760 1301 840 peni·

189 864 244 921 tns
266 858 380 920 initum
401 857 601 938 conjuginm.
1036 873 1043 888 ·

269 955 392 1020 Deinde
413 959 518 1037 pergit
531 958 571 1019 nd
587 975 616 1020 e.
632 955 664 1031 9,
681 959 776 1038 cnjus
798 957 908 1037 primis
931 957 1037 1020 verbis
1058 955 1203 1019 indicatis
1222 955 1298 1020 sub·

185 1059 257 1122 dit:
279 1060 348 1122 sola
367 1057 539 1139 fornicatio
560 1067 624 1122 etc.
643 1070 679 1122 ut
700 1078 819 1139 supra,
836 1067 870 1123 et
892 1058 976 1123 unde
997 1057 1062 1121 duo
1084 1056 1181 1122 inlert
1201 1057 1304 1121 relate

186 1161 229 1223 ad
253 1161 452 1242 eonjugium,
475 1162 517 1224 ita
542 1169 646 1224 tamen
669 1171 705 1224 ut
728 1161 908 1225 excludere
932 1160 1080 1224 videatur
1100 1178 1118 1222 a
1142 1168 1234 1223 textu
1254 1178 1304 1222 sa-

184 1279 248 1325 cro
271 1262 369 1324 verba
389 1270 418 1321 et
436 1260 536 1323 ulium
556 1260 685 1323 :lucerii
703 1262 895 1325 moechatur.
917 1261 951 1324 ln
973 1264 1076 1342 prima
1098 1262 1181 1324 enim
1203 1279 1305 1340 crpo-

185 1362 312 1425 eitiouis
334 1370 426 1440 uerte
447 1362 629 1425 considerat
652 1382 789 1426 uxorem
806 1363 1013 1427 fornicariam
1028 1385 1036 1426 :
1053 1382 1151 1442 quam
1169 1363 1219 1424 vir
1230 1380 1250 1447 a
1268 1381 1302 1425 se

185 1463 323 1544 abjicit,
345 1481 496 1526 neceam
520 1473 617 1528 tenet.
641 1464 675 1527 ln
696 1467 836 1527 secunde
858 1476 951 1543 parte
972 1468 1040 1544 agit
1061 1466 1101 1527 de
1123 1482 1230 1529 uxore
1258 1465 1304 1525 di·

187 1566 285 1627 missa
306 1564 349 1627 ob
370 1564 568 1628 adulterium
579 1585 590 1643 3
612 1585 710 1644 quam
735 1574 838 1629 tamen
854 1567 932 1630 dicit
947 1567 1028 1630 nulli
1044 1567 1144 1629 licere
1160 1565 1301 1629 ducere:

187 1688 205 1726 e
229 1663 271 1727 Et
291 1664 368 1747 quie
383 1676 509 1746 poterut
528 1666 668 1729 cecidere
688 1678 724 1731 ut
745 1667 863 1749 uliquis
882 1666 1039 1750 iujuriam
1064 1671 1183 1750 fuceret
1211 1667 1305 1730 iereo-

178 1765 286 1846 ‚ceuti,
306 1776 334 1829 et
353 1765 388 1828 ob
409 1768 578 1830 secundam
598 1769 744 1847 copulam
764 1767 952 1846 nuptiarum
982 1772 1077 1834 ueteri
1106 1769 1226 1832 crimen
1247 1768 1305 1831 im·

181 1867 342 1948 uinceret,
364 1870 410 1934 sic
425 1867 566 1950 priorem
587 1868 743 1932 dimittere
759 1869 888 1950 jubetur
908 1889 1051 1946 ecorum,
1067 1881 1103 1934 :tt
1123 1871 1305 1941 secundam,

182 1965 293 2048 priori
312 1967 455 2043 uiuente,
477 1975 545 2031 nori
563 1969 682 2031 babeat.
708 1968 808 2044 Quasi
831 1972 973 2034 diceret:
1003 1988 1152 2035 concessa
1177 1971 1247 2032 viro
1270 1969 1309 2030 ti·

186 2072 292 2134 centia
317 2070 429 2134 uxoris
451 2070 621 2135 adulterae
642 2073 863 2148 dimittendae,
880 2073 949 2136 lieri
968 2075 1136 2152 potuisset,
1154 2080 1191 2135 ut
1213 2072 1309 2133 mari·

187 2181 242 2236 tus
263 2173 363 2236 uxori
387 2181 494 2236 castae
510 2174 701 2253 impingeret
715 2176 837 2238 crimen
852 2174 1020 2250 adulterii,
1038 2185 1087 2251 nt,
1104 2176 1173 2253 ipsa
1189 2180 1310 2244 amota,

188 2290 311 2336 novum
332 2273 387 2336 ille
408 2282 587 2354 quaereret
619 2275 828 2338 connubium.
852 2273 930 2340 ldeo
950 2276 1019 2351 ait,
1042 2275 1219 2338 Dominum
1239 2291 1312 2354 per·

187 2374 312 2437 misisse
333 2375 463 2455 quidem
485 2375 554 2438 sive
573 2379 827 2455 separationem,
853 2379 923 2442 sire
952 2378 1153 2451 divortium,
1175 2375 1229 2438 sed
1251 2392 1315 2438 nou

188 2479 221 2538 in
244 2485 371 2553 tutum3
389 2478 431 2538 ita
455 2485 504 2552 ut,
520 2478 658 2558 conjuge
679 2479 807 2543 dimissa
829 2479 996 2555 adultera,
1012 2480 1222 2542 cohiberetur
1244 2493 1310 2539 ma-

188 2577 273 2641 ritus
294 2576 334 2639 ab
355 2575 467 2638 alienis
491 2579 609 2655 nuptiis
622 2599 633 2656 ;
656 2589 687 2641 et
713 2579 796 2642 istud
820 2581 862 2642 ob
884 2581 1079 2643 dominicum
1096 2580 1305 2641 mandatum:

186 2677 273 2758 quod
293 2675 378 2739 Deus
398 2677 590 2757 conjunxit,
613 2679 703 2742 bomo
722 2699 786 2744 noo
818 2691 950 2761 separet.
973 2681 1026 2747 Sic
1047 2682 1200 2761 priorem.
1216 2677 1309 2741 adul·

188 2790 307 2855 terum,
323 2780 395 2842 ideo
412 2779 534 2855 subdit,
556 2779 718 2845 dimittere
737 2782 874 2864 jubetur
897 2796 1048 2859 uxorem,
1066 2790 1101 2845 ut
1121 2781 1308 2854 secundam,

168 2951 169 2954 Ἴ
186 2880 291 2960 priori
315 2879 453 2955 vivente,
476 2895 540 2942 nou
560 2880 687 2944 babeat.
704 2880 746 2945 m
767 2884 828 2946 hoc
845 2884 902 2959 ait,
915 2901 954 2946 ne
969 2884 1001 2946 in
1018 2881 1304 2946 contradictionem

186 2981 359 3045 induceret
379 2978 544 3046 Christum
566 2981 735 3047 docentem
766 2983 954 3064 conjugium
975 3002 1017 3047 ex
1038 2994 1154 3046 natura
1176 3000 1235 3044 sua
1257 2981 1304 3043 iu·

187 3081 402 3147 dissolubile:
421 3081 606 3163 «Nunquid
630 3092 735 3163 potest
751 3083 837 3148 Deus
858 3103 927 3148 esse
948 3087 1147 3156 contrarios,
1164 3089 1200 3145 ut
1217 3082 1306 3145 aliud

155 3197 172 3227 ²
185 3191 281 3248 autea
301 3183 454 3266 jusserit:
470 3193 503 3248 et
523 3187 711 3249 senteutiam
733 3205 825 3249 suam
848 3204 933 3251 uoto
960 3185 1090 3266 lrangat
1110 3182 1269 3264 imperio?
1289 3202 1305 3239 o

190 3315 193 3319 ·
243 3320 247 3325 ·
269 3284 412 3369 ideoque
431 3287 458 3351 si
478 3308 504 3353 s.
521 3287 644 3353 Ductor
665 3291 696 3351 iu
712 3287 830 3353 (lodice
851 3306 947 3352 sacro
969 3294 1040 3368 post
1058 3296 1188 3366 acceptu
1206 3283 1308 3366 ferrei·

184 3386 466 3466 caticumenum,
490 3390 597 3455 addita
620 3392 750 3470 legisset
770 3400 798 3453 et
819 3390 917 3454 ulium
951 3389 1082 3453 duxerit
1110 3389 1308 3451 moechatur:

188 3501 267 3552 tunc
289 3490 419 3570 quande
440 3493 508 3570 ipse
529 3493 643 3557 ducet:
669 3491 764 3555 libere
786 3512 872 3556 uuor
903 3490 1084 3573 fornicarie
1112 3489 1310 3562 dimittitur,

184 3589 382 3654 subdidisset
404 3610 536 3672 quoqne
555 3593 651 3674 juxta
679 3594 852 3659 locutionis
886 3594 1055 3657 ordinem:
1079 3602 1106 3653 et
1128 3589 1219 3654 libere
1239 3586 1309 3652 ulie

184 3689 328 3754 ducitur.
345 3689 451 3767 Quam
475 3700 579 3757 tamen
602 3694 777 3758 illationem
802 3704 931 3759 sanetus
946 3695 1083 3774 repulit,
1100 3693 1247 3758 conscius
1268 3691 1308 3762 de

142 3869 152 3880 Ι
185 3793 312 3873 integra
334 3793 473 3857 lectione
495 3802 623 3858 textus:
645 3795 702 3878 qui
722 3794 878 3860 dimiserit
900 3814 1034 3859 uxorem
1060 3814 1151 3857 suem
1183 3803 1311 3871 excepte

182 3890 413 3974 fornicatiouis
434 3913 545 3970 ceusu,
563 3895 644 3976 fucit
665 3915 731 3959 eum
752 3895 930 3969 moecliari:
952 3897 1006 3960 cui
1029 3895 1140 3959 deerat
1162 3896 1306 3956 additio:

182 4004 212 4057 et
233 3991 334 4057 ulium
354 3993 500 4069 duruerit,
515 3996 707 4060 moechatur.
726 3996 811 4061 llicit
832 3995 1077 4078 Hieronymus:
1096 3995 1122 4058 si
1140 4011 1225 4057 uxor
1247 4010 1310 4055 non
1336 4038 1339 4045 .

152 4112 155 4117 ·
184 4097 229 4161 sit
250 4094 412 4174 adultera,
429 4115 593 4178 nunqnam
615 4098 802 4162 dimittenda
824 4109 873 4162 est
894 4116 911 4160 a
936 4098 1053 4162 marito
1066 4116 1077 4177 ;
1099 4097 1125 4160 si
1148 4114 1226 4159 nero
1249 4096 1309 4157 hu·

178 4197 237 4278 jus
257 4197 400 4281 criminis
421 4217 477 4262 rea
499 4203 646 4264 convicta
670 4201 790 4279 luerit,
815 4208 891 4265 tuuc
912 4217 929 4262 a
952 4201 1070 4263 marito
1109 4197 1307 4280 repudianda

182 4307 246 4379 est,
261 4300 306 4365 ita
330 4288 434 4365 tamen
459 4309 493 4366 ut
515 4304 663 4376 maritus,
683 4303 748 4382 ipsa
774 4303 913 4376 vivente,
931 4300 1068 4365 alteram
1092 4317 1155 4363 uon
1178 4300 1305 4361 babeat.
