2886 4784
1189 365 1248 417 nn

166 477 218 528 re.
246 450 386 529 Horum
416 450 510 525 enim
530 451 689 525 maxime
709 451 805 526 dicte
825 451 935 527 furati
962 467 1047 529 sum
1068 454 1128 529 isti
1158 455 1248 533 hae·

169 604 294 656 rosum
317 579 538 665 conditores,
558 594 600 654 ut
618 593 759 676 posteo,
779 603 890 678 quum
916 582 962 655 ad
982 583 1135 658 invicem
1160 584 1256 659 inter

167 734 210 786 se
239 707 545 805 comparabimus,
570 707 817 782 ostendemus.
842 731 859 778 u
884 706 1015 782 Postea
1036 711 1072 782 in
1094 707 1190 784 Lihri
1211 710 1251 784 V.

110 893 114 902 .
165 837 320 912 exordio
345 835 494 910 subdit:
519 860 536 908 c
567 835 735 910 Arbitror
761 837 922 910 omnium
952 838 1252 935 philosophorum

165 964 260 1064 opud
290 986 441 1062 graccos
461 975 499 1039 et
514 963 690 1037 barbaros
709 964 754 1037 do
778 962 853 1038 Deo
872 965 973 1039 etde
1004 968 1127 1040 mundi
1147 991 1249 1041 crea-

169 1089 263 1163 tione
293 1087 425 1186 plncita
451 1088 728 1187 diligentissime
749 1089 915 1186 exposita
936 1113 1016 1164 esso
1038 1091 1072 1162 in
1097 1104 1254 1187 quotuor

164 1214 266 1291 libris
285 1214 532 1314 superioribus
551 1229 653 1291 otc.»
676 1215 881 1292 Novissime
896 1219 932 1290 iu
948 1216 1056 1292 Lihro
1072 1216 1132 1290 lX.
1149 1241 1251 1316 proo-

164 1345 251 1420 fatis
284 1346 530 1420 consectarius
559 1345 755 1432 concludit,
775 1347 843 1418 uin
868 1369 999 1420 norem
1029 1346 1131 1419 libris
1160 1347 1250 1420 nihil

161 1473 460 1572 praetermissum
481 1473 594 1549 fuisse
614 1473 737 1558 exiis,
757 1497 850 1572 quae
873 1473 1079 1571 philosophi
1100 1488 1137 1549 et
1163 1474 1251 1548 hae·

160 1584 265 1678 retici
284 1602 497 1679 docueruut.
518 1599 657 1692 Quibus
676 1602 774 1677 subit
797 1601 905 1677 Liber
930 1603 1107 1684 decimus,
1131 1603 1178 1675 ab
1198 1626 1243 1677 eo

161 1727 289 1808 Sermo
324 1733 482 1806 veritatis
518 1744 745 1837 oupcupatus
784 1731 950 1804 adversus
987 1731 1247 1805 hoereticorum

161 1859 367 1933 audaciam.
388 1856 487 1947 Quae
508 1858 648 1933 dicendi
673 1857 828 1932 formula
853 1882 900 1933 cx
926 1858 1038 1954 ipsius
1072 1856 1246 1954 peculiari

158 2013 231 2063 usu
259 1988 319 2061 h'r‘c
346 1987 418 2061 illic
446 1989 615 2062 occurrit.
646 1985 839 2062 Praeterea
868 1988 963 2060 circa
994 1987 1125 2083 Operis
1151 1986 1247 2059 divi-

160 2120 301 2192 sionem
332 2115 379 2189 cb
404 2114 594 2214 Anonymo
622 2128 803 2199 exactam,
828 2139 874 2188 ex
902 2115 1007 2190 titulo
1032 2127 1069 2188 et
1095 2115 1177 2188 inde
1198 2137 1245 2188 ox

160 2244 394 2319 discussionis
421 2245 594 2320 methodo
618 2257 774 2330 constet,
795 2246 829 2316 iu
856 2256 1012 2341 quatuor
1032 2242 1133 2315 libris
1151 2242 1242 2338 prio·

157 2372 260 2448 rihus
287 2374 343 2470 agi
373 2374 569 2447 universim
596 2373 641 2447 de
678 2395 889 2471 graecorum
927 2387 966 2448 et
1002 2371 1242 2445 harbarorum

157 2500 401 2598 philosophia,
421 2514 459 2576 et
486 2501 521 2573 in
542 2499 691 2598 reliquis
721 2500 766 2574 de
791 2500 1001 2575 haereticis,

266 2628 306 2701 ln
322 2627 429 2704 Libro
450 2628 477 2701 l.
495 2628 694 2725 priscorum
712 2627 844 2725 placita
861 2639 977 2701 notat:
995 2627 1030 2699 in
1047 2631 1149 2718 cujus
1168 2625 1240 2699 fine

160 2779 199 2852 p.
227 2749 302 2830 51:
336 2782 352 2828 u
385 2755 551 2841 illorum,
580 2755 657 2840 ait,
686 2755 747 2853 qui
776 2756 871 2852 npud
899 2777 1048 2852 graecos
1076 2753 1239 2852 philoso-

158 2882 267 2979 phiae
294 2884 551 2969 incubuerunt,
571 2883 760 2981 opiniones
789 2858 882 2957 satis
908 2882 1120 2980 exposuisse
1150 2881 1239 2955 mihi

158 3012 284 3085 videor
300 3034 313 3099 3
340 3037 360 3086 a
388 3013 519 3110 quihus
548 3011 700 3109 proiecti
728 3012 902 3086 haeretici
931 3035 988 3096 eu,
1017 3036 1109 3108 quae
1132 3011 1238 3108 poulo

160 3154 242 3232 post
261 3139 441 3222 dicontur,
458 3140 602 3237 aggredi
622 3140 699 3213 susi
720 3154 819 3212 sunt.
837 3136 961 3211 Placet
981 3152 1119 3221 nutem,
1140 3141 1241 3234 prius

159 3266 337 3364 expositis
365 3268 554 3365 mysticis,
584 3283 622 3342 et
640 3289 890 3365 quaecumque
912 3289 1062 3363 operose
1083 3267 1127 3339 de
1147 3267 1243 3342 side·
1263 3336 1266 3343 .

161 3390 229 3466 hus
248 3409 286 3468 et
305 3395 432 3493 spatiis
452 3395 560 3494 aliqui
586 3396 791 3481 linxerunt,
815 3393 935 3468 dicere
955 3407 1028 3468 etc.
1049 3419 1066 3465 u
1086 3392 1134 3468 Et
1153 3393 1245 3470 hoec

159 3524 392 3596 continentur
420 3525 455 3596 in
482 3523 589 3598 Lihro
609 3524 800 3621 sequenti,
818 3523 879 3619 qui
911 3538 1060 3597 vocetur
1078 3537 1246 3620 quartus,

158 3650 223 3722 sed
245 3653 388 3747 proprie
409 3653 588 3725 secundus
609 3651 869 3748 nuncupandus
890 3664 959 3722 est.
984 3649 1162 3747 Deinceps
1185 3673 1246 3723 ve-

157 3800 199 3849 ro
228 3802 265 3873 p.
295 3773 361 3852 76.
391 3779 451 3853 ubi
494 3780 625 3877 legitur
653 3804 685 3852 c.
718 3776 768 3851 ll.
800 3777 852 3852 De
881 3779 1143 3851 mathematicis
1168 3780 1244 3849 sivo

159 3904 353 4002 ostrolopr'S,
384 3905 490 3980 Liber
517 3907 581 3979 lll.
613 3907 733 4002 potius
762 3905 934 3978 dicendus
963 3919 1033 3978 est.
1064 3903 1238 3976 Similiter

157 4054 194 4128 p.
223 4027 288 4106 93.
321 4046 469 4108 notatur
496 4059 531 4107 c.
562 4031 626 4105 lV.
659 4033 708 4107 lle
737 4034 906 4130 mopicis,
936 4055 1018 4106 cum
1048 4032 1155 4105 aliter
1183 4029 1241 4104 Li·

156 4158 222 4231 ber
254 4159 312 4232 lV.
331 4162 579 4235 inscribendus
610 4162 763 4236 videtur.
787 4161 837 4233 hc
859 4163 907 4234 itu
934 4160 1149 4258 supplentur
1169 4160 1239 4233 duo
