2886 4784
161 447 252 528 jecit,
272 443 408 509 ostendit
426 443 486 504 boe
509 441 603 504 modo
626 442 733 505 dicens
756 441 956 524 (Origenesle
980 442 1040 508 Sed
1062 444 1150 521 heae,
1169 464 1243 528 yson·

161 557 227 610 tum
248 548 291 611 od
310 565 368 608 nos
385 543 535 625 pertinet,
558 562 622 606 aon
643 542 708 606 sint
728 547 876 625 dopmoto
881 565 896 617 ;
911 548 966 608 sed
981 545 1183 609 discussionis
1193 568 1246 629 yro-

107 676 114 683 ·
158 647 205 713 tio
225 647 310 710 dicto
330 647 396 710 sint
416 656 444 708 et
464 647 669 727 objiciantur.
696 647 759 708 Pro
781 668 814 709 eo
834 658 938 710 cutem
959 651 1026 710 soto
1057 649 1146 713 dicto
1172 660 1245 726 sant,

160 771 197 814 ae
217 749 364 813 oideotor
384 749 524 830 quaestio
546 760 629 812 moto
651 768 715 811 non
736 769 798 811 esse
819 750 972 812 discusso.
997 751 1058 813 Sed
1082 752 1161 815 haec
1180 753 1205 814 in
1221 771 1248 816 eo

160 853 234 917 loco
257 855 351 924 dixit,
375 856 405 912 iu
427 871 492 930 quo
515 853 553 912 de
576 853 742 913 animabus
764 853 951 915 animalium
976 854 1186 932 requirebat,
1204 872 1250 917 non

159 954 198 1016 de
221 956 489 1016 transmutatione
511 953 704 1014 animarum.
730 951 776 1014 Dc
797 957 978 1016 animarum
1004 973 1083 1016 vero
1104 964 1199 1017 eto.»

240 1054 320 1118 Cum
343 1055 452 1132 itaque
474 1071 535 1114 nou
556 1055 597 1114 sit
618 1053 830 1114 dubitandum
853 1056 930 1133 quin
955 1054 1144 1132 Pamphilus
1162 1055 1251 1117 tamin

161 1176 189 1221 c.
216 1155 253 1218 V.
276 1175 373 1236 quam
398 1157 427 1216 in
450 1174 478 1216 c.
506 1152 559 1216 tx.
586 1153 807 1232 Apologctici,
832 1156 870 1227 de
893 1155 1016 1218 ultimis
1039 1158 1194 1236 capitibus
1217 1155 1254 1218 Li·

162 1261 211 1320 bri
234 1257 259 1320 1.
285 1255 479 1319 Perierelron
501 1255 656 1328 disserat,
681 1255 735 1316 ubi
758 1256 796 1316 de
819 1259 942 1318 naturis
964 1260 1135 1336 corporeis
1166 1267 1195 1319 et
1220 1259 1254 1320 in·

162 1360 327 1438 corporeis
349 1359 469 1436 agitur,
492 1374 530 1417 ac
552 1357 590 1416 de
615 1358 702 1417 varia
719 1374 832 1417 earum
848 1358 1057 1420 conditione:
1082 1359 1125 1421 ita
1146 1360 1170 1421 si
1191 1359 1256 1421 liaeo

161 1458 373 1522 conterantur
395 1456 547 1535 praelatis
570 1453 759 1538 Hieronymi
782 1456 873 1518 dictis
906 1458 936 1518 in
968 1459 1105 1539 epistola
1140 1458 1179 1519 ad
1198 1458 1257 1520 dri·

162 1552 253 1633 tum,
275 1568 364 1621 arcta
388 1559 526 1636 inspecta
550 1557 697 1634 analogia
725 1559 832 1635 quoad
862 1576 991 1620 sensum
1021 1558 1256 1631 criminationis,

160 1659 418 1724 concludendum
443 1665 490 1719 est
513 1655 748 1741 Hieronymum
771 1677 832 1720 non
855 1679 896 1721 ex
918 1661 1056 1739 genuino
1082 1657 1256 1723 Periorchon

160 1761 283 1836 codice,
299 1779 365 1839 quo
388 1778 466 1823 usus
488 1770 535 1821 est
552 1757 711 1834 Ruffiuus,
728 1779 764 1820 ea
782 1761 995 1835 transtulisse,
1011 1762 1067 1823 sed
1082 1781 1124 1824 ex
1143 1761 1254 1832 libellis,

159 1863 354 1942 quibuscum
377 1880 396 1924 a
421 1861 578 1937 Pamphili
600 1870 705 1923 aetate
726 1863 904 1924 adversarii
920 1864 1147 1926 obtrectarunt
1161 1862 1254 1941 Origo

160 1967 213 2039 ni,
236 1967 400 2043 corruptis
423 1982 536 2042 nempe
558 1981 596 2024 ae
620 1963 741 2024 falsatis
763 1964 852 2026 illius
874 1966 1007 2026 sinceris
1030 1975 1063 2026 et
1084 1964 1255 2028 orthodoxis

158 2066 314 2128 semibus.
340 2063 480 2127 Libellos
502 2064 574 2126 dieo
596 2081 614 2124 a
637 2061 816 2142 Theophilc
849 2082 964 2143 graece
988 2067 1210 2144 transcriptos,
1228 2078 1255 2124 ac

159 2168 273 2230 deinde
294 2169 494 2229 transmissos
515 2165 554 2226 ad
577 2163 812 2246 Hieronymum
835 2185 893 2245 per
914 2166 1087 2244 epistolas:
1114 2185 1194 2246 quas
1215 2183 1255 2227 ac·

159 2269 278 2347 cipieus
298 2271 359 2330 iste
380 2274 413 2329 et
433 2267 531 2330 latine
555 2275 693 2340 vertens,
712 2285 770 2346 per
791 2268 902 2328 orbem
921 2267 1066 2347 vulgarit
1081 2269 1113 2331 in
1127 2271 1183 2330 siri
1199 2285 1255 2348 pro·

163 2369 195 2432 bi
217 2371 529 2432 condemnationem.

239 2470 327 2534 Haec
350 2490 451 2550 porro
472 2473 617 2551 analogia
641 2472 871 2533 criminationis
893 2472 987 2533 sicuti
1013 2472 1143 2534 falsatio
1166 2477 1254 2534 textus

159 2573 324 2652 originalis
340 2573 511 2635 firmantur
526 2575 665 2653 amplius
681 2595 720 2636 ex
746 2577 793 2647 iis,
811 2592 934 2652 quaes.
955 2573 1088 2647 Bostar,
1104 2583 1253 2653 postquam

54 2706 57 2714 ·
159 2678 313 2739 Auctoris
337 2676 543 2754 reprehendit
574 2695 719 2738 errorem
753 2677 792 2737 de
813 2673 1090 2765 anetempsyehosi,
1113 2675 1254 2755 subjecit:

159 2800 175 2838 a
198 2776 239 2840 Et
260 2778 299 2838 ad
323 2787 506 2839 extremum
528 2778 630 2854 (Libri
655 2779 677 2838 l.
702 2777 908 2855 Periarchon)
938 2798 975 2839 ue
1011 2770 1178 2841 teneretur
1199 2775 1281 2838 Ori·-

157 2898 252 2959 gcnes
274 2879 474 2960 pythagorici
498 2881 654 2959 dogmatis
678 2899 765 2954 reus,
783 2882 838 2958 qui
860 2881 973 2957 asserit
994 2874 1255 2958 metempsiobosin,

159 2989 231 3059 post
255 2990 318 3044 tam
341 2981 510 3044 nefandam
534 2984 797 3060 disputationem,
814 2999 877 3059 qua
893 2981 1025 3043 lectoris
1047 2984 1188 3044 animum
1204 2978 1258 3042 vul·

159 3086 298 3159 neravit,
321 3082 409 3158 hoco,
431 3085 545 3161 inquit,
556 3084 655 3163 y'septo
670 3091 812 3143 nostrone
827 3080 1024 3157 sententiam,
1041 3101 1107 3144 non
1123 3081 1185 3144 sint
1200 3082 1258 3159 dep·

157 3193 255 3262 moto,
277 3186 330 3246 sed
351 3185 495 3264 quaesito
517 3195 640 3246 tontum
662 3194 754 3264 otqoe
772 3185 937 3265 projecto,
969 3205 1008 3246 no
1024 3184 1154 3264 penitus
1174 3185 1259 3247 intro·

157 3296 243 3349 ototo
263 3287 457 3350 viderentur.
481 3307 497 3344 n
522 3285 613 3362 Quae
638 3288 734 3348 verba
757 3288 815 3348 etsi
838 3288 975 3365 genuina
997 3296 1168 3350 notaverat
1184 3285 1258 3347 Pam·

156 3387 264 3466 philus
279 3407 327 3453 ex
349 3388 441 3450 dictis
462 3388 602 3463 libellis,
627 3389 740 3449 asserit
772 3398 875 3449 tannen
905 3383 997 3450 extra
1032 3389 1143 3451 locum
1168 3386 1255 3466 posita

157 3500 189 3551 et
211 3489 323 3552 furtim
346 3490 402 3551 hic
424 3491 566 3560 intrusa,
592 3508 696 3566 neque
720 3493 881 3566 perticere
911 3491 949 3550 ad
981 3493 1200 3569 quaestionem
1230 3487 1260 3546 de

156 3593 337 3653 animarum
361 3594 664 3667 transmigratione,
686 3611 744 3653 seu
765 3593 802 3650 ad
827 3610 854 3653 c.
882 3590 968 3653 Vlll.
997 3591 1082 3654 Libri
1103 3593 1126 3654 l.
1150 3592 1192 3654 De
1211 3609 1259 3652 oo·

157 3690 238 3753 tetris
258 3691 519 3763 rationabilibres,·
542 3692 595 3754 sed
621 3712 733 3754 revera
757 3694 795 3753 ad
819 3712 845 3754 c.
866 3691 952 3752 Vlll.
973 3692 1059 3755 Libri
1085 3692 1126 3756 ΙΙ.
1149 3696 1188 3757 de
1206 3692 1262 3753 ani·

156 3812 207 3857 ma
229 3796 394 3858 hominum
417 3803 448 3856 et
466 3796 689 3874 jumentorum
706 3797 735 3855 in
752 3814 878 3874 genera.
896 3792 969 3867 Ubi,
988 3796 1183 3873 quibusdam
1198 3812 1259 3874 pro·

158 3900 268 3976 positis
290 3917 327 3960 ac
350 3898 498 3959 discussis
519 3897 683 3958 subtiliter
705 3898 743 3958 dc
766 3898 878 3958 mentis
902 3897 1061 3958 humanae
1088 3898 1261 3960 conversio·

157 4016 195 4059 ue
218 3999 419 4071 inanimam,
444 4016 474 4057 n.
496 3994 526 4064 d.
549 3996 689 4058 addidit:
715 4019 730 4056 ιι
755 3995 985 4058 Verumtamen
1007 3998 1095 4075 quod
1120 3999 1261 4067 diximus,

157 4106 300 4160 mentem
320 4101 350 4159 in
373 4100 510 4161 animam
543 4101 651 4174 verti,
678 4100 728 4161 rel
758 4100 849 4177 siqua
882 4098 944 4159 alia
978 4101 1009 4159 in
1040 4100 1102 4163 hoc
1127 4102 1265 4162 ridentur

158 4200 315 4279 aspicere,
338 4201 490 4266 discutiat
510 4200 596 4280 apud
618 4220 675 4280 so,
697 4201 754 4280 qui
776 4200 855 4280 legit
876 4199 1074 4280 diligentius,
1097 4208 1132 4268 et
1152 4207 1266 4282 pertra-
