2886 4784
1105 367 1163 439 tit

491 473 631 542 catut
652 474 742 538 xttt.

30 674 208 760 diecesani
229 679 446 759 ecpioduntssr
466 677 701 742 criminationes
723 677 874 738 adversas
886 673 1049 754 privatam
1068 673 1168 742 catti-

85 781 130 845 sti
144 783 246 843 uitam
262 790 432 859 antequam
450 778 644 860 Pontificem
658 779 856 858 saccentur,
873 773 1009 856 aliisque
1027 775 1173 843 animati·

85 880 188 945 corsis
207 877 459 943 circumstantiis
481 880 518 942 ab
541 879 676 943 tectore
697 878 827 954 notatis,
844 876 994 943 nistoriae
1007 879 1166 960 penninas

87 983 267 1050 contrariis
287 1004 326 1046 ac
346 1002 451 1047 seeum
472 981 553 1064 ipsis
571 982 802 1065 peccantibus.

61 1227 289 1371 Acindynus,
305 1287 579 1367 quemadmodum
602 1288 826 1366 praemisimus
842 1304 872 1348 a.
891 1285 915 1348 l.
931 1287 976 1348 ait
991 1303 1000 1344 ε
1017 1285 1105 1350 «sibi
1119 1303 1176 1366 op·

60 1391 174 1452 timum
198 1387 300 1451 rideri
316 1390 421 1451 -ritam
445 1387 568 1450 Callisti
590 1391 701 1452 concii
723 1407 910 1467 exponer03
927 1387 1049 1468 atejus
1067 1386 1176 1450 riven-
1261 1394 1263 1399 '

59 1490 88 1551 di
110 1507 231 1568 genere
251 1490 392 1568 cognito,
414 1491 529 1552 mentis
551 1508 646 1551 sanae
662 1490 844 1552 bominibus
858 1488 990 1571 jamjam
1008 1498 1175 1567 apparent,

57 1609 157 1670 qnam
175 1590 307 1652 molitus
323 1592 363 1652 sit
381 1592 550 1654 baeresim.
568 1590 737 1654 Praefecto
754 1589 876 1652 llomae
892 1588 1066 1662 Fusciano,
1082 1588 1177 1653 tidem

57 1689 225 1755 confessus
245 1697 302 1752 ast.
327 1689 414 1754 Istud
442 1703 551 1756 nutem
574 1691 636 1754 luit
658 1691 807 1772 martyrii
823 1673 922 1770 genus
937 1698 999 1753 etc.
1013 1709 1030 1748 u
1055 1689 1089 1752 ln
1110 1695 1176 1771 qda

57 1791 273 1870 expositione,
291 1793 336 1854 uti
359 1794 389 1854 in
413 1793 565 1872 praelatis
582 1793 691 1854 videre
706 1804 766 1865 est,
787 1792 943 1873 objicitur
958 1792 1112 1855 Callistus
1129 1791 1179 1855 vir

57 1912 188 1968 serras,
212 1893 380 1972 trapezita,
405 1894 645 1971 fraudulentus,
671 1894 855 1967 simulator,
879 1893 1080 1966 ambitiosus,
1106 1910 1177 1955 ver·

59 1997 245 2057 scitissimos
266 1996 305 2056 ad
329 1996 543 2069 mendacium,
567 1984 609 2058 cb
630 2015 684 2059 aas
706 1998 848 2059 alienum
872 1994 979 2056 molae
994 1994 1177 2069 damnatus,

58 2096 103 2159 ob
123 2096 314 2158 seditionem
338 2097 528 2160 verberibus
551 2098 681 2178 publice
701 2115 842 2169 caesus,
867 2096 906 2156 ad
928 2093 1093 2156 Sardiniae
1115 2111 1181 2155 me·

60 2195 141 2258 talla
165 2196 353 2269 transistus,
376 2197 526 2259 fidelibus
548 2201 683 2273 invisus,
701 2194 824 2259 Victori
848 2193 955 2273 Papae
978 2195 1181 2257 minimaac·

59 2306 190 2376 ceptus,
213 2296 275 2358 lide
297 2297 466 2372 infirmus,
490 2299 687 2361 haereticus.
711 2296 776 2373 Qui
801 2297 927 2359 tametsi
951 2297 998 2358 his
1020 2295 1181 2358 obnoxius

62 2396 359 2461 insimulationibus
380 2399 418 2460 ad
445 2399 654 2462 pontificatus
676 2400 799 2475 apicem
822 2397 1004 2461 extollitur.

146 2495 191 2560 Et
210 2500 284 2578 quis
306 2500 369 2563 boc
390 2501 515 2575 credat,
531 2499 617 2562 baud
644 2501 787 2578 ignarus,
804 2515 888 2578 qnae
904 2497 1082 2578 Apostolus
1096 2512 1184 2558 man·

62 2598 120 2661 dat
142 2599 174 2659 in
195 2601 337 2679 episcopi
359 2601 517 2664 electione
529 2599 546 2664 'l
569 2599 611 2662 Et
631 2602 703 2680 quis
719 2601 820 2661 nescit
836 2609 958 2678 quanto
972 2597 1081 2661 studio
1096 2595 1183 2675 Apo·

61 2699 140 2761 stoli
162 2699 350 2763 mandatum
372 2703 570 2765 custoditum
592 2702 634 2763 sit
658 2703 846 2780 praesertim
877 2701 909 2761 in
940 2698 1081 2762 Ecclesia
1117 2699 1184 2774 pri·

65 2816 202 2873 maara,
225 2818 264 2863 na
284 2807 415 2865 'sacrum
438 2798 1045 2882 vituperareturministerium,sicuti
1067 2806 1184 2860 testan-

65 2913 122 2964 tur
142 2903 268 2981 antiqui
290 2900 445 2967 canones.
471 2902 513 2966 Et
535 2921 729 2983 magnopere
753 2906 813 2965 boc
836 2901 1067 2982 postulabatur
1081 2901 1113 2961 iu
1127 2898 1186 2974 eli·

65 3002 172 3083 mado
194 3003 345 3065 antistita
367 3002 538 3080 Rornano,
561 3006 705 3067 omnium
734 3005 877 3085 principe
899 3012 931 3064 et
951 3003 1106 3081 magistro
1134 3018 1186 3062 ee·

66 3103 269 3178 electarum,
293 3105 374 3166 adeo
397 3115 433 3167 ut
456 3107 543 3181 vita,
566 3106 734 3179 moribus,
757 3104 819 3165 tide
840 3114 872 3166 et
896 3103 1043 3164 doctrina
1071 3118 1182 3164 coram

66 3202 218 3266 fluetibus
239 3212 272 3266 et
292 3204 475 3267 infidelibus
497 3203 589 3268 {ieret
621 3204 765 3283 undique
794 3202 971 3264 sanctitatis
1003 3200 1182 3277 exemplar.

66 3299 305 3380 Tertullianus,
328 3315 361 3369 et
381 3307 511 3386 quidem
533 3325 569 3369 ea
593 3309 659 3387 ipsa
682 3313 801 3380 aetate,
817 3305 848 3364 in
864 3322 892 3366 c.
907 3299 1056 3365 XXXlX.
1072 3299 1188 3380 Apolo-

65 3402 182 3485 peticie
206 3426 222 3464 a
246 3407 439 3484 praesident,
463 3408 578 3487 inquit,
603 3407 687 3486 apud
712 3424 767 3467 nos
791 3405 917 3484 probati
939 3407 1062 3484 quiquo
1083 3404 1188 3465 senio·

70 3522 138 3581 ses,
162 3506 318 3568 bonorem
340 3507 438 3569 istum
461 3525 523 3568 non
546 3509 650 3585 pretio
671 3507 725 3569 sed
750 3505 931 3568 testimonio
959 3504 1076 3584 adepti.
1101 3523 1117 3561 s
1141 3502 1187 3566 lle

71 3601 217 3666 Fabiano
241 3603 325 3684 Papa
347 3605 460 3669 scribit
481 3604 641 3668 Eusebius
662 3607 694 3666 in
716 3603 814 3668 Libro
832 3603 884 3666 Vl.
902 3624 930 3668 c.
948 3601 1053 3666 XXll.
1075 3625 1091 3663 a
1106 3602 1188 3666 Cum

69 3724 183 3770 omnes
205 3707 322 3771 iratres
343 3727 440 3771 cansa
462 3709 621 3787 deligendi
637 3709 721 3789 ejus,
738 3709 794 3788 qui
809 3709 1030 3786 episcopatum
1046 3716 1186 3783 gereret,

69 3809 101 3868 in
124 3808 260 3871 ecclesia
281 3810 529 3884 convenissent,
552 3817 584 3871 ct
607 3810 700 3871 multi
732 3809 771 3871 de
801 3808 911 3870 multis
943 3805 1124 3867 illustribus
1156 3813 1190 3866 et

71 3907 253 3988 praeclaris
277 3911 354 3973 viris
369 3912 407 3972 ad
425 3910 506 3973 illud
524 3929 640 3973 manns
654 3910 840 3973 obeundum
857 3908 979 3970 idoneis
995 3907 1188 3984 cogitarent,

70 4027 263 4091 quanquam
286 4009 461 4090 Fabianus,
483 4013 541 4092 qni
564 4021 631 4076 tum
656 4013 740 4076 lorte
762 4020 891 4090 praesto
913 4017 997 4084 erat,
1022 4008 1139 4070 nemini
1161 4008 1192 4068 in

71 4117 216 4174 mantem
240 4121 385 4188 venerat,
409 4113 604 4192 derepente
627 4121 731 4175 tamen
750 4110 935 4175 columbam
958 4152 1096 4170 .....
1121 4107 1193 4188 ejus

71 4211 173 4294 capiti
204 4211 357 4278 insedisse
387 4222 579 4280 memorant.
614 4212 664 4278 Ex
696 4214 796 4297 ipsias
826 4210 979 4278 ilistorici
1010 4207 1109 4272 Libro
1137 4206 1191 4271 Vl.
