2886 4784
1119 353 1192 423 159,

55 462 250 541 supersunt,
273 451 509 521 Commentario
527 451 558 515 in
577 451 661 514 hanc
682 450 816 524 librum,
833 449 971 513 castrant.
988 448 1034 513 De
1050 451 1179 532 reliquo

59 577 126 625 nnn
140 568 190 622 est
203 557 430 629 dubitandum,
448 553 614 631 Platonem
633 556 664 615 in
680 550 811 615 Timaeo
828 554 1019 632 disceptasse
1035 552 1074 615 de
1090 572 1181 616 muu-

59 665 92 725 di
116 661 360 732 constitutione,
386 674 549 735 suumque
573 654 645 717 ideo
667 656 787 718 tibrum
810 654 1007 734 inscripsisse
1031 652 1181 734 Disputa-

61 761 109 825 tio
129 754 198 863 περὶ
222 756 277 826 rio
299 755 420 835 παντός
442 757 479 817 de
498 753 646 818 uniuerso
666 757 734 817 sire
751 757 787 816 de
807 756 940 828 mondo,
956 757 1001 817 uti
1023 755 1054 816 iu
1077 757 1183 817 noris·

61 871 143 930 sima
162 866 233 946 ejus
249 865 322 932 iibri
340 873 430 942 parte
445 861 588 940 iegitur:
611 877 648 921 ac
668 852 933 921 veluti‘Editorcs
950 865 1182 934 praenotarunt

65 972 97 1030 io
124 967 286 1047 Prologus
314 986 331 1024 o
346 962 471 1036 Phasis,
495 961 657 1039 inquiunt,
679 978 737 1022 seu
759 976 876 1036 scopus
898 960 1183 1036 argumentationis

63 1088 106 1132 ex
140 1068 211 1148 ipso
245 1066 343 1130 tituto
374 1072 533 1143 apparet,
558 1060 602 1124 Dc
628 1057 773 1122 uniuersi
793 1069 925 1121 notura.
949 1056 1186 1136 Complectitur

65 1170 151 1234 euim
172 1168 356 1248 doctrinam
378 1174 411 1229 et
431 1165 619 1228 senteutiam
646 1161 787 1226 Platonis
812 1161 851 1224 de
880 1162 991 1225 mandi
1020 1163 1184 1224 creatione

65 1280 98 1335 et
118 1270 263 1335 omnium
285 1267 426 1349 partium
449 1266 548 1328 iilius.
571 1283 588 1322 o

149 1370 198 1434 lie
218 1369 349 1450 quidem
371 1387 473 1441 vera,
498 1365 649 1429 ductoris
679 1366 846 1428 doctrinae
871 1365 1077 1428 concordiam
1109 1383 1182 1427 cnm

69 1469 215 1536 Platonis
236 1472 426 1551 placitis-de
447 1470 558 1532 usundi
580 1469 776 1543 conditione,
793 1469 882 1546 prius
899 1477 1036 1530 testetur
1059 1466 1184 1528 tituius.

70 1573 261 1656 anonymus
283 1574 386 1652 inquit
406 1590 440 1635 se
464 1571 557 1650 loqui
579 1570 619 1631 de
639 1573 804 1632 creatione
826 1580 856 1632 et
888 1570 1000 1631 ordina
1034 1569 1186 1630 universi.

69 1673 142 1739 Hoc
164 1676 248 1738 idem
265 1675 335 1737 vul-t
353 1672 444 1736 Plato
466 1670 497 1737 iu
518 1669 661 1734 Timaeo.
686 1669 792 1741 Plato,
810 1680 956 1748 quatuor
971 1664 1082 1748 positis
1098 1688 1189 1731 mun·

72 1778 104 1841 di
122 1776 400 1856 clementisigne,
423 1792 498 1837 aare
509 1819 521 1853 ‚
544 1790 628 1852 aqua
651 1781 683 1835 ct
706 1782 806 1848 terra,
828 1772 958 1835 subdit:
977 1792 992 1828 a
1012 1769 1186 1850 Propterea

69 1896 112 1941 ex
134 1860 325 1958 huiusmodi
349 1876 446 1938 rebus
468 1891 605 1938 numero
627 1880 783 1953 quatuor,
800 1874 908 1935 mundi
927 1892 1047 1953 corpus
1072 1871 1189 1935 conda·

72 1990 142 2042 turn
164 1987 226 2051 est,
249 1995 286 2042 ee
299 1995 493 2046 ,connexum
515 1977 771 2050 comparatione,
795 1993 859 2054 uua
878 1975 957 2050 dixi,
972 1995 1012 2036 ex
1027 1993 1093 2054 quo
1108 1979 1190 2052 scip·

70 2097 144 2143 sum
166 2079 305 2142 amicitia
329 2062 480 2140 concordi
503 2079 753 2157 complectitnr3
778 2087 874 2158 atque
897 2079 952 2137 ita=
972 2087 1045 2155 apte
1074 2077 1190 2137 coirac-

72 2187 135 2253 ret,
159 2186 195 2240 ut
218 2187 359 2257 nequeat
379 2177 512 2239 dissolri
536 2178 605 2239 ulio
633 2178 753 2249 modo,
777 2181 833 2237 nisi
857 2177 896 2236 ab
924 2177 1060 2248 eodem,
1083 2193 1100 2234 a
1123 2195 1190 2257 quo

71 2279 264 2359 colligatum
286 2290 346 2341 cst.
371 2275 525 2353 Quatuor
544 2279 648 2356 igitur
669 2296 783 2340 earum
806 2296 916 2340 rorum
938 2275 1116 2356 quamlibet
1145 2279 1190 2338 in·

74 2393 198 2459 tagram
221 2379 360 2467 arundus
381 2380 516 2459 accepit.
539 2377 589 2441 Ex
611 2381 696 2441 omni
719 2380 838 2459 quippe
861 2381 943 2458 igue,
967 2397 1058 2450 aere,
1082 2394 1188 2456 aqua,

75 2492 179 2555 terra,
202 2480 301 2558 ipsius
322 2481 471 2543 conditor
492 2481 533 2542 ita
557 2481 661 2558 ipsum
683 2481 866 2558 composuit
882 2489 916 2541 ut
936 2479 1058 2542 nullam
1082 2478 1192 2559 cujus·

72 2584 159 2663 piam
181 2584 320 2644 istorum
343 2591 470 2662 partem
492 2589 550 2644 aut
573 2582 636 2642 vim
659 2590 751 2643 extra
777 2582 987 2660 relinqueret.
1011 2600 1027 2637 a

154 2679 344 2764 Anonymus
368 2702 446 2746 vero
469 2682 552 2744 idern
576 2691 714 2771 pptaos,
738 2685 780 2743 ait
805 2679 908 2744 Deum
941 2690 1032 2743 antea
1064 2699 1191 2745 creasse

75 2787 165 2849 varia
188 2783 377 2847 futurorum
401 2785 556 2864 principia
581 2785 697 2862 ignem,
720 2801 841 2856 aerem,
859 2801 989 2860 aquam,
1007 2791 1190 2854 ulterram,

73 2904 114 2948 ex
137 2884 258 2966 quibus
280 2885 417 2949 diversis
431 2905 523 2949 suam
541 2886 725 2972 perficiebat
743 2894 939 2947 creaturam.
957 2881 1077 2946 Deinde
1093 2885 1190 2946 dicits

11 2982 15 2988 '
71 3007 87 3044 a
112 2985 275 3047 mundum
296 3007 315 3047 e
337 2975 438 3048 nihiio
463 2987 607 3057 iactum,
631 3004 689 3048 uec
713 2984 815 3047 Deum
839 3004 929 3056 esse,
953 3003 989 3046 ac
1013 2986 1107 3046 istum
1131 2984 1193 3044 dis·

73 3088 173 3158 solvi,
191 3088 326 3168 jubente
347 3087 515 3152 Creatore.
540 3087 677 3150 Creator
700 3097 808 3148 auteur
832 3085 917 3148 [icus
934 3085 1055 3148 maium
1071 3103 1133 3147 uon
1151 3084 1195 3145 ie·

76 3192 143 3253 cit:
168 3190 255 3269 quod
279 3189 356 3251 iacit
379 3190 499 3251 bonum
520 3195 579 3250 est.
604 3187 668 3263 Qui
692 3188 765 3255 iacit
782 3189 877 3258 enim.
894 3186 1067 3247 bonusest.
1088 3204 1104 3240 a
1124 3184 1195 3246 Pia·

77 3300 110 3351 to
132 3290 222 3351 item:
246 3287 350 3367 «Qui
373 3291 543 3352 constituit
566 3291 628 3351 hoc
644 3292 842 3361 uuiversum,
860 3288 968 3349 bonus
985 3295 1073 3362 erat3
1092 3289 1194 3346 honus

76 3387 298 3452 autumnalia
324 3406 467 3466 unquam
490 3389 530 3450 de
551 3390 660 3468 aliqua
686 3408 720 3450 re
754 3389 870 3450 invidia
906 3389 1057 3465 tangitur.
1082 3386 1194 3465 itaque

76 3507 153 3575 cuna
180 3487 276 3548 reiiet
300 3484 387 3549 Deus
409 3488 489 3549 bona
512 3491 617 3550 ornain
643 3488 724 3563 iore,
749 3490 826 3551 nihii
853 3509 943 3560 vcro,
967 3471 1052 3566 cuod
1077 3498 1193 3550 natura

77 3597 269 3679 peteretur,
292 3589 434 3659 malum,
458 3591 616 3668 quidquid
650 3599 719 3651 crat
742 3593 828 3670 quod
854 3592 883 3650 in
905 3591 1035 3653 creandi
1065 3608 1193 3652 sonsum

76 3693 336 3767 cadero-posset,
360 3691 533 3768 assumpsit
553 3700 613 3751 etc.
633 3710 648 3745 a
675 3689 713 3751 Et
728 3710 802 3751 curu
820 3690 1008 3774 anonymus
1030 3693 1070 3750 ita
1086 3692 1195 3768 dispu-

75 3800 121 3854 tet
143 3791 182 3852 de
203 3789 372 3866 Creatore,
397 3795 436 3853 de
458 3793 779 3864 creationisordine,
803 3795 908 3870 deqrre
932 3795 1042 3870 primis
1057 3792 1195 3851 eierneu·

79 3895 131 3965 tis,
156 3890 240 3965 uude
261 3899 390 3954 ceterae
411 3901 583 3954 creaturae
608 3874 709 3955 iactae
732 3904 818 3969 suot,
841 3893 894 3955 ubi
918 3892 1086 3970 perspicue
1108 3908 1194 3952 com·

78 3990 331 4073 prehenduntur
352 3989 501 4054 ethnicae
524 3993 752 4073 philosophiae
775 3995 929 4071 principia
951 4009 968 4052 a
993 3991 1123 4053 Platone
1145 4008 1197 4051 ac·

72 4098 191 4172 cepta3
213 4095 286 4172 quia
301 4101 393 4170 putet
410 4108 554 4173 uuquam
574 4095 625 4156 iric
641 4095 681 4154 ab
697 4074 735 4155 eo
752 4093 891 4155 convelli
908 4077 1071 4155 Platonem
1088 4093 1195 4169 potius

72 4210 173 4272 quarn
194 4193 288 4259 istius
308 4191 674 4281 complectithoorias'?
697 4194 872 4273 Quomodo
895 4212 972 4273 ergo
987 4195 1194 4280 statuendum
