2886 4784
1232 399 1292 469 tta

171 518 244 564 snm
269 516 301 564 et
322 519 491 564 ascensum
514 500 731 563 commentati.
756 498 819 574 Qui
843 500 973 579 angelos
996 500 1134 564 rebelles
1156 522 1173 563 c
1197 506 1290 567 coelo

172 603 317 684 dejectos
339 613 371 665 at
393 606 423 665 in
445 603 566 665 animas
589 603 755 664 homiuum
789 621 918 676 versos,
953 623 1070 683 poenas
1099 605 1226 668 solvere
1260 611 1291 669 in

172 715 262 769 terra
285 714 436 768 reatuum
458 723 593 768 suorum
621 707 651 765 in
673 704 772 766 coelis
793 704 1021 780 admissorum,
1038 707 1203 784 putabant.
1224 707 1289 784 Qui

170 807 309 871 alteram
332 805 451 869 Christi
475 806 727 884 redemptionem
758 806 943 868 credebant.
967 805 1031 881 Qui
1063 810 1290 873 existimarunt

171 911 311 972 animam
334 908 471 970 heminis
486 928 543 987 per
560 910 725 970 traducam
743 912 937 987 propagari3
955 918 986 971 et
1001 911 1288 988 metempsychoseua

171 1011 315 1090 dogmati
350 1011 510 1072 invehant.
535 1008 599 1084 Qui
633 1009 830 1076 mundorum
862 1010 1022 1090 tingebant
1055 984 1300 1091 pluralitatem?

171 1110 237 1188 Qui
260 1121 364 1173 erlem
388 1115 542 1191 magicam
566 1111 766 1174 adserebant.
785 1111 849 1187 Qui
869 1114 1043 1175 litteralem
1059 1115 1185 1177 divinae
1206 1115 1293 1178 Scri·

172 1226 290 1292 pterae
311 1233 439 1277 sensum
465 1214 516 1276 vel
537 1215 763 1286 sustollebant,
790 1214 840 1274 vel
863 1215 1094 1293 depravabant.
1109 1214 1173 1291 Qui
1195 1217 1290 1279 doce-

171 1315 248 1377 bant
270 1314 339 1377 dari
362 1318 392 1376 in
415 1316 475 1377 hac
500 1316 561 1376 vita
586 1325 716 1395 peccata
732 1316 890 1394 quaedam
906 1317 1026 1379 homini
1043 1306 1287 1380 irremissibilia.

173 1416 237 1495 Qui
261 1421 448 1497 nuptiarum
469 1420 672 1481 sanctitatem
696 1418 920 1497 profanabant.
938 1418 1001 1494 Qui
1019 1421 1193 1484 christiana
1211 1422 1288 1500 dog·

171 1526 257 1580 mata
281 1519 461 1598 platonicae
491 1519 778 1582 accommodarunt
812 1521 1043 1601 philosophiae.
1067 1521 1132 1598 Qui
1155 1539 1288 1601 praesu·

169 1623 321 1697 mebant,
347 1631 449 1682 restes
472 1622 645 1701 pelliceas,
669 1623 786 1700 quihus
810 1626 942 1687 indutus
964 1632 1012 1684 est
1034 1623 1177 1686 Adanaus
1212 1632 1285 1703 post

169 1731 312 1799 reatum,
336 1724 470 1785 indicari
494 1741 634 1801 corpus,
657 1725 743 1803 quod
767 1734 859 1786 antea
882 1744 943 1787 non
967 1724 1203 1800 habebat-Qui
1228 1744 1287 1804 per

167 1826 362 1906 allegoriam
389 1826 625 1906 cosmogoniam
656 1827 828 1888 mosaicam
859 1828 1058 1889 evertebant.
1090 1823 1286 1906 Huiusmodi

168 1945 326 2010 perversa
349 1935 381 1989 et
403 1927 541 1989 absurda
558 1926 706 2005 dogmata
721 1945 738 1989 a
755 1924 935 2006 Theophila
951 1936 982 1988 et
999 1925 1198 2010 Hieronymo
1214 1944 1287 2004 pro·

168 2028 245 2093 lessi
268 2029 435 2104 dicuntur,
458 2047 540 2108 quos
562 2029 671 2100 citavi,
694 2029 793 2090 sancti
818 2028 891 2102 viri,
914 2034 1041 2090 etcum
1066 2027 1113 2089 his
1136 2026 1283 2090 multitu·

167 2131 212 2194 do
243 2131 411 2206 fidelium,
440 2132 521 2194 adeo
553 2139 609 2204 nt,
633 2129 907 2209 quemadmodum
936 2131 981 2190 ait
1009 2149 1034 2192 s.
1057 2129 1182 2192 Doclor
1207 2148 1287 2208 pau·

168 2251 225 2298 cos
246 2251 357 2296 seeum
381 2233 515 2296 haberet
538 2251 634 2295 verae
655 2231 728 2293 tidei
751 2232 932 2306 zelatores,
958 2237 1084 2294 eeteros
1105 2232 1286 2311 corripiens

168 2336 335 2400 haeretice
358 2343 389 2398 et
412 2334 507 2414 impia
529 2353 566 2397 ca
589 2335 732 2397 doctrina
756 2333 906 2396 imbutos.

250 2434 290 2497 Et
318 2437 390 2516 quis
416 2436 527 2499 credat
554 2454 668 2514 reapse
696 2433 853 2498 Joannem
879 2432 1172 2516 chrysostomum,
1201 2434 1283 2497 alte·

167 2556 243 2602 rum
271 2539 606 2620 hierosolymitanum,
630 2535 818 2612 Ruffinurn,
843 2535 1027 2619 Didymum,
1051 2535 1228 2616 Evagrium
1250 2546 1282 2598 et

167 2639 379 2702 Ammoninm
401 2657 475 2701 cum
499 2638 632 2717 reliquis
654 2638 740 2699 hunc
762 2638 904 2716 potuisse
925 2637 1097 2716 complecti
1111 2656 1148 2701 ac
1166 2656 1285 2717 propu-

165 2754 268 2821 gnare
289 2730 532 2803 monstruosum
555 2738 678 2802 loetum
702 2737 879 2802 errorurn'?
899 2741 954 2818 qui
969 2740 1067 2802 simul
1083 2758 1192 2803 omnes
1210 2741 1285 2803 bae·

166 2856 256 2904 reses
288 2847 320 2901 et
352 2842 456 2901 omnia
482 2856 561 2901 nana
585 2840 731 2901 ethnicae
754 2839 976 2917 philosophiae
1003 2849 1175 2925 systemata
1209 2859 1283 2903 eon·

165 2951 310 3013 nectens,
333 2941 374 3002 ab
398 2943 463 3003 imo
493 2942 531 3000 ad
564 2959 728 3002 summum
762 2938 864 3001 tntum
894 2942 1050 3003 convellit
1081 2941 1283 3006 Christianae

167 3041 345 3121 Religionis
379 3039 655 3105 tundamentum?
681 3039 912 3103 Verumtamen
935 3049 1065 3122 accepta
1090 3044 1283 3127 hypothesi,

167 3154 215 3207 tot
237 3151 268 3206 et
292 3153 393 3207 tantos
418 3147 504 3206 viros
526 3145 638 3205 illusos
662 3145 781 3217 luisse,
816 3162 877 3203 non
911 3153 1033 3204 tanturn
1065 3164 1105 3206 ex
1139 3146 1281 3208 aliorum

163 3247 316 3324 opinione
339 3245 539 3325 probandum
564 3245 669 3318 ioret,
692 3246 746 3307 sad
770 3251 802 3306 et
828 3244 931 3306 multo
955 3246 1054 3323 magis
1076 3265 1117 3306 ex
1141 3247 1282 3323 propriis

163 3346 282 3418 libris,
304 3366 346 3410 cx
368 3346 535 3409 manifesta
558 3347 692 3408 illorum
714 3347 891 3418 sententia,
914 3354 946 3407 et
977 3365 1017 3407 ex
1040 3347 1277 3424 discipulorum

161 3467 301 3512 suorum
327 3449 517 3511 testimonio.
543 3445 754 3544 Fortassean
780 3446 932 3527 Evagrii,
956 3444 1108 3531 Didymi,
1133 3446 1278 3521 Ruffini,

163 3547 400 3635 Chrysostomi,
419 3551 578 3613 hermonii
600 3560 631 3613 et
652 3552 815 3615 sociorum
831 3551 959 3628 scriptis
980 3554 1109 3616 eruitur
1125 3552 1278 3615 indicium

162 3651 297 3732 aliquod
313 3651 419 3732 hujus
441 3651 597 3713 netandae
618 3652 857 3718 confessionis?
877 3651 919 3731 (ἕ)

241 3891 274 3964 (*)
293 3889 327 3946 In
344 3889 477 3948 hocloco
497 3908 605 3965 nequeo
626 3910 671 3948 me
688 3893 722 3949 ah
741 3892 852 3950 horrore
871 3895 1012 3951 continere
1030 3893 1066 3949 ob
1087 3891 1272 3965 quorumdam

160 3986 302 4042 insaniam
326 3990 356 4039 et
371 3984 525 4053 audaciam,
547 3986 596 4059 qui
613 3987 727 4042 ineunte
747 3988 842 4053 seculo
863 3994 952 4049 sexto.
974 3993 1123 4059 postquam
1143 3986 1274 4042 orthodo-

161 4094 230 4135 xam
247 4076 381 4150 Origenis
397 4077 552 4134 doctrinam
571 4079 605 4134 de
623 4080 823 4135 resurrectione
841 4087 869 4136 et
886 4080 1048 4135 aeternitate
1071 4095 1223 4150 poenarum
1244 4079 1274 4132 in

158 4175 221 4228 rita
235 4172 330 4227 futura
345 4179 535 4245 perverterunt
555 4173 584 4227 in
601 4190 717 4245 pravum
736 4189 861 4241 sensum,
875 4190 942 4228 sana
959 4173 978 4226 ii
994 4172 1162 4230 somnolenti
1181 4179 1209 4228 et
1227 4174 1275 4228 de-

157 4267 215 4336 liri,
237 4283 380 4338 nunquam
400 4284 462 4323 vero
481 4266 637 4340 Origenes,
660 4266 915 4340 suprallragrium
934 4272 1093 4340 quoquest
1114 4266 1268 4340 Didymum
1294 4308 1297 4314 -
1365 4306 1368 4311 ,
