2886 4784
66 488 115 542 est
138 484 276 558 propter
294 477 379 540 aeris
401 474 589 555 temperiem
611 484 644 538 et
666 475 776 540 imbris
799 473 1011 539 sufficientem
1037 477 1186 554 copiams

65 585 111 644 sic
140 584 261 643 bonum
292 578 490 642 rationabilis
516 586 689 641 creaturae
719 579 847 640 mistum
878 587 926 640 est
954 598 997 642 ex
1021 580 1191 642 voluntate

65 684 179 761 ipsius,
201 671 259 751 καὶ
283 690 342 760 τῆς
370 672 592 771 senuerimus
619 676 709 759 θέιας
732 676 894 767 δυνάμεως
928 690 961 743 et
982 683 1190 757 conspirante

68 789 177 849 divina
196 790 317 850 virtute
339 791 371 850 in
392 806 444 862 co,
467 791 523 868 qui
547 787 765 849 honestissima
789 786 888 864 eligit.
910 783 982 848 Non
1003 786 1109 845 solum
1132 784 1189 862 igi·

70 898 127 950 tur
154 887 270 962 adid,
295 898 331 949 ut
353 890 506 951 honestus
527 899 559 949 et
581 889 683 949 bouus
712 886 768 947 liat
791 887 930 965 aliquis,
953 903 1035 962 opus
1062 893 1111 945 est
1135 900 1188 946 ru·

67 991 196 1052 luntate
217 999 350 1064 nostra,
379 999 418 1097 οἱ,
440 991 547 1052 diviua
578 1008 640 1068 ope
665 992 893 1068 conspirante,
921 1004 1007 1066 quae
1027 993 1189 1064 qnantum

67 1093 106 1152 ad
137 1093 347 1171 nosmetipsos
375 1093 510 1166 attinet,
537 1101 630 1154 extra
660 1092 800 1154 liberum
829 1090 1002 1150 arbitrium
1030 1096 1099 1161 est,
1131 1104 1189 1149 sen

67 1213 110 1255 ex
133 1174 398 1256 libero'arbitrio
426 1203 536 1256 nostru
565 1212 626 1255 non
649 1193 786 1271 pendet;
810 1191 864 1252 scd
887 1190 926 1252 ad
951 1190 981 1251 id
1009 1190 1128 1263 etiam,
1153 1197 1190 1250 ut

67 1295 125 1372 qni
158 1294 262 1357 bonus
284 1303 315 1356 et
337 1296 490 1357 honestus
516 1296 642 1369 evasit,
666 1295 696 1355 in
720 1294 839 1355 virtute
865 1299 1071 1370 perseverets
1102 1290 1190 1368 quod

68 1396 223 1456 nimirum
246 1395 277 1457 in
299 1395 426 1457 ruinam
448 1395 642 1477 delapsurus
667 1395 707 1457 sit
728 1395 824 1455 etiam
842 1392 1017 1473 perlectus,
1033 1394 1057 1454 si
1081 1393 1110 1452 in
1134 1391 1190 1453 bo·

66 1514 109 1558 no
131 1496 237 1558 elatus
260 1496 382 1574 fuerit;
404 1496 543 1577 eiusque
564 1513 694 1558 causam
715 1495 775 1557 sibi
797 1501 941 1573 arroget,
965 1511 1023 1556 nec
1045 1493 1186 1556 debitam

67 1598 257 1676 gloriamsi
282 1595 414 1671 referet,
432 1598 487 1676 qui
511 1598 616 1687 multo
639 1598 711 1677 plus
734 1597 773 1658 ad
798 1595 879 1660 illud
901 1596 1136 1676 acquirendum
1158 1603 1190 1659 et

68 1698 275 1760 retinendum
298 1697 448 1761 cuntulit.
471 1716 487 1754 n

149 1794 231 1859 Cum
252 1806 360 1859 autem
383 1798 414 1858 in
437 1794 536 1859 Libro
554 1794 608 1857 ΙΙΙ.
629 1795 824 1859 Pericrclsou
848 1799 941 1862 valde
964 1807 1095 1862 notetur
1114 1795 1188 1859 Ori·

64 1917 177 1979 genes,
200 1897 286 1977 quod
309 1898 449 1960 liberum
472 1898 644 1959 arbitrium
668 1915 890 1977 propugnans,
914 1901 1049 1961 nimium
1072 1899 1185 1961 huma·
1236 1960 1241 1969 .
1282 1947 1284 1951 a

60 2003 154 2063 nitati
178 2001 387 2071 concesserit,
402 2000 528 2062 divinae
549 2000 621 2060 iden
643 2002 765 2077 gratiae
788 1999 964 2062 eiticaciam
986 2009 1045 2062 aut
1067 2000 1183 2061 tullens

66 2102 120 2164 vel
143 2103 347 2176 imminuens,
372 2103 534 2179 aptissima
557 2102 703 2162 occurrit
728 2103 816 2162 illins
842 2101 999 2163 discussio
1022 2105 1052 2161 in
1075 2103 1211 2187 ipsum0

67 2201 190 2264 Psalmi
210 2198 280 2266 ltu.
308 2201 529 2265 versiculum:
562 2222 578 2261 u
606 2199 680 2266 Nisi
710 2200 863 2263 Dominus
891 2199 1106 2281 aedificaverit
1134 2201 1188 2262 du·

59 2322 163 2378 mum,
185 2302 222 2365 in
241 2320 360 2364 vanum
382 2303 630 2375 laboraverunt,
651 2301 706 2383 qui
727 2301 900 2381 aedificarit
924 2321 1002 2365 eam.
1025 2299 1100 2367 Nisi
1122 2300 1184 2363 Ile-¹

59 2403 172 2468 minus
193 2402 376 2467 custodierit
390 2401 564 2477 ciuitatem,
579 2406 703 2484 frustra
725 2405 851 2484 vigilat,
869 2403 925 2485 qui
946 2404 1084 2468 custodit
1102 2423 1182 2467 cum.
1200 2400 1203 2406 ⁴

64 2507 141 2573 Non
163 2506 249 2586 quod
273 2525 352 2581 nos,
374 2507 441 2582 ait,
463 2507 503 2568 ab
525 2506 724 2569 aedificando
753 2508 967 2582 dehortetur,
992 2514 1049 2568 ant
1070 2506 1185 2569 doceat

64 2628 105 2671 ue
132 2604 365 2688 vigilemns'ad
391 2608 486 2689 ejus,
509 2627 593 2687 quae
620 2612 650 2670 iu
680 2610 784 2670 anima
813 2617 921 2671 uostra
951 2618 1019 2683 est,
1043 2610 1182 2671 civitatis

61 2710 246 2774 custodiam
255 2729 267 2790 3
289 2710 345 2773 sed
372 2710 541 2773 ostendeus
569 2728 797 2791 quaecumque
826 2713 895 2774 sine
921 2711 989 2773 Deo
1015 2710 1184 2773 aedilican·

65 2819 135 2885 tur,
158 2820 190 2873 et
210 2829 296 2891 quac
317 2811 388 2891 ejus
409 2811 555 2874 custodia
578 2828 640 2873 non
661 2813 849 2891 sepiuntur,
874 2811 995 2874 trustra
1018 2810 1188 2874 aedificari·

61 2918 96 2975 et
119 2913 279 2973 iucassnm
308 2913 463 2974 custodiri
473 2932 485 2992 3
516 2930 590 2974 cum
617 2911 694 2993 jure
722 2912 952 2975 aedificationis
978 2913 1127 2974 domiuus
1154 2921 1187 2974 et

62 3014 232 3076 custodiae
254 3014 392 3077 civitatis
409 3017 557 3093 princeps
580 3014 788 3078 ascribendus
810 3016 851 3075 sit
874 3017 1103 3078 universorum
1121 3013 1183 3076 lle·

64 3135 114 3179 ns.
140 3135 155 3171 n
180 3116 227 3178 Ac
249 3116 348 3196 paulo
370 3124 461 3196 post:
480 3116 562 3181 «Sic
584 3117 615 3177 iu
638 3124 745 3178 nostra
768 3117 873 3178 salute
888 3117 983 3194 lunge
1006 3116 1110 3194 maius
1133 3125 1182 3178 est

63 3215 154 3296 quod
176 3233 194 3277 a
218 3213 298 3289 Deo,
314 3234 411 3296 quam
434 3217 521 3296 quod
544 3235 562 3278 a
584 3224 695 3279 nostro
717 3222 765 3280 est
785 3217 891 3278 libero
913 3217 1064 3280 arbitrio:
1084 3236 1183 3297 quam

61 3318 106 3381 ob
128 3335 259 3381 cansam
282 3327 360 3397 puto
382 3319 526 3382 dictum:
550 3335 615 3380 uon
635 3317 784 3395 uolentis,
808 3337 906 3398 acque
927 3316 1108 3393 currentis,
1131 3319 1185 3380 scd
1282 3334 1285 3339 ’

59 3416 240 3482 miserentis
261 3430 304 3480 cst
327 3418 392 3483 ssei.
415 3440 431 3476 ›>
457 3419 607 3483 Proiecto
630 3421 713 3483 istud
737 3422 968 3483 documentum
992 3429 1054 3482 tem
1083 3420 1186 3499 expli·

60 3524 126 3585 cite
149 3521 374 3596 declaratum,
402 3523 585 3603 etquidem
609 3524 639 3582 in
663 3523 725 3584 hoc
747 3524 859 3585 eodem
884 3522 1003 3597 Libro,
1029 3509 1083 3586 nbi
1113 3539 1187 3601 sup·

61 3625 198 3705 ponitur
218 3622 391 3701 Origenem
414 3642 551 3699 errasse,
567 3622 730 3687 sufficeret
753 3634 864 3687 contra
882 3623 991 3689 lluetii
1015 3644 1181 3704 praesum-

67 3714 228 3806 ptiouer'n.

145 3823 192 3887 De
214 3825 344 3904 reliquo
361 3826 413 3889 vix
436 3827 667 3906 acceptandum
690 3834 774 3889 esset
788 3825 960 3906 Origenem
983 3825 1062 3887 alias
1084 3841 1183 3904 saepe

58 3926 243 4001 affirmare,
267 3937 299 3989 et
320 3928 398 3989 alias
420 3946 515 4006 saepe
537 3947 678 4006 negare,
701 3929 787 4008 quod
812 3937 903 3989 antea
928 3925 1112 3988 affirmavit.
1136 3923 1184 3988 Si·

60 4029 130 4092 cuti
154 4027 352 4090 tantumdem
377 4028 489 4105 regula
513 4028 707 4090 admittenda
733 4037 803 4091 ests
827 4045 968 4109 quacum
984 4045 1100 4105 ,equae
1125 4027 1182 4088 ub-

60 4147 161 4193 scnra
184 4129 216 4190 in
237 4128 311 4192 locu
332 4129 474 4208 quodam
501 4130 677 4205 dicuntur,
701 4129 831 4193 aliunde
854 4148 896 4191 ex
918 4130 1097 4208 perspicuis
1124 4130 1187 4191 sint

59 4232 289 4312 explananda,
315 4251 354 4294 ne
382 4235 413 4294 iu
440 4240 595 4313 perpetua
625 4231 878 4294 contradictione
902 4233 1024 4292 versari
1052 4232 1183 4293 dicatur

61 4329 286 4408 Alexandriae
309 4329 486 4414 Magister,
509 4350 548 4398 ac
570 4331 757 4413 praesertim
780 4330 819 4394 de
841 4329 954 4396 eodem
983 4335 1186 4410 argumento.
