2886 4784
130 439 313 514 larcianent.
340 440 421 506 ltem.
448 444 486 506 ln
501 443 598 535 Libro
622 445 666 507 De
690 445 851 525 pudicitia
873 468 903 510 n.
925 448 974 529 16„
1000 447 1068 524 Oui
1090 347 1217 514 dimiszii

130 545 148 609 7t
167 565 296 608 oaorem
314 557 438 625 praeter
458 566 587 610 causum
609 534 773 625 massiliae,
796 550 964 631 faciteam
984 553 1146 616 moechari.
1169 553 1218 619 st·

134 648 221 710 iliter
242 652 274 712 in
296 648 393 712 Libro
417 648 459 711 Dr
482 640 683 730 menapum&
705 671 736 714 n.
752 651 781 717 9.
797 655 860 715 ait:
884 655 940 734 qui
961 654 1117 717 dimiserit
1135 674 1215 718 uxu-

130 769 165 813 rm
179 769 269 813 suam
278 760 500 830 praeterquam
514 771 554 813 ere
568 771 665 816 eausa
682 753 847 827 adulterii,
858 753 938 834 sarit
947 775 1014 819 eum
1024 755 1217 819 oaetrerart.

133 853 171 915 isi
192 854 280 932 quod
305 863 367 914 tam
390 854 443 916 hio
465 872 563 932 quam
585 856 616 916 in
640 855 793 934 praelatis
816 860 1001 920 testimoniis
1031 858 1214 922 addiderita

149 951 209 1033 qui
228 952 393 1018 dimissam
412 977 433 1020 a
453 956 522 1019 uiro
542 956 695 1034 duxerit,
718 960 844 1022 adulter
871 978 965 1040 aeque
990 970 1152 1036 eeasetur;
1173 962 1214 1024 de

130 1074 170 1120 uo
190 1076 360 1123 nunnnon
381 1067 429 1121 est
449 1060 624 1122 disserendi
646 1061 750 1122 loeus.
832 1115 834 1119 ,

182 1160 230 1221 'Aa
252 1161 392 1232 iuterim,
409 1160 467 1222 etsi
489 1161 519 1221 in
542 1164 726 1239 praemissis
745 1163 872 1226 duobus
885 1164 966 1226 lonis
981 1162 1066 1228 hand
1080 1173 1214 1231 notetur

130 1307 133 1321 .
155 1258 187 1326 9.
209 1280 238 1324 o.
263 1259 349 1324 XlX.
372 1273 513 1325 attamen
535 1266 566 1324 in
589 1263 649 1327 hon
672 1265 787 1327 ultimo
810 1268 890 1327 idest
912 1269 942 1327 in
965 1264 1062 1329 Libro
1084 1266 1129 1330 De
1149 1286 1216 1332 ma

130 1363 250 1443 apamia
282 1378 393 1445 aperte
425 1368 619 1430 adstruitur.
644 1365 858 1446 lnquitenim
885 1366 1107 1431 Tertullianus
1128 1389 1160 1432 n.
1182 1368 1213 1435 9.

140 1466 203 1529 Sed
226 1469 286 1530 lino
308 1472 602 1547 argumentationes
626 1474 732 1549 potius
755 1473 980 1533 existimentur
995 1472 1034 1532 de
1049 1470 1215 1552 oonjeetn·

130 1587 145 1629 s
167 1579 322 1643 conatae,
344 1572 369 1630 si
392 1589 455 1633 non
475 1579 507 1633 et
528 1572 703 1633 sententiae
725 1572 931 1649 adstiterint,
955 1590 1035 1650 quas
1058 1570 1214 1636 Dominus

130 1671 209 1733 nisit
225 1672 255 1731 in
271 1672 397 1750 repudii
419 1682 610 1746 retraetata,
630 1672 716 1752 quod
735 1674 925 1751 permissum
940 1673 1130 1753 aliqnando,
1147 1673 1216 1755 jam

130 1772 274 1835 rohtbet:
299 1774 329 1834 in
352 1775 474 1851 primis,
490 1776 566 1853 qnia
588 1776 628 1837 ab
650 1776 739 1836 initio
760 1793 823 1836 non
847 1776 979 1849 luitsin,
995 1778 1080 1840 sieut
1103 1777 1214 1839 matri·

130 1874 202 1937 ionii
218 1893 393 1952 numerns3
411 1889 478 1938 tum
495 1879 570 1957 quia
586 1861 662 1958 quas
680 1875 763 1939 Deus
778 1875 958 1956 eonjuuait,
974 1875 1063 1938 lamo
1082 1895 1148 1938 uon
1168 1897 1214 1940 se·

130 1975 248 2048 arabim
269 1978 392 2040 seilicet
413 1999 451 2040 rso
473 1987 584 2041 contra
608 1978 779 2041 Dominum
806 1979 912 2040 iaciat.
936 1978 1031 2043 Solos
1053 1980 1136 2042 enim
1164 1999 1214 2042 se·

130 2081 228 2142 trabit
251 2081 320 2154 ille,
341 2083 396 2159 qui
419 2091 450 2142 et
471 2081 662 2161 conjunxite
678 2081 840 2161 separabit
861 2090 969 2143 autom
991 2100 1054 2143 non
1076 2101 1134 2159 per
1154 2083 1214 2145 du·

134 2182 210 2265 tietn
231 2183 371 2261 repudii,
393 2202 491 2262 quam
513 2184 691 2263 exprobrat
711 2191 744 2245 et
764 2184 950 2261 compescit,
971 2184 1025 2244 sed
1050 2202 1107 2263 per
1128 2183 1214 2247 nett-

130 2299 171 2344 ιω
194 2283 306 2345 mortis
328 2325 336 2343 .
360 2327 368 2344 .
393 2328 400 2343 .
423 2282 495 2347 Hoc
515 2291 672 2362 quantum
694 2283 734 2345 ad
757 2281 815 2345 liei
839 2283 1037 2347 voluntatem
1069 2301 1132 2346 non
1158 2285 1213 2348 du·

130 2384 287 2447 raandam
309 2393 341 2447 et
363 2387 441 2448 initii
466 2385 602 2447 iormam
621 2386 856 2447 restruendam.

181 2483 371 2550 «Ceterum
394 2488 507 2549 etalio
531 2489 614 2549 ratio
635 2488 819 2565 conspirat,
841 2487 940 2548 immo
961 2504 1023 2547 non
1045 2485 1132 2560 alin,
1152 2486 1208 2549 sed

130 2605 186 2651 une
213 2588 293 2651 initii
325 2589 462 2650 sormam
494 2591 668 2668 imposuit,
692 2598 724 2651 et
746 2589 945 2651 voluntatem
971 2587 1027 2651 Dei
1049 2590 1150 2650 movit
1169 2587 1211 2651 ad

130 2690 349 2757 ruliibitinnem
372 2690 521 2769 repudii:
544 2690 695 2769 quonium
715 2689 774 2771 qui
794 2687 949 2753 dimiserit
969 2708 1099 2751 unarum
1118 2709 1211 2754 snam

129 2801 318 2873 ueteranum
339 2811 379 2854 ere
399 2813 497 2856 eausa
519 2791 683 2868 adulterii,
698 2793 780 2873 facit
798 2811 866 2855 eum
886 2792 1065 2854 adulterari
1068 2811 1084 2865 ,·
1106 2802 1134 2854 el
1154 2789 1212 2871 qui

130 2892 265 2957 'missum
286 2915 306 2956 u
326 2893 396 2956 uiro
422 2891 570 2971 duxerit,
602 2894 764 2957 adulterat
794 2891 911 2972 utique.
934 2890 1006 2955 Non
1033 2903 1065 2954 ot
1086 2893 1213 2957 nubere

131 2996 242 3075 gitime
264 3005 367 3075 potest
389 2998 568 3075 repudiata.
592 2995 681 3059 Etsi
706 2995 784 3075 quid
818 2994 881 3057 talo
912 2994 1120 3068 ensnmiserit,
1143 2995 1210 3056 sine

133 3098 299 3160 strimonii·
319 3101 458 3171 nomine,
481 3118 544 3161 non
566 3101 652 3178 capit
672 3098 814 3176 elogium
837 3096 1010 3170 adulterii,
1031 3113 1096 3174 qna
1117 3095 1212 3158 adnl-

133 3201 219 3263 rium
240 3201 271 3260 in
294 3202 499 3264 matrimonio
521 3202 642 3264 crimen
664 3197 737 3262 est‘l
759 3196 846 3260 Deus
867 3198 964 3259 aliter
983 3200 1108 3260 censuit
1128 3197 1209 3258 eitra

130 3316 198 3362 sam
221 3300 386 3375 homines,
410 3311 446 3364 ut
468 3302 499 3363 in
522 3310 624 3364 totum
646 3300 714 3362 sire
736 3318 794 3378 per
814 3299 963 3376 nuptias,
994 3301 1062 3361 siro
1085 3298 1209 3377 vulgo,

133 3403 234 3464 terius
257 3402 316 3465 viri
338 3403 487 3464 admissio
509 3402 707 3464 adulterium
730 3402 959 3478 pronuntietur
980 3397 1127 3480 alteo»

176 3503 273 3569 Clare
301 3505 411 3584 itaquo
444 3509 532 3584 patet
563 3504 593 3564 in
624 3504 685 3565 hae
706 3500 899 3566 Tertulliani
930 3499 1210 3579 argumentatione

130 3605 249 3669 melodi
270 3608 350 3670 lesu
371 3607 590 3687 quaestionem
613 3625 688 3669 aum
709 3605 885 3685 pharisaeis
907 3622 948 3664 ex
970 3620 998 3663 e.
1021 3598 1108 3662 XlX.
1126 3598 1210 3664 Mat·

130 3707 185 3769 saei
204 3708 247 3769 da
268 3707 380 3770 libello
403 3705 542 3786 repudii,
566 3707 652 3785 quod
674 3707 741 3787 ipse
762 3704 857 3769 lesus
878 3702 1044 3775 abolevit,
1072 3701 1209 3778 primae·

130 3830 172 3872 im
188 3810 381 3887 matrimonii
403 3810 634 3873 institutionem
651 3816 798 3888 repetens
819 3807 859 3868 ab
876 3805 1000 3868 adamo
1021 3811 1054 3864 ot
1076 3801 1164 3865 Era:
1181 3810 1210 3864 et

130 3922 192 3975 *unt
211 3913 273 3994 duo
292 3910 329 3974 in
349 3931 444 3975 earne
465 3931 553 3988 una,
577 3910 746 3974 attollens
768 3907 954 3990 repudium,
979 3904 1067 3985 quod
1088 3904 1130 3966 ab
1152 3903 1210 3968 ini-

130 4035 142 4078 s
164 4033 227 4077 non
251 4015 324 4089 luit,
340 4023 373 4077 et
393 4015 479 4094 quod
496 4013 625 4098 Moyses
648 4019 770 4076 tantum
792 4011 834 4073 ob
854 4010 1008 4073 duritiam
1029 4005 1136 4070 cordis
1154 4007 1208 4086 ju·

130 4135 255 4180 suornm
278 4118 433 4198 permisit.
457 4115 500 4180 Et
520 4135 594 4180 enm
615 4117 647 4180 in
669 4117 729 4179 han
750 4114 950 4194 expositione
970 4118 1060 4172 notet
1082 4108 1208 4171 Auctor

130 4220 323 4289 aristidieta
346 4239 375 4286 r.
396 4218 428 4284 7.
450 4229 484 4284 et
502 4217 532 4284 8.
555 4220 646 4285 istius
672 4217 807 4298 eapitis,
831 4232 965 4297 pergens
997 4217 1103 4278 umen
1126 4211 1207 4278 onst·
