2886 4784
1232 358 1274 426 33

155 472 300 548 praeter,
316 482 379 528 oon
399 463 508 529 solum
529 463 700 543 repetendo
722 473 771 530 cst
792 482 809 527 a
832 464 972 545 quedam
997 463 1147 531 vocabuli
1167 464 1279 528 simili·

163 565 289 643 tudine,
310 564 365 628 sed
388 565 529 627 maxime
548 563 746 644 suffragante
769 563 926 628 Matthaei
949 573 1059 639 textu,
1082 564 1137 627 ubi
1158 566 1203 627 eit
1223 583 1279 626 cn·-

159 675 251 747 eoptn
278 686 377 730 caasa
402 663 650 747 fornicationis,
671 666 760 747 qnod
783 668 866 728 idem
888 675 937 729 est
956 684 994 729 oc
1010 677 1140 747 praeter
1159 664 1279 729 crimen

162 766 340 833 malusii:
361 780 395 832 et
415 769 470 832 ubi
492 769 572 832 hsce
595 787 660 832 vox
677 777 816 847 practer,
839 769 898 832 etsi
917 769 1049 850 legetur
1070 770 1101 832 in
1123 776 1216 834 textu
1236 768 1282 834 E·

163 871 303 951 congelli
309 891 320 951 3
337 872 544 935 nihilominus
557 869 746 934 'Lactantius
768 888 828 949 uro
848 888 947 952 scopo
968 889 1042 947 suo,
1059 871 1160 934 veluti
1175 871 1282 951 liquet

164 989 209 1035 ex
231 972 416 1053 locutione,
438 989 502 1034 nun
523 972 658 1052 ipsemet
679 970 788 1036 Lucae
808 983 841 1035 et
862 971 1018 1038 Matthaei
1041 973 1139 1034 verba
1161 972 1283 1037 descri-

164 1075 243 1153 psit,
266 1074 321 1136 secl
342 1089 472 1136 sensum
494 1075 677 1153 praemissis
699 1074 894 1138 uniformem
916 1083 952 1138 ut
973 1074 1157 1138 escluderet
1170 1091 1189 1136 a
1204 1073 1283 1138 litie-

164 1174 254 1238 libus
275 1174 453 1238 binoctium
474 1175 661 1239 obsoletum
677 1176 773 1238 etiam
789 1176 831 1238 ub
847 1176 1046 1239 adulterinus
1063 1177 1189 1253 uxoris,
1204 1176 1294 1241 licet.
1399 1243 1403 1249 ,

165 1275 200 1337 iu
223 1263 290 1338 boe'
305 1249 471 1338 obstarent
490 1275 578 1356 leges
601 1288 764 1340 romanoe.
788 1275 890 1354 Quasi
915 1277 1058 1342 dioecete
1081 1279 1284 1359 quicumque

168 1373 333 1440 dimissum
355 1377 397 1439 ub
418 1376 619 1441 adulterium
632 1377 778 1452 duxerit,
795 1380 987 1442 monebatur
996 1399 1008 1459 3
1024 1379 1119 1443 sicuti
1138 1378 1287 1443 moeche-

167 1483 238 1555 tur,
261 1477 318 1557 qui
340 1486 475 1558 proptor
494 1476 695 1542 adulterium
716 1481 849 1544 diruittit
872 1498 1010 1544 uxorem
1031 1498 1138 1556 suam,
1155 1481 1285 1546 utalte·

167 1594 241 1642 retu
262 1579 371 1642 ducet.
396 1580 524 1656 Aliter,
546 1587 585 1644 ut
604 1582 693 1658 dlxi,
714 1583 971 1647 confunderetur
999 1583 1156 1647 sermonis
1177 1581 1284 1660 nrtle,

169 1682 216 1744 ite
240 1683 439 1745 ulmetium
461 1699 519 1747 nec
540 1682 630 1745 initio
653 1686 863 1763 responderet
884 1702 943 1748 uec
963 1683 1032 1760 lini,
1054 1684 1110 1748 ubi
1135 1685 1305 1750 obsolute

169 1784 330 1847 statuitur
351 1784 511 1846 connubii.
525 1784 752 1848 insolubilitas.

252 1879 300 1945 De
321 1883 450 1963 reliquo
470 1885 571 1947 nihilo
593 1885 720 1948 lucilius
748 1886 781 1947 iu
811 1885 1083 1965 amanuensibus,
1105 1886 1159 1951 vel
1179 1887 1222 1952 ub
1242 1885 1289 1950 iu·

170 1987 300 2047 curiam
325 1985 375 2048 cel
396 1986 438 2047 ub
460 1986 685 2066 ignorantiam,
707 2005 806 2066 qnam
827 1987 1015 2067 hujusmodi
1038 1988 1188 2052 vocabuli
1211 2006 1286 2068 pro·

170 2099 248 2172 pter
267 2089 298 2150 iu
316 2097 445 2168 praetor
465 2090 615 2165 mutatio,
630 2106 705 2152 eum
726 2091 845 2152 scimus
862 2090 1002 2170 plurime
1019 2090 1131 2153 menda
1153 2090 1290 2155 subiisse
1367 2175 1368 2178 Ἴ

173 2193 208 2254 ln
230 2189 395 2254 codicibus
426 2188 605 2265 Laetantii,
627 2191 682 2254 uti'
701 2191 809 2253 videre
830 2198 879 2254 est
899 2191 932 2252 iu
954 2189 1102 2255 Editiuoe
1123 2189 1291 2257 Centobri-

176 2295 249 2373 giee
269 2289 361 2358 1685.
381 2291 598 2367 ubimaxime
612 2300 762 2380 'notatur
775 2291 981 2357 Collectsnea
999 2293 1163 2356 variarum
1178 2293 1292 2356 lectio-

177 2392 538 2478 uu1u3‘quibnsplure
560 2391 679 2473 adjecit
700 2390 836 2456 Fulvius
861 2391 997 2458 Ursinus
1018 2395 1049 2455 iu
1070 2393 1188 2458 Colice
1212 2392 1293 2457 esti·

167 2511 261 2557 ⁴csoo
280 2490 373 2558 5398.
394 2483 467 2566 etsi,
483 2509 581 2572 quem
604 2510 661 2556 uos
683 2495 870 2574 quaerimus
892 2495 1094 2574 serietatem,
1112 2495 1152 2558 ab
1168 2494 1216 2558 bis
1235 2496 1291 2559 ml·
1349 2564 1353 2576 ¹

176 2599 263 2658 uisne
284 2594 421 2658 iudicata
442 2596 494 2658 sit.

250 2693 359 2772 ‘Quod
386 2714 464 2760 vero
486 2705 596 2776 postea
619 2698 697 2761 dicit
716 2695 902 2763 Lactantius
922 2717 965 2763 ex
986 2697 1174 2765 Matthaeus
1193 2701 1294 2768 «ideo

180 2801 349 2881 proecepit
370 2796 539 2875 Dominus,
554 2817 625 2862 >nim
646 2799 761 2863 dimitti
783 2818 922 2865 uxorem
935 2842 946 2876 ,
960 2795 1027 2864 >nisi
1048 2804 1182 2866 crimine
1202 2804 1296 2868 adul·

180 2902 255 2966 terii
277 2900 458 2965 devinctam
473 2919 491 2960 n
507 2901 701 2965 coulirmure
716 2900 846 2966 videtur
866 2904 1012 2982 priscum·
1026 2904 1209 2968 lectionem.
1229 2906 1299 2969 llll·

183 3012 237 3066 ter
257 3003 431 3067 addidisset
448 3001 545 3083 juxta
570 2999 760 3082 Vulqotem:
785 3005 949 3082 praecepit
970 3001 1126 3068 Dominus
1157 3023 1219 3068 uon
1251 3009 1299 3069 ni·

183 3106 266 3171 mitti
290 3120 453 3180 uxerem,
474 3102 770 3180 notatiunculam,
796 3105 853 3167 nisi
875 3107 967 3184 prior
989 3106 1123 3169 crimine
1143 3106 1298 3173 adulterii

182 3206 389 3272 devincatur.
404 3205 511 3283 Quam
534 3214 640 3270 tamen
661 3207 856 3269 additionem
868 3207 988 3270 omisit.
1004 3205 1127 3271 Verum
1143 3209 1202 3272 toti
1224 3211 1300 3275 bulo

184 3307 345 3373 Luctantii
365 3309 555 3372 discussioni
587 3309 627 3372 ed
659 3309 743 3371 hooc
774 3308 912 3372 lormem
942 3309 1105 3383 redactae,
1126 3311 1301 3390 respondet

163 3410 382 3475 ‘adamussim
403 3431 429 3474 s.
443 3395 693 3496 Hieronymus,
717 3412 773 3490 qni
796 3409 965 3491 praeclare
986 3412 1048 3476 boc
1069 3408 1226 3477 Matthaei
1254 3421 1300 3480 te·

155 3510 157 3514 ’
183 3511 373 3579 stimonium
394 3514 626 3596 interpretetus
647 3501 706 3577 estss
730 3510 777 3575 De
797 3529 865 3593 qno
886 3511 982 3576 inira.

634 3893 827 3926 -voem-
