2886 4784
1236 327 1277 396 titt

161 440 357 507 nisordine.
381 438 524 519 ideoque
545 438 645 515 siquis
675 444 765 515 putet
798 450 911 496 resera
943 432 1102 495 sublatam
1137 432 1273 494 luisses

161 542 274 625 Vigilii
295 541 429 621 epistola
452 550 484 602 et
499 559 516 601 a
533 538 706 601 novissimo
727 536 870 617 ejusdem
887 533 1081 607 Constituto,
1097 543 1158 596 ete
1175 530 1277 595 ,iusti-

162 646 251 707 niaoi
274 641 391 706 Forma
412 642 630 720 origenianam
652 639 885 719 quaestionem,
902 634 1161 698 concludendum
1179 633 1275 709 toret,

166 745 228 806 tria
250 744 309 804 ista
332 743 525 803 documenta
548 739 589 801 ah
611 740 675 800 imo
697 739 735 799 ad
757 754 919 798 summum
941 735 1096 797 subversa
1120 733 1217 798 inisse
1245 743 1277 796 et

163 852 323 919 corrupta
344 861 363 904 a
384 861 442 904 sus
465 840 614 919 originali
637 841 848 916 expositione,
873 846 908 899 ut
929 837 970 896 ab
991 838 1027 897 iis
1048 837 1277 898 subtraheren-

164 953 223 1006 tur
242 951 358 1006 cuncta
381 943 420 1004 de
443 960 578 1020 persona
600 949 632 1003 et
652 941 798 1003 doctrina
820 937 966 1016 Origenis
989 937 1149 1016 disputata
1172 955 1209 999 ac
1224 936 1278 998 de·

164 1044 276 1106 linita:
299 1042 387 1123 qnod
410 1052 458 1105 est
480 1042 669 1104 absurdum.

247 1143 328 1207 Cum
351 1145 512 1222 igiturex
536 1144 583 1206 his
605 1145 785 1225 praemissis
809 1144 906 1222 magis
927 1141 1048 1219 fulgeat
1066 1141 1125 1202 tiri
1141 1141 1278 1202 intrusio

165 1251 199 1312 in
220 1243 340 1329 Synodi
362 1244 400 1308 V.
423 1254 517 1320 acta,
541 1265 603 1307 uon
628 1247 756 1309 videtur
777 1245 1000 1317 dubitandum,
1026 1244 1123 1304 trium
1146 1241 1276 1320 Capitu-

163 1348 276 1412 lornm
300 1357 451 1426 patronos
472 1348 515 1409 ob
535 1348 645 1421 odium
668 1351 698 1410 iu
720 1346 926 1409 Theodorum
950 1343 1098 1405 hscidam
1123 1343 1277 1406 orthodo-

163 1469 247 1513 xum
269 1459 300 1511 et
320 1448 468 1528 Origenis
490 1449 664 1512 orthodoxi
688 1457 974 1528 propugnatorem,
989 1445 1081 1506 istius
1103 1463 1216 1505 nomen
1232 1447 1278 1505 iu·

165 1561 217 1614 ter
238 1553 418 1613 haereticos
440 1569 641 1625 numerasse,
663 1552 757 1612 sicuti
782 1548 979 1611 tantumdem
1000 1546 1106 1609 conati
1121 1555 1196 1608 sunt
1212 1565 1277 1607 mo-

164 1653 209 1715 do
229 1649 448 1714 Iustinianum
465 1653 560 1714 modo
575 1649 729 1730 Vigilium
745 1651 831 1713 ialsis
847 1658 999 1728 appetere
1012 1648 1139 1727 scriptis
1154 1659 1184 1710 et
1198 1649 1277 1709 alio·

161 1771 238 1816 rum
261 1756 383 1815 sincera
405 1753 625 1832 interpolare,
660 1754 802 1832 undique
833 1753 951 1815 semina
983 1760 1169 1831 spargentes
1198 1769 1277 1814 suae

164 1854 323 1934 perfidiae
343 1862 376 1918 et
395 1855 591 1919 stoliditatis.

244 1953 286 2016 Et
307 1956 379 2033 quis
402 1957 599 2016 tantumdem
622 1975 684 2017 non
707 1957 845 2019 miretur
865 1956 1019 2018 stolidum
1042 1955 1176 2018 illorum
1193 1971 1276 2032 opus

162 2055 363 2133 insumptum
386 2056 425 2117 dc
446 2053 593 2134 Origenis
615 2057 782 2118 erroribus
804 2065 836 2117 et
858 2057 1134 2131 condemnatione,
1158 2071 1196 2116 nc
1216 2051 1276 2115 ,iu-

161 2156 302 2218 stiniauo
324 2153 537 2232 inscriptum?
553 2154 582 2218 is
597 2157 694 2232 enim,
710 2158 857 2235 quamvis
877 2158 1053 2218 incessante
1067 2156 1139 2217 zelo
1155 2156 1187 2214 in
1202 2150 1277 2219 hne'·

164 2257 285 2318 reticos
300 2257 463 2334 pugnarit,
479 2257 604 2318 nomina
621 2258 754 2320 illorum
771 2260 801 2319 iu
816 2258 881 2320 suis
896 2257 1040 2337 genuinis
1057 2256 1194 2319 decretis
1209 2275 1277 2320 sae·
1376 2281 1379 2287 ·

162 2357 237 2436 pius
260 2368 406 2434 repetens
427 2375 465 2420 ac
487 2376 617 2438 errores
640 2358 806 2431 refutans,
830 2377 994 2438 nunquam
1018 2368 1122 2420 tamen
1145 2359 1276 2420 mentio·

161 2473 237 2517 uem
259 2457 385 2535 agitde
411 2455 552 2537 Origene
582 2459 757 2523 haeretico.
792 2457 889 2522 lllnm
922 2461 1053 2539 inquam
1088 2457 1276 2522 Tractatum

165 2557 219 2620 vel
245 2558 414 2636 epistolam
445 2560 483 2620 nd
517 2558 666 2622 Menuam
698 2561 828 2641 datam3
862 2561 915 2624 uhi
947 2561 1074 2624 hnctor
1098 2577 1277 2644 anonymus

162 2660 196 2719 in
218 2659 328 2720 odium
360 2659 517 2736 illorum,
550 2663 607 2740 qui
637 2659 810 2739 Origenem
842 2662 1064 2724 orthodoxum
1095 2660 1275 2736 habebunt,

163 2760 279 2839 priscis
301 2760 459 2823 innovatis
482 2763 771 2835 criminationibus,
794 2764 856 2823 elia
879 2762 997 2842 adjecit
1019 2762 1124 2825 iutilia
1136 2782 1148 2840 3
1170 2771 1203 2825 et
1223 2761 1278 2824 uhi

163 2861 312 2936 ialsator,
329 2864 530 2925 obtrectator
551 2862 690 2940 insignis,
707 2873 738 2925 et
754 2864 906 2926 historiae
926 2872 959 2925 et
979 2863 1163 2926 litterarum
1186 2880 1274 2943 grae·

163 2980 279 3026 carum
302 2963 433 3040 ignarus
454 2965 600 3043 apprime
622 2962 833 3043 comperitur.
1025 3034 1030 3041 ι

241 3060 414 3140 Pulsatur,
437 3082 512 3126 cum
539 3065 622 3126 hauc
651 3065 819 3144 epistolam
851 3066 912 3128 sub
943 3063 1116 3128 Iustiniani
1149 3067 1276 3127 nomine

162 3163 334 3243 vulgavit,
357 3182 455 3243 qnam
477 3165 544 3244 ipse
567 3184 629 3227 non
651 3166 789 3244 scripsit.
813 3164 1045 3241 Obtrectntor,
1069 3167 1141 3228 ideo
1165 3167 1275 3229 volens

159 3282 225 3327 nou
246 3264 353 3328 solum
375 3260 552 3346 Origenem
571 3269 625 3330 sed
649 3277 680 3330 et
703 3269 794 3330 istius
816 3277 969 3346 patronos
991 3269 1071 3347 tqni
1095 3269 1155 3329 tria
1184 3268 1277 3348 Capi·

161 3364 234 3430 tnla
252 3366 461 3445 refutarunt)
485 3368 638 3433 vellicare
655 3377 806 3449 tauquam
824 3379 1107 3450 praesumptorum
1124 3386 1276 3431 errorum

162 3467 351 3545 participes,
375 3485 450 3530 cum
472 3471 530 3548 ipsi
554 3470 729 3532 orthodoxi
752 3470 935 3531 orthodoxa
951 3470 1106 3531 sentirent
1120 3475 1153 3531 et
1167 3468 1278 3530 ortho-

159 3567 287 3629 doxum
308 3568 483 3648 Origenem
510 3579 762 3649 propugnarent.
785 3570 929 3650 Linguae
960 3590 1095 3651 grnecne
1123 3573 1275 3650 ignarus,
1375 3629 1379 3638 .

161 3686 240 3730 cum
262 3686 288 3730 s.
310 3667 422 3731 Basilii
446 3671 542 3731 verha
565 3668 739 3749 Origenem
763 3672 892 3748 (tacito,
912 3680 948 3734 ut
963 3673 1103 3747 videtur,
1127 3671 1277 3746 nomine)

160 3771 392 3849 nuncupantis,
408 3768 466 3849 qni
485 3770 549 3851 suit
570 3769 607 3834 ab
629 3769 773 3833 Ecclesia
793 3773 874 3835 idest
895 3769 1080 3846 catholicus,
1097 3773 1128 3833 iu
1150 3780 1276 3834 contru-

160 3867 251 3930 rium
272 3887 401 3932 sensum
419 3872 530 3946 vertit,
546 3872 691 3949 inquiens
716 3871 866 3933 eumdem
891 3872 1088 3933 haereticum
1110 3881 1202 3932 cntra
1217 3869 1279 3932 Ec·

158 3965 292 4030 ciceiam
319 3965 439 4031 Christi
457 3971 590 4049 sactum.
614 3968 775 4032 Historiae
797 3971 977 4049 imperitus,
1000 3971 1076 4033 dum
1098 3972 1143 4032 ait
1163 3969 1277 4050 Orige-

156 4086 236 4131 nem
256 4068 355 4147 suissc
372 4069 587 4150 presbyterum
608 4070 752 4133 ccclesiae
772 4070 1014 4161 alexandrinae.
1039 4072 1074 4133 ln
1099 4069 1274 4134 Palaestina

156 4171 249 4234 cuim
271 4173 441 4237 ordinatus
463 4181 523 4248 est,
538 4192 576 4236 ac
598 4173 669 4238 ideo
690 4191 709 4236 a
733 4172 896 4238 Demetrio
917 4175 957 4236 ab
978 4192 1014 4236 ea
1038 4174 1172 4238 ecclesia
1188 4191 1275 4235 amo·
