<?xml version="1.0" encoding="UTF-8"?>
<!DOCTYPE html PUBLIC "-//W3C//DTD XHTML 1.0 Transitional//EN"
    "http://www.w3.org/TR/xhtml1/DTD/xhtml1-transitional.dtd">
<html xmlns="http://www.w3.org/1999/xhtml" xml:lang="en" lang="en">
 <head>
  <title>
</title>
<meta http-equiv="Content-Type" content="text/html;charset=utf-8" />
  <meta name='ocr-system' content='tesseract 3.04.00' />
  <meta name='ocr-capabilities' content='ocr_page ocr_carea ocr_par ocr_line ocrx_word'/>
</head>
<body>
  <div class='ocr_page' id='page_1' title='image "./insgregoriinyss00vincgoog/insgregoriinyss00vincgoog_0059.png"; bbox 0 0 2886 4784; ppageno 0'>
   <div class='ocr_carea' id='block_1_1' title="bbox 161 486 1391 4386">
    <p class='ocr_par' dir='ltr' id='par_1_1' title="bbox 161 486 1391 2676">
     <span class='ocr_line' id='line_1_1' title="bbox 233 486 1355 570; baseline -0.004 -16"><span class='ocrx_word' id='word_1_1' title='bbox 233 492 322 566; x_wconf 90' lang='lat' dir='ltr'><strong>dicit,</strong></span> <span class='ocrx_word' id='word_1_2' title='bbox 346 488 502 568; x_wconf 76' lang='lat' dir='ltr'><strong>quamdiu</strong></span> <span class='ocrx_word' id='word_1_3' title='bbox 523 495 598 552; x_wconf 90' lang='lat' dir='ltr'><strong>sunt</strong></span> <span class='ocrx_word' id='word_1_4' title='bbox 619 492 651 552; x_wconf 92' lang='lat' dir='ltr'><strong>in</strong></span> <span class='ocrx_word' id='word_1_5' title='bbox 674 505 824 570; x_wconf 85' lang='lat' dir='ltr'><strong>corpore,</strong></span> <span class='ocrx_word' id='word_1_6' title='bbox 847 493 880 550; x_wconf 89' lang='lat' dir='ltr'><strong>at</strong></span> <span class='ocrx_word' id='word_1_7' title='bbox 901 489 993 567; x_wconf 82' lang='lat' dir='ltr'><strong>qnasi</strong></span> <span class='ocrx_word' id='word_1_8' title='bbox 1014 487 1047 548; x_wconf 90' lang='lat' dir='ltr'><strong>io</strong></span> <span class='ocrx_word' id='word_1_9' title='bbox 1070 487 1223 565; x_wconf 89' lang='lat' dir='ltr'><strong>sepulcro</strong></span> <span class='ocrx_word' id='word_1_10' title='bbox 1239 486 1355 549; x_wconf 91' lang='lat' dir='ltr'><strong>coodi-</strong></span> 
     </span>
     <span class='ocr_line' id='line_1_2' title="bbox 233 586 1350 667; baseline -0.006 -14"><span class='ocrx_word' id='word_1_11' title='bbox 233 598 301 654; x_wconf 83' lang='lat' dir='ltr'><strong>tas:</strong></span> <span class='ocrx_word' id='word_1_12' title='bbox 326 606 497 667; x_wconf 80' lang='lat' dir='ltr'><strong>resurgere</strong></span> <span class='ocrx_word' id='word_1_13' title='bbox 518 595 626 650; x_wconf 90' lang='lat' dir='ltr'><strong>antem</strong></span> <span class='ocrx_word' id='word_1_14' title='bbox 648 595 680 649; x_wconf 89' lang='grc' dir='ltr'><strong>ιι</strong></span> <span class='ocrx_word' id='word_1_15' title='bbox 701 586 900 648; x_wconf 91' lang='lat' dir='ltr'><strong>immortales</strong></span> <span class='ocrx_word' id='word_1_16' title='bbox 922 604 1003 662; x_wconf 87' lang='lat' dir='ltr'><strong>osso,</strong></span> <span class='ocrx_word' id='word_1_17' title='bbox 1026 586 1081 649; x_wconf 92' lang='lat' dir='ltr'><strong>ubi</strong></span> <span class='ocrx_word' id='word_1_18' title='bbox 1103 586 1250 665; x_wconf 87' lang='lat' dir='ltr'><strong>corporis</strong></span> <span class='ocrx_word' id='word_1_19' title='bbox 1278 587 1350 647; x_wconf 83' lang='lat' dir='ltr'><strong>vin·</strong></span> 
     </span>
     <span class='ocr_line' id='line_1_3' title="bbox 235 686 1361 765; baseline -0.007 -11"><span class='ocrx_word' id='word_1_20' title='bbox 235 691 318 754; x_wconf 89' lang='lat' dir='ltr'><strong>colis</strong></span> <span class='ocrx_word' id='word_1_21' title='bbox 339 688 553 750; x_wconf 77' lang='lat' dir='ltr'><strong>absolvimur.</strong></span> <span class='ocrx_word' id='word_1_22' title='bbox 577 686 688 762; x_wconf 84' lang='lat' dir='ltr'><strong>Quare</strong></span> <span class='ocrx_word' id='word_1_23' title='bbox 712 686 816 757; x_wconf 89' lang='lat' dir='ltr'><strong>Plato,</strong></span> <span class='ocrx_word' id='word_1_24' title='bbox 839 703 942 765; x_wconf 87' lang='lat' dir='ltr'><strong>quum</strong></span> <span class='ocrx_word' id='word_1_25' title='bbox 964 688 1145 765; x_wconf 83' lang='lat' dir='ltr'><strong>aquodam</strong></span> <span class='ocrx_word' id='word_1_26' title='bbox 1174 688 1361 764; x_wconf 86' lang='lat' dir='ltr'><strong>interroga·</strong></span> 
     </span>
     <span class='ocr_line' id='line_1_4' title="bbox 238 785 1360 869; baseline -0.004 -17"><span class='ocrx_word' id='word_1_27' title='bbox 238 798 333 852; x_wconf 88' lang='lat' dir='ltr'><strong>retur</strong></span> <span class='ocrx_word' id='word_1_28' title='bbox 353 790 429 869; x_wconf 81' lang='lat' dir='ltr'><strong>qnid</strong></span> <span class='ocrx_word' id='word_1_29' title='bbox 452 789 491 850; x_wconf 91' lang='lat' dir='ltr'><strong>sit</strong></span> <span class='ocrx_word' id='word_1_30' title='bbox 514 785 750 867; x_wconf 74' lang='lat' dir='ltr'><strong>philosophiail</strong></span> <span class='ocrx_word' id='word_1_31' title='bbox 772 787 920 861; x_wconf 76' lang='lat' dir='ltr'><strong>Animae,</strong></span> <span class='ocrx_word' id='word_1_32' title='bbox 936 787 1053 864; x_wconf 84' lang='lat' dir='ltr'><strong>iuquit,</strong></span> <span class='ocrx_word' id='word_1_33' title='bbox 1076 806 1118 849; x_wconf 84' lang='lat' dir='ltr'><strong>ex</strong></span> <span class='ocrx_word' id='word_1_34' title='bbox 1139 804 1279 866; x_wconf 86' lang='lat' dir='ltr'><strong>corpore</strong></span> <span class='ocrx_word' id='word_1_35' title='bbox 1296 787 1360 849; x_wconf 88' lang='lat' dir='ltr'><strong>mi-</strong></span> 
     </span>
     <span class='ocr_line' id='line_1_5' title="bbox 237 881 1359 974; baseline -0.004 -24"><span class='ocrx_word' id='word_1_36' title='bbox 237 890 353 969; x_wconf 88' lang='lat' dir='ltr'><strong>gratio.</strong></span> <span class='ocrx_word' id='word_1_37' title='bbox 378 888 577 974; x_wconf 79' lang='lat' dir='ltr'><strong>Pythagoras</strong></span> <span class='ocrx_word' id='word_1_38' title='bbox 599 887 699 965; x_wconf 89' lang='lat' dir='ltr'><strong>igitur</strong></span> <span class='ocrx_word' id='word_1_39' title='bbox 719 891 752 948; x_wconf 92' lang='grc' dir='ltr'><strong>ιι</strong></span> <span class='ocrx_word' id='word_1_40' title='bbox 773 886 897 961; x_wconf 85' lang='lat' dir='ltr'><strong>talium</strong></span> <span class='ocrx_word' id='word_1_41' title='bbox 917 884 1140 946; x_wconf 79' lang='lat' dir='ltr'><strong>doctrinarum</strong></span> <span class='ocrx_word' id='word_1_42' title='bbox 1171 881 1276 948; x_wconf 86' lang='lat' dir='ltr'><strong>iactus</strong></span> <span class='ocrx_word' id='word_1_43' title='bbox 1307 885 1359 947; x_wconf 88' lang='lat' dir='ltr'><strong>di·</strong></span> 
     </span>
     <span class='ocr_line' id='line_1_6' title="bbox 238 978 1361 1066; baseline -0.004 -15"><span class='ocrx_word' id='word_1_44' title='bbox 238 988 386 1066; x_wconf 89' lang='lat' dir='ltr'><strong>scipulus</strong></span> <span class='ocrx_word' id='word_1_45' title='bbox 402 1004 456 1049; x_wconf 88' lang='lat' dir='ltr'><strong>eas</strong></span> <span class='ocrx_word' id='word_1_46' title='bbox 471 986 630 1064; x_wconf 81' lang='lat' dir='ltr'><strong>expressit</strong></span> <span class='ocrx_word' id='word_1_47' title='bbox 646 986 677 1046; x_wconf 91' lang='lat' dir='ltr'><strong>io</strong></span> <span class='ocrx_word' id='word_1_48' title='bbox 693 985 937 1063; x_wconf 76' lang='lat' dir='ltr'><strong>aenigmatibus.</strong></span> <span class='ocrx_word' id='word_1_49' title='bbox 960 983 1020 1050; x_wconf 87' lang='grc' dir='ltr'><strong>Ἐκ</strong></span> <span class='ocrx_word' id='word_1_50' title='bbox 1043 979 1103 1062; x_wconf 73' lang='grc' dir='ltr'><strong>τῆς</strong></span> <span class='ocrx_word' id='word_1_51' title='bbox 1129 978 1216 1062; x_wconf 75' lang='grc' dir='ltr'>ἰδίης</span> <span class='ocrx_word' id='word_1_52' title='bbox 1238 1002 1279 1044; x_wconf 80' lang='lat' dir='ltr'><strong>ce</strong></span> <span class='ocrx_word' id='word_1_53' title='bbox 1299 993 1361 1046; x_wconf 79' lang='lat' dir='ltr'><strong>too</strong></span> 
     </span>
     <span class='ocr_line' id='line_1_7' title="bbox 236 1083 1357 1165; baseline -0.004 -13"><span class='ocrx_word' id='word_1_54' title='bbox 236 1085 389 1161; x_wconf 77' lang='lat' dir='ltr'><strong>dominio,</strong></span> <span class='ocrx_word' id='word_1_55' title='bbox 412 1089 471 1160; x_wconf 88' lang='lat' dir='ltr'><strong>ait,</strong></span> <span class='ocrx_word' id='word_1_56' title='bbox 491 1085 521 1148; x_wconf 83' lang='lat' dir='ltr'><strong>si</strong></span> <span class='ocrx_word' id='word_1_57' title='bbox 540 1083 741 1165; x_wconf 77' lang='lat' dir='ltr'><strong>migraveris,</strong></span> <span class='ocrx_word' id='word_1_58' title='bbox 756 1085 824 1148; x_wconf 80' lang='lat' dir='ltr'><strong>ooli</strong></span> <span class='ocrx_word' id='word_1_59' title='bbox 837 1087 963 1150; x_wconf 82' lang='lat' dir='ltr'><strong>revorti.</strong></span> <span class='ocrx_word' id='word_1_60' title='bbox 982 1085 1018 1150; x_wconf 86' lang='lat' dir='ltr'><strong>Sv&#39;</strong></span> <span class='ocrx_word' id='word_1_61' title='bbox 1030 1087 1206 1162; x_wconf 76' lang='lat' dir='ltr'><strong>reverteris,</strong></span> <span class='ocrx_word' id='word_1_62' title='bbox 1221 1085 1357 1164; x_wconf 74' lang='lat' dir='ltr'><strong>Furiae,</strong></span> 
     </span>
     <span class='ocr_line' id='line_1_8' title="bbox 161 1186 1361 1272; baseline -0.001 -19"><span class='ocrx_word' id='word_1_63' title='bbox 161 1234 166 1243; x_wconf 70' lang='lat'><strong>.</strong></span> <span class='ocrx_word' id='word_1_64' title='bbox 235 1209 315 1272; x_wconf 78' lang='lat' dir='ltr'><strong>poue</strong></span> <span class='ocrx_word' id='word_1_65' title='bbox 330 1187 480 1271; x_wconf 77' lang='lat' dir='ltr'><strong>justitiae</strong></span> <span class='ocrx_word' id='word_1_66' title='bbox 500 1196 576 1249; x_wconf 81' lang='lat' dir='ltr'><strong>scat</strong></span> <span class='ocrx_word' id='word_1_67' title='bbox 596 1186 838 1264; x_wconf 77' lang='lat' dir='ltr'><strong>ouciiictricm,</strong></span> <span class='ocrx_word' id='word_1_68' title='bbox 861 1198 890 1249; x_wconf 84' lang='grc' dir='ltr'><strong>ιι</strong></span> <span class='ocrx_word' id='word_1_69' title='bbox 907 1199 1152 1269; x_wconf 62' lang='lat' dir='ltr'><strong>persequentum·</strong></span> <span class='ocrx_word' id='word_1_70' title='bbox 1175 1189 1361 1252; x_wconf 88' lang='lat' dir='ltr'><strong>dominium</strong></span> 
     </span>
     <span class='ocr_line' id='line_1_9' title="bbox 240 1284 1357 1371; baseline -0.003 -16"><span class='ocrx_word' id='word_1_71' title='bbox 240 1311 360 1371; x_wconf 89' lang='lat' dir='ltr'><strong>corpus</strong></span> <span class='ocrx_word' id='word_1_72' title='bbox 384 1298 500 1368; x_wconf 89' lang='lat' dir='ltr'><strong>vocat;</strong></span> <span class='ocrx_word' id='word_1_73' title='bbox 525 1287 641 1352; x_wconf 87' lang='lat' dir='ltr'><strong>Furias</strong></span> <span class='ocrx_word' id='word_1_74' title='bbox 663 1298 772 1352; x_wconf 90' lang='lat' dir='ltr'><strong>autem</strong></span> <span class='ocrx_word' id='word_1_75' title='bbox 805 1284 908 1354; x_wconf 88' lang='lat' dir='ltr'><strong>malos</strong></span> <span class='ocrx_word' id='word_1_76' title='bbox 937 1291 1084 1354; x_wconf 80' lang='lat' dir='ltr'><strong>affectus.</strong></span> <span class='ocrx_word' id='word_1_77' title='bbox 1106 1290 1139 1352; x_wconf 89' lang='lat' dir='ltr'><strong>st</strong></span> <span class='ocrx_word' id='word_1_78' title='bbox 1161 1308 1262 1369; x_wconf 81' lang='lat' dir='ltr'><strong>ergo,</strong></span> <span class='ocrx_word' id='word_1_79' title='bbox 1286 1291 1357 1366; x_wconf 86' lang='lat' dir='ltr'><strong>ait,</strong></span> 
     </span>
     <span class='ocr_line' id='line_1_10' title="bbox 237 1389 1364 1472; baseline -0.003 -16"><span class='ocrx_word' id='word_1_80' title='bbox 237 1391 443 1472; x_wconf 76' lang='lat' dir='ltr'><strong>migraveris,</strong></span> <span class='ocrx_word' id='word_1_81' title='bbox 472 1389 552 1451; x_wconf 87' lang='lat' dir='ltr'><strong>idest</strong></span> <span class='ocrx_word' id='word_1_82' title='bbox 572 1391 598 1450; x_wconf 92' lang='lat' dir='ltr'><strong>si</strong></span> <span class='ocrx_word' id='word_1_83' title='bbox 620 1408 759 1469; x_wconf 89' lang='lat' dir='ltr'><strong>corpore</strong></span> <span class='ocrx_word' id='word_1_84' title='bbox 781 1410 929 1471; x_wconf 85' lang='lat' dir='ltr'><strong>egressus</strong></span> <span class='ocrx_word' id='word_1_85' title='bbox 953 1392 1066 1466; x_wconf 89' lang='lat' dir='ltr'><strong>ineris,</strong></span> <span class='ocrx_word' id='word_1_86' title='bbox 1083 1392 1147 1454; x_wconf 89' lang='lat' dir='ltr'><strong>ooli</strong></span> <span class='ocrx_word' id='word_1_87' title='bbox 1170 1391 1251 1454; x_wconf 90' lang='lat' dir='ltr'><strong>illud</strong></span> <span class='ocrx_word' id='word_1_88' title='bbox 1274 1392 1364 1453; x_wconf 87' lang='lat' dir='ltr'><strong>dosi-</strong></span> 
     </span>
     <span class='ocr_line' id='line_1_11' title="bbox 238 1490 1362 1571; baseline -0.001 -16"><span class='ocrx_word' id='word_1_89' title='bbox 238 1494 366 1560; x_wconf 84' lang='lat' dir='ltr'><strong>derare.</strong></span> <span class='ocrx_word' id='word_1_90' title='bbox 391 1490 516 1554; x_wconf 84' lang='lat' dir='ltr'><strong>Etenim</strong></span> <span class='ocrx_word' id='word_1_91' title='bbox 538 1490 563 1551; x_wconf 88' lang='lat' dir='ltr'><strong>si</strong></span> <span class='ocrx_word' id='word_1_92' title='bbox 587 1508 702 1553; x_wconf 88' lang='lat' dir='ltr'><strong>rursus</strong></span> <span class='ocrx_word' id='word_1_93' title='bbox 724 1493 943 1571; x_wconf 82' lang='lat' dir='ltr'><strong>appetiveris3</strong></span> <span class='ocrx_word' id='word_1_94' title='bbox 966 1493 1086 1553; x_wconf 90' lang='lat' dir='ltr'><strong>iterum</strong></span> <span class='ocrx_word' id='word_1_95' title='bbox 1110 1499 1140 1554; x_wconf 90' lang='grc' dir='ltr'><strong>ιι</strong></span> <span class='ocrx_word' id='word_1_96' title='bbox 1162 1492 1253 1571; x_wconf 89' lang='lat' dir='ltr'><strong>pravi</strong></span> <span class='ocrx_word' id='word_1_97' title='bbox 1279 1491 1362 1554; x_wconf 70' lang='lat' dir='ltr'><strong>atie·</strong></span> 
     </span>
     <span class='ocr_line' id='line_1_12' title="bbox 242 1590 1361 1670; baseline -0.001 -16"><span class='ocrx_word' id='word_1_98' title='bbox 242 1601 314 1655; x_wconf 89' lang='lat' dir='ltr'><strong>ctus</strong></span> <span class='ocrx_word' id='word_1_99' title='bbox 335 1591 367 1651; x_wconf 92' lang='lat' dir='ltr'><strong>in</strong></span> <span class='ocrx_word' id='word_1_100' title='bbox 389 1608 508 1669; x_wconf 87' lang='lat' dir='ltr'><strong>corpus</strong></span> <span class='ocrx_word' id='word_1_101' title='bbox 531 1590 706 1652; x_wconf 90' lang='lat' dir='ltr'><strong>includent.</strong></span> <span class='ocrx_word' id='word_1_102' title='bbox 731 1590 772 1652; x_wconf 86' lang='lat' dir='ltr'><strong>tlt</strong></span> <span class='ocrx_word' id='word_1_103' title='bbox 796 1593 880 1652; x_wconf 87' lang='lat' dir='ltr'><strong>enim</strong></span> <span class='ocrx_word' id='word_1_104' title='bbox 894 1600 1008 1670; x_wconf 90' lang='lat' dir='ltr'><strong>potant</strong></span> <span class='ocrx_word' id='word_1_105' title='bbox 1023 1611 1064 1653; x_wconf 84' lang='lat' dir='ltr'><strong>ex</strong></span> <span class='ocrx_word' id='word_1_106' title='bbox 1079 1591 1272 1670; x_wconf 81' lang='lat' dir='ltr'><strong>corporibus</strong></span> <span class='ocrx_word' id='word_1_107' title='bbox 1289 1593 1361 1653; x_wconf 90' lang='lat' dir='ltr'><strong>aui·</strong></span> 
     </span>
     <span class='ocr_line' id='line_1_13' title="bbox 243 1689 1363 1775; baseline -0.002 -21"><span class='ocrx_word' id='word_1_108' title='bbox 243 1709 311 1754; x_wconf 88' lang='lat' dir='ltr'><strong>mas</strong></span> <span class='ocrx_word' id='word_1_109' title='bbox 332 1693 363 1753; x_wconf 91' lang='lat' dir='ltr'><strong>in</strong></span> <span class='ocrx_word' id='word_1_110' title='bbox 385 1691 447 1750; x_wconf 89' lang='lat' dir='ltr'><strong>alia</strong></span> <span class='ocrx_word' id='word_1_111' title='bbox 471 1707 609 1766; x_wconf 87' lang='lat' dir='ltr'><strong>corpora</strong></span> <span class='ocrx_word' id='word_1_112' title='bbox 633 1691 787 1769; x_wconf 85' lang='lat' dir='ltr'><strong>migrare,</strong></span> <span class='ocrx_word' id='word_1_113' title='bbox 810 1702 845 1753; x_wconf 92' lang='lat' dir='ltr'><strong>ut</strong></span> <span class='ocrx_word' id='word_1_114' title='bbox 860 1693 927 1767; x_wconf 90' lang='lat' dir='ltr'><strong>ipse</strong></span> <span class='ocrx_word' id='word_1_115' title='bbox 943 1689 1156 1768; x_wconf 86' lang='lat' dir='ltr'><strong>Empedocles</strong></span> <span class='ocrx_word' id='word_1_116' title='bbox 1170 1693 1363 1775; x_wconf 84' lang='lat' dir='ltr'><strong>pythagori-</strong></span> 
     </span>
     <span class='ocr_line' id='line_1_14' title="bbox 242 1789 1359 1870; baseline -0.002 -17"><span class='ocrx_word' id='word_1_117' title='bbox 242 1809 318 1855; x_wconf 85' lang='lat' dir='ltr'><strong>zans</strong></span> <span class='ocrx_word' id='word_1_118' title='bbox 339 1792 436 1853; x_wconf 70' lang='lat' dir='ltr'><strong>dicits</strong></span> <span class='ocrx_word' id='word_1_119' title='bbox 460 1789 598 1853; x_wconf 79' lang='lat' dir='ltr'><strong>Necesse</strong></span> <span class='ocrx_word' id='word_1_120' title='bbox 619 1800 679 1864; x_wconf 92' lang='lat' dir='ltr'><strong>est,</strong></span> <span class='ocrx_word' id='word_1_121' title='bbox 698 1792 819 1870; x_wconf 84' lang='lat' dir='ltr'><strong>inquit,</strong></span> <span class='ocrx_word' id='word_1_122' title='bbox 839 1792 1064 1868; x_wconf 88' lang='lat' dir='ltr'><strong>voluptuarias</strong></span> <span class='ocrx_word' id='word_1_123' title='bbox 1079 1793 1211 1867; x_wconf 85' lang='lat' dir='ltr'><strong>animas,</strong></span> <span class='ocrx_word' id='word_1_124' title='bbox 1228 1800 1264 1852; x_wconf 92' lang='lat' dir='ltr'><strong>ot</strong></span> <span class='ocrx_word' id='word_1_125' title='bbox 1282 1791 1359 1853; x_wconf 82' lang='lat' dir='ltr'><strong>Pla·</strong></span> 
     </span>
     <span class='ocr_line' id='line_1_15' title="bbox 246 1891 1359 1968; baseline 0.001 -16"><span class='ocrx_word' id='word_1_126' title='bbox 246 1901 280 1953; x_wconf 93' lang='lat' dir='ltr'><strong>to</strong></span> <span class='ocrx_word' id='word_1_127' title='bbox 300 1892 357 1966; x_wconf 94' lang='lat' dir='ltr'><strong>ait,</strong></span> <span class='ocrx_word' id='word_1_128' title='bbox 373 1892 444 1964; x_wconf 88' lang='lat' dir='ltr'><strong>nisi,</strong></span> <span class='ocrx_word' id='word_1_129' title='bbox 461 1893 537 1953; x_wconf 93' lang='lat' dir='ltr'><strong>dum</strong></span> <span class='ocrx_word' id='word_1_130' title='bbox 560 1892 751 1968; x_wconf 89' lang='lat' dir='ltr'><strong>incorpore</strong></span> <span class='ocrx_word' id='word_1_131' title='bbox 775 1901 958 1963; x_wconf 88' lang='lat' dir='ltr'><strong>versantur,</strong></span> <span class='ocrx_word' id='word_1_132' title='bbox 980 1893 1167 1968; x_wconf 88' lang='lat' dir='ltr'><strong>sapientiam</strong></span> <span class='ocrx_word' id='word_1_133' title='bbox 1190 1891 1359 1966; x_wconf 90' lang='lat' dir='ltr'><strong>adament,</strong></span> 
     </span>
     <span class='ocr_line' id='line_1_16' title="bbox 245 1981 1391 2070; baseline 0.001 -16"><span class='ocrx_word' id='word_1_134' title='bbox 245 1993 425 2070; x_wconf 87' lang='lat' dir='ltr'><strong>peremnia</strong></span> <span class='ocrx_word' id='word_1_135' title='bbox 447 1993 597 2056; x_wconf 90' lang='lat' dir='ltr'><strong>animalia</strong></span> <span class='ocrx_word' id='word_1_136' title='bbox 621 2000 653 2054; x_wconf 92' lang='lat' dir='ltr'><strong>et</strong></span> <span class='ocrx_word' id='word_1_137' title='bbox 674 1992 884 2067; x_wconf 79' lang='lat' dir='ltr'><strong>germinantia</strong></span> <span class='ocrx_word' id='word_1_138' title='bbox 898 1981 1054 2062; x_wconf 85' lang='lat' dir='ltr'><strong>transire,</strong></span> <span class='ocrx_word' id='word_1_139' title='bbox 1069 2000 1101 2055; x_wconf 91' lang='lat' dir='ltr'><strong>et</strong></span> <span class='ocrx_word' id='word_1_140' title='bbox 1117 1993 1237 2054; x_wconf 85' lang='lat' dir='ltr'><strong>iterum</strong></span> <span class='ocrx_word' id='word_1_141' title='bbox 1252 1992 1283 2053; x_wconf 89' lang='lat' dir='ltr'><strong>in</strong></span> <span class='ocrx_word' id='word_1_142' title='bbox 1300 1992 1363 2055; x_wconf 84' lang='lat' dir='ltr'><strong>ho·</strong></span> <span class='ocrx_word' id='word_1_143' title='bbox 1386 2060 1391 2070; x_wconf 62' lang='grc'><strong>,</strong></span> 
     </span>
     <span class='ocr_line' id='line_1_17' title="bbox 245 2089 1361 2172; baseline 0.002 -17"><span class='ocrx_word' id='word_1_144' title='bbox 245 2109 375 2156; x_wconf 84' lang='lat' dir='ltr'><strong>manum</strong></span> <span class='ocrx_word' id='word_1_145' title='bbox 398 2112 517 2172; x_wconf 87' lang='lat' dir='ltr'><strong>corpus</strong></span> <span class='ocrx_word' id='word_1_146' title='bbox 539 2093 678 2172; x_wconf 87' lang='lat' dir='ltr'><strong>regredi.</strong></span> <span class='ocrx_word' id='word_1_147' title='bbox 708 2092 740 2157; x_wconf 88' lang='lat' dir='ltr'><strong>Si</strong></span> <span class='ocrx_word' id='word_1_148' title='bbox 768 2101 878 2157; x_wconf 89' lang='lat' dir='ltr'><strong>autem</strong></span> <span class='ocrx_word' id='word_1_149' title='bbox 899 2096 1087 2172; x_wconf 90' lang='lat' dir='ltr'><strong>sapientiam</strong></span> <span class='ocrx_word' id='word_1_150' title='bbox 1113 2089 1361 2168; x_wconf 88' lang='lat' dir='ltr'><strong>adamaverint,</strong></span> 
     </span>
     <span class='ocr_line' id='line_1_18' title="bbox 244 2189 1363 2274; baseline 0.002 -18"><span class='ocrx_word' id='word_1_151' title='bbox 244 2211 373 2256; x_wconf 88' lang='lat' dir='ltr'><strong>necesse</strong></span> <span class='ocrx_word' id='word_1_152' title='bbox 394 2195 456 2256; x_wconf 88' lang='lat' dir='ltr'><strong>erit</strong></span> <span class='ocrx_word' id='word_1_153' title='bbox 478 2195 547 2274; x_wconf 90' lang='lat' dir='ltr'><strong>pari</strong></span> <span class='ocrx_word' id='word_1_154' title='bbox 570 2195 665 2257; x_wconf 93' lang='lat' dir='ltr'><strong>modo</strong></span> <span class='ocrx_word' id='word_1_155' title='bbox 687 2213 741 2258; x_wconf 88' lang='lat' dir='ltr'><strong>eas</strong></span> <span class='ocrx_word' id='word_1_156' title='bbox 762 2196 802 2257; x_wconf 90' lang='lat' dir='ltr'><strong>ad</strong></span> <span class='ocrx_word' id='word_1_157' title='bbox 823 2195 924 2257; x_wconf 87' lang='lat' dir='ltr'><strong>affinis</strong></span> <span class='ocrx_word' id='word_1_158' title='bbox 938 2196 1051 2258; x_wconf 86' lang='lat' dir='ltr'><strong>sideris</strong></span> <span class='ocrx_word' id='word_1_159' title='bbox 1069 2189 1221 2258; x_wconf 72' lang='lat' dir='ltr'><strong>natura·</strong></span> <span class='ocrx_word' id='word_1_160' title='bbox 1237 2203 1287 2257; x_wconf 91' lang='grc' dir='ltr'>ιιι·</span> <span class='ocrx_word' id='word_1_161' title='bbox 1302 2215 1363 2258; x_wconf 79' lang='lat' dir='ltr'><strong>ex·</strong></span> 
     </span>
     <span class='ocr_line' id='line_1_19' title="bbox 245 2294 1365 2371; baseline 0.004 -16"><span class='ocrx_word' id='word_1_162' title='bbox 245 2294 339 2357; x_wconf 86' lang='lat' dir='ltr'><strong>tolli:</strong></span> <span class='ocrx_word' id='word_1_163' title='bbox 361 2295 388 2357; x_wconf 89' lang='lat' dir='ltr'><strong>sl</strong></span> <span class='ocrx_word' id='word_1_164' title='bbox 412 2313 490 2357; x_wconf 88' lang='lat' dir='ltr'><strong>vero</strong></span> <span class='ocrx_word' id='word_1_165' title='bbox 512 2313 583 2358; x_wconf 90' lang='lat' dir='ltr'><strong>eam</strong></span> <span class='ocrx_word' id='word_1_166' title='bbox 605 2295 757 2359; x_wconf 88' lang='lat' dir='ltr'><strong>adamare</strong></span> <span class='ocrx_word' id='word_1_167' title='bbox 780 2296 944 2371; x_wconf 83' lang='lat' dir='ltr'><strong>desierint,</strong></span> <span class='ocrx_word' id='word_1_168' title='bbox 969 2316 1084 2359; x_wconf 89' lang='lat' dir='ltr'><strong>rursus</strong></span> <span class='ocrx_word' id='word_1_169' title='bbox 1105 2297 1144 2357; x_wconf 93' lang='lat' dir='ltr'><strong>ad</strong></span> <span class='ocrx_word' id='word_1_170' title='bbox 1167 2296 1277 2358; x_wconf 86' lang='lat' dir='ltr'><strong>eadem</strong></span> <span class='ocrx_word' id='word_1_171' title='bbox 1306 2296 1365 2359; x_wconf 87' lang='lat' dir='ltr'><strong>do·</strong></span> 
     </span>
     <span class='ocr_line' id='line_1_20' title="bbox 243 2395 1361 2476; baseline 0.003 -20"><span class='ocrx_word' id='word_1_172' title='bbox 243 2395 408 2457; x_wconf 88' lang='lat' dir='ltr'><strong>scendere.</strong></span> <span class='ocrx_word' id='word_1_173' title='bbox 432 2397 546 2459; x_wconf 75' lang='lat' dir='ltr'><strong>Anima</strong></span> <span class='ocrx_word' id='word_1_174' title='bbox 570 2396 681 2472; x_wconf 85' lang='lat' dir='ltr'><strong>igitur,</strong></span> <span class='ocrx_word' id='word_1_175' title='bbox 704 2399 761 2471; x_wconf 80' lang='lat' dir='ltr'><strong>ait,</strong></span> <span class='ocrx_word' id='word_1_176' title='bbox 787 2407 892 2475; x_wconf 89' lang='lat' dir='ltr'><strong>potest</strong></span> <span class='ocrx_word' id='word_1_177' title='bbox 913 2398 1087 2476; x_wconf 87' lang='lat' dir='ltr'><strong>aliqnando</strong></span> <span class='ocrx_word' id='word_1_178' title='bbox 1110 2397 1257 2459; x_wconf 87' lang='lat' dir='ltr'><strong>mortalis</strong></span> <span class='ocrx_word' id='word_1_179' title='bbox 1273 2395 1361 2472; x_wconf 91' lang='lat' dir='ltr'><strong>iicri,</strong></span> 
     </span>
     <span class='ocr_line' id='line_1_21' title="bbox 248 2494 1361 2576; baseline 0.003 -20"><span class='ocrx_word' id='word_1_180' title='bbox 248 2513 350 2573; x_wconf 80' lang='lat' dir='ltr'><strong>quum</strong></span> <span class='ocrx_word' id='word_1_181' title='bbox 374 2494 482 2558; x_wconf 81' lang='lat' dir='ltr'><strong>Furiis</strong></span> <span class='ocrx_word' id='word_1_182' title='bbox 503 2495 690 2576; x_wconf 85' lang='lat' dir='ltr'><strong>subjicitur,</strong></span> <span class='ocrx_word' id='word_1_183' title='bbox 711 2497 793 2558; x_wconf 91' lang='lat' dir='ltr'><strong>idest</strong></span> <span class='ocrx_word' id='word_1_184' title='bbox 813 2499 879 2560; x_wconf 89' lang='lat' dir='ltr'><strong>auis</strong></span> <span class='ocrx_word' id='word_1_185' title='bbox 902 2499 1008 2576; x_wconf 88' lang='lat' dir='ltr'><strong>pravis</strong></span> <span class='ocrx_word' id='word_1_186' title='bbox 1021 2498 1210 2560; x_wconf 77' lang='lat' dir='ltr'><strong>affectibus:</strong></span> <span class='ocrx_word' id='word_1_187' title='bbox 1226 2497 1361 2559; x_wconf 87' lang='lat' dir='ltr'><strong>immor·</strong></span> 
     </span>
     <span class='ocr_line' id='line_1_22' title="bbox 247 2594 1287 2676; baseline -0.002 -20"><span class='ocrx_word' id='word_1_188' title='bbox 247 2594 322 2656; x_wconf 87' lang='lat' dir='ltr'><strong>talis</strong></span> <span class='ocrx_word' id='word_1_189' title='bbox 343 2605 465 2668; x_wconf 90' lang='lat' dir='ltr'><strong>antem,</strong></span> <span class='ocrx_word' id='word_1_190' title='bbox 488 2596 513 2656; x_wconf 91' lang='lat' dir='ltr'><strong>si</strong></span> <span class='ocrx_word' id='word_1_191' title='bbox 536 2594 653 2658; x_wconf 85' lang='lat' dir='ltr'><strong>Furias</strong></span> <span class='ocrx_word' id='word_1_192' title='bbox 674 2597 837 2676; x_wconf 78' lang='lat' dir='ltr'><strong>effugerit,</strong></span> <span class='ocrx_word' id='word_1_193' title='bbox 860 2597 940 2659; x_wconf 90' lang='lat' dir='ltr'><strong>idest</strong></span> <span class='ocrx_word' id='word_1_194' title='bbox 961 2616 1079 2676; x_wconf 88' lang='lat' dir='ltr'><strong>pravos</strong></span> <span class='ocrx_word' id='word_1_195' title='bbox 1100 2598 1246 2660; x_wconf 77' lang='lat' dir='ltr'><strong>affectos.</strong></span> <span class='ocrx_word' id='word_1_196' title='bbox 1269 2616 1287 2654; x_wconf 80' lang='lat' dir='ltr'><strong>s</strong></span> 
     </span>
    </p>

    <p class='ocr_par' dir='ltr' id='par_1_2' title="bbox 182 2691 1391 4386">
     <span class='ocr_line' id='line_1_23' title="bbox 257 2691 1364 2776; baseline 0.004 -22"><span class='ocrx_word' id='word_1_197' title='bbox 257 2704 261 2708; x_wconf 83' lang='grc'><strong>’</strong></span> <span class='ocrx_word' id='word_1_198' title='bbox 325 2691 361 2755; x_wconf 93' lang='lat' dir='ltr'><strong>ln</strong></span> <span class='ocrx_word' id='word_1_199' title='bbox 384 2695 565 2772; x_wconf 86' lang='lat' dir='ltr'><strong>praemissis</strong></span> <span class='ocrx_word' id='word_1_200' title='bbox 586 2714 681 2758; x_wconf 89' lang='lat' dir='ltr'><strong>nemo</strong></span> <span class='ocrx_word' id='word_1_201' title='bbox 702 2707 761 2770; x_wconf 85' lang='lat' dir='ltr'><strong>est,</strong></span> <span class='ocrx_word' id='word_1_202' title='bbox 774 2699 830 2775; x_wconf 90' lang='lat' dir='ltr'><strong>qni</strong></span> <span class='ocrx_word' id='word_1_203' title='bbox 844 2716 906 2758; x_wconf 92' lang='lat' dir='ltr'><strong>non</strong></span> <span class='ocrx_word' id='word_1_204' title='bbox 922 2699 1048 2771; x_wconf 88' lang='lat' dir='ltr'><strong>sentiat,</strong></span> <span class='ocrx_word' id='word_1_205' title='bbox 1067 2699 1270 2776; x_wconf 74' lang='lat' dir='ltr'><strong>Anonymnm</strong></span> <span class='ocrx_word' id='word_1_206' title='bbox 1285 2714 1364 2774; x_wconf 80' lang='lat' dir='ltr'><strong>spa-</strong></span> 
     </span>
     <span class='ocr_line' id='line_1_24' title="bbox 245 2793 1363 2882; baseline 0.005 -28"><span class='ocrx_word' id='word_1_207' title='bbox 245 2793 341 2854; x_wconf 89' lang='lat' dir='ltr'><strong>ciales</strong></span> <span class='ocrx_word' id='word_1_208' title='bbox 364 2801 395 2854; x_wconf 89' lang='lat' dir='ltr'><strong>et</strong></span> <span class='ocrx_word' id='word_1_209' title='bbox 417 2795 577 2874; x_wconf 84' lang='lat' dir='ltr'><strong>cujusque</strong></span> <span class='ocrx_word' id='word_1_210' title='bbox 600 2800 748 2876; x_wconf 90' lang='lat' dir='ltr'><strong>proprias</strong></span> <span class='ocrx_word' id='word_1_211' title='bbox 772 2798 986 2882; x_wconf 76' lang='lat' dir='ltr'><strong>Pythagorae,</strong></span> <span class='ocrx_word' id='word_1_212' title='bbox 1002 2796 1221 2877; x_wconf 87' lang='lat' dir='ltr'><strong>Empedoclis,</strong></span> <span class='ocrx_word' id='word_1_213' title='bbox 1237 2807 1269 2860; x_wconf 90' lang='lat' dir='ltr'><strong>et</strong></span> <span class='ocrx_word' id='word_1_214' title='bbox 1285 2795 1363 2860; x_wconf 80' lang='lat' dir='ltr'><strong>Pla.-</strong></span> 
     </span>
     <span class='ocr_line' id='line_1_25' title="bbox 243 2896 1360 2978; baseline 0.002 -20"><span class='ocrx_word' id='word_1_215' title='bbox 243 2898 325 2960; x_wconf 89' lang='lat' dir='ltr'><strong>toois</strong></span> <span class='ocrx_word' id='word_1_216' title='bbox 347 2896 532 2959; x_wconf 80' lang='lat' dir='ltr'><strong>contudisse</strong></span> <span class='ocrx_word' id='word_1_217' title='bbox 550 2899 728 2978; x_wconf 79' lang='lat' dir='ltr'><strong>opiniones,</strong></span> <span class='ocrx_word' id='word_1_218' title='bbox 745 2918 783 2960; x_wconf 92' lang='lat' dir='ltr'><strong>ac</strong></span> <span class='ocrx_word' id='word_1_219' title='bbox 805 2918 864 2977; x_wconf 89' lang='lat' dir='ltr'><strong>pro</strong></span> <span class='ocrx_word' id='word_1_220' title='bbox 886 2917 976 2960; x_wconf 90' lang='lat' dir='ltr'><strong>more</strong></span> <span class='ocrx_word' id='word_1_221' title='bbox 990 2918 1051 2961; x_wconf 89' lang='lat' dir='ltr'><strong>sno</strong></span> <span class='ocrx_word' id='word_1_222' title='bbox 1076 2898 1240 2961; x_wconf 89' lang='lat' dir='ltr'><strong>varimodc</strong></span> <span class='ocrx_word' id='word_1_223' title='bbox 1254 2915 1360 2977; x_wconf 81' lang='lat' dir='ltr'><strong>expo-</strong></span> 
     </span>
     <span class='ocr_line' id='line_1_26' title="bbox 246 2997 1364 3085; baseline 0 -25"><span class='ocrx_word' id='word_1_224' title='bbox 246 2997 360 3063; x_wconf 84' lang='lat' dir='ltr'><strong>suisse.</strong></span> <span class='ocrx_word' id='word_1_225' title='bbox 385 2997 426 3060; x_wconf 83' lang='lat' dir='ltr'><strong>Et</strong></span> <span class='ocrx_word' id='word_1_226' title='bbox 448 3001 552 3077; x_wconf 83' lang='lat' dir='ltr'><strong>primo</strong></span> <span class='ocrx_word' id='word_1_227' title='bbox 568 3000 719 3063; x_wconf 85' lang='lat' dir='ltr'><strong>illuditur</strong></span> <span class='ocrx_word' id='word_1_228' title='bbox 735 3001 923 3083; x_wconf 72' lang='lat' dir='ltr'><strong>ononymos</strong></span> <span class='ocrx_word' id='word_1_229' title='bbox 948 3018 1021 3061; x_wconf 92' lang='lat' dir='ltr'><strong>cnm</strong></span> <span class='ocrx_word' id='word_1_230' title='bbox 1048 3019 1090 3063; x_wconf 85' lang='lat' dir='ltr'><strong>ex</strong></span> <span class='ocrx_word' id='word_1_231' title='bbox 1106 2999 1290 3085; x_wconf 77' lang='lat' dir='ltr'><strong>Pythagora</strong></span> <span class='ocrx_word' id='word_1_232' title='bbox 1314 2998 1364 3061; x_wconf 93' lang='lat' dir='ltr'><strong>di·</strong></span> 
     </span>
     <span class='ocr_line' id='line_1_27' title="bbox 247 3096 1359 3180; baseline 0.002 -20"><span class='ocrx_word' id='word_1_233' title='bbox 247 3096 304 3171; x_wconf 91' lang='lat' dir='ltr'><strong>cit,</strong></span> <span class='ocrx_word' id='word_1_234' title='bbox 325 3098 445 3160; x_wconf 91' lang='lat' dir='ltr'><strong>animas</strong></span> <span class='ocrx_word' id='word_1_235' title='bbox 468 3101 620 3164; x_wconf 85' lang='lat' dir='ltr'><strong>mortales</strong></span> <span class='ocrx_word' id='word_1_236' title='bbox 652 3120 720 3164; x_wconf 92' lang='lat' dir='ltr'><strong>esse</strong></span> <span class='ocrx_word' id='word_1_237' title='bbox 741 3102 898 3180; x_wconf 87' lang='lat' dir='ltr'><strong>quamdin</strong></span> <span class='ocrx_word' id='word_1_238' title='bbox 923 3103 953 3163; x_wconf 89' lang='lat' dir='ltr'><strong>io</strong></span> <span class='ocrx_word' id='word_1_239' title='bbox 984 3119 1122 3179; x_wconf 88' lang='lat' dir='ltr'><strong>corpore</strong></span> <span class='ocrx_word' id='word_1_240' title='bbox 1143 3101 1281 3180; x_wconf 86' lang='lat' dir='ltr'><strong>degunt,</strong></span> <span class='ocrx_word' id='word_1_241' title='bbox 1307 3118 1359 3162; x_wconf 87' lang='lat' dir='ltr'><strong>re·</strong></span> 
     </span>
     <span class='ocr_line' id='line_1_28' title="bbox 246 3201 1356 3281; baseline 0.002 -20"><span class='ocrx_word' id='word_1_242' title='bbox 246 3216 382 3277; x_wconf 83' lang='lat' dir='ltr'><strong>surgere</strong></span> <span class='ocrx_word' id='word_1_243' title='bbox 399 3218 477 3264; x_wconf 82' lang='lat' dir='ltr'><strong>vero</strong></span> <span class='ocrx_word' id='word_1_244' title='bbox 498 3209 531 3262; x_wconf 90' lang='lat' dir='ltr'><strong>et</strong></span> <span class='ocrx_word' id='word_1_245' title='bbox 552 3202 751 3264; x_wconf 89' lang='lat' dir='ltr'><strong>immortales</strong></span> <span class='ocrx_word' id='word_1_246' title='bbox 773 3201 842 3262; x_wconf 87' lang='lat' dir='ltr'><strong>tie&#39;ri</strong></span> <span class='ocrx_word' id='word_1_247' title='bbox 864 3221 939 3264; x_wconf 90' lang='lat' dir='ltr'><strong>cum</strong></span> <span class='ocrx_word' id='word_1_248' title='bbox 953 3222 970 3264; x_wconf 90' lang='lat' dir='ltr'><strong>a</strong></span> <span class='ocrx_word' id='word_1_249' title='bbox 986 3203 1132 3281; x_wconf 89' lang='lat' dir='ltr'><strong>eorporis</strong></span> <span class='ocrx_word' id='word_1_250' title='bbox 1150 3201 1284 3263; x_wconf 90' lang='lat' dir='ltr'><strong>vinculis</strong></span> <span class='ocrx_word' id='word_1_251' title='bbox 1298 3202 1356 3263; x_wconf 89' lang='lat' dir='ltr'><strong>ab·</strong></span> 
     </span>
     <span class='ocr_line' id='line_1_29' title="bbox 247 3300 1360 3384; baseline 0 -19"><span class='ocrx_word' id='word_1_252' title='bbox 247 3302 418 3365; x_wconf 88' lang='lat' dir='ltr'><strong>solvantur</strong></span> <span class='ocrx_word' id='word_1_253' title='bbox 439 3320 498 3380; x_wconf 86' lang='lat' dir='ltr'><strong>per</strong></span> <span class='ocrx_word' id='word_1_254' title='bbox 518 3312 668 3364; x_wconf 88' lang='lat' dir='ltr'><strong>mortem.</strong></span> <span class='ocrx_word' id='word_1_255' title='bbox 693 3300 861 3379; x_wconf 77' lang='lat' dir='ltr'><strong>Nusquam</strong></span> <span class='ocrx_word' id='word_1_256' title='bbox 884 3303 1004 3382; x_wconf 87' lang='lat' dir='ltr'><strong>legitor</strong></span> <span class='ocrx_word' id='word_1_257' title='bbox 1025 3304 1087 3364; x_wconf 92' lang='lat' dir='ltr'><strong>hoc</strong></span> <span class='ocrx_word' id='word_1_258' title='bbox 1101 3302 1140 3364; x_wconf 92' lang='lat' dir='ltr'><strong>de</strong></span> <span class='ocrx_word' id='word_1_259' title='bbox 1161 3301 1360 3384; x_wconf 74' lang='lat' dir='ltr'><strong>Pythagora.</strong></span> 
     </span>
     <span class='ocr_line' id='line_1_30' title="bbox 182 3392 1366 3483; baseline 0 -17"><span class='ocrx_word' id='word_1_260' title='bbox 182 3392 191 3401; x_wconf 42' lang='lat'>⁸</span> <span class='ocrx_word' id='word_1_261' title='bbox 247 3401 310 3466; x_wconf 86' lang='lat' dir='ltr'><strong>Sed</strong></span> <span class='ocrx_word' id='word_1_262' title='bbox 332 3402 429 3465; x_wconf 89' lang='lat' dir='ltr'><strong>aliter</strong></span> <span class='ocrx_word' id='word_1_263' title='bbox 449 3421 559 3463; x_wconf 91' lang='lat' dir='ltr'><strong>omnes</strong></span> <span class='ocrx_word' id='word_1_264' title='bbox 582 3401 726 3464; x_wconf 80' lang='lat' dir='ltr'><strong>latentur</strong></span> <span class='ocrx_word' id='word_1_265' title='bbox 755 3403 851 3463; x_wconf 89' lang='lat' dir='ltr'><strong>talem</strong></span> <span class='ocrx_word' id='word_1_266' title='bbox 873 3400 1156 3483; x_wconf 74' lang='lat' dir='ltr'><strong>metempsychosim</strong></span> <span class='ocrx_word' id='word_1_267' title='bbox 1178 3410 1210 3465; x_wconf 90' lang='grc' dir='ltr'><strong>ιι</strong></span> <span class='ocrx_word' id='word_1_268' title='bbox 1239 3412 1366 3465; x_wconf 85' lang='lat' dir='ltr'><strong>meton-</strong></span> 
     </span>
     <span class='ocr_line' id='line_1_31' title="bbox 248 3499 1357 3582; baseline 0.004 -19"><span class='ocrx_word' id='word_1_269' title='bbox 248 3499 427 3563; x_wconf 83' lang='lat' dir='ltr'><strong>somoton&#39;m</strong></span> <span class='ocrx_word' id='word_1_270' title='bbox 450 3503 590 3579; x_wconf 88' lang='lat' dir='ltr'><strong>probare</strong></span> <span class='ocrx_word' id='word_1_271' title='bbox 614 3499 857 3580; x_wconf 87' lang='lat' dir='ltr'><strong>Philosophum,</strong></span> <span class='ocrx_word' id='word_1_272' title='bbox 880 3521 944 3582; x_wconf 92' lang='lat' dir='ltr'><strong>qua</strong></span> <span class='ocrx_word' id='word_1_273' title='bbox 967 3507 1092 3566; x_wconf 90' lang='lat' dir='ltr'><strong>animae</strong></span> <span class='ocrx_word' id='word_1_274' title='bbox 1113 3522 1130 3565; x_wconf 92' lang='lat' dir='ltr'><strong>a</strong></span> <span class='ocrx_word' id='word_1_275' title='bbox 1154 3522 1292 3581; x_wconf 90' lang='lat' dir='ltr'><strong>corpore</strong></span> <span class='ocrx_word' id='word_1_276' title='bbox 1316 3504 1357 3567; x_wconf 90' lang='lat' dir='ltr'><strong>ad</strong></span> 
     </span>
     <span class='ocr_line' id='line_1_32' title="bbox 242 3601 1360 3681; baseline 0.001 -16"><span class='ocrx_word' id='word_1_277' title='bbox 242 3602 338 3666; x_wconf 88' lang='lat' dir='ltr'><strong>alind</strong></span> <span class='ocrx_word' id='word_1_278' title='bbox 360 3611 519 3681; x_wconf 88' lang='lat' dir='ltr'><strong>perpetuo</strong></span> <span class='ocrx_word' id='word_1_279' title='bbox 552 3612 728 3666; x_wconf 88' lang='lat' dir='ltr'><strong>transcunt.</strong></span> <span class='ocrx_word' id='word_1_280' title='bbox 760 3601 981 3667; x_wconf 82' lang='lat' dir='ltr'><strong>Tertullianus</strong></span> <span class='ocrx_word' id='word_1_281' title='bbox 1011 3606 1093 3666; x_wconf 89' lang='lat' dir='ltr'><strong>enim</strong></span> <span class='ocrx_word' id='word_1_282' title='bbox 1127 3606 1159 3666; x_wconf 92' lang='lat' dir='ltr'><strong>in</strong></span> <span class='ocrx_word' id='word_1_283' title='bbox 1188 3602 1288 3666; x_wconf 88' lang='lat' dir='ltr'><strong>Libro</strong></span> <span class='ocrx_word' id='word_1_284' title='bbox 1311 3602 1360 3666; x_wconf 81' lang='lat' dir='ltr'><strong>Da</strong></span> 
     </span>
     <span class='ocr_line' id='line_1_33' title="bbox 245 3701 1391 3785; baseline 0.005 -19"><span class='ocrx_word' id='word_1_285' title='bbox 245 3701 356 3767; x_wconf 80' lang='lat' dir='ltr'><strong>animo</strong></span> <span class='ocrx_word' id='word_1_286' title='bbox 378 3723 409 3766; x_wconf 89' lang='lat' dir='ltr'><strong>n.</strong></span> <span class='ocrx_word' id='word_1_287' title='bbox 428 3701 480 3769; x_wconf 72' lang='lat'><strong>28.</strong></span> <span class='ocrx_word' id='word_1_288' title='bbox 508 3706 552 3766; x_wconf 91' lang='lat' dir='ltr'><strong>ait</strong></span> <span class='ocrx_word' id='word_1_289' title='bbox 570 3725 586 3764; x_wconf 86' lang='grc' dir='ltr'><strong>ι</strong></span> <span class='ocrx_word' id='word_1_290' title='bbox 608 3703 639 3768; x_wconf 85' lang='lat' dir='ltr'><strong>Si</strong></span> <span class='ocrx_word' id='word_1_291' title='bbox 663 3723 740 3767; x_wconf 87' lang='lat' dir='ltr'><strong>vero</strong></span> <span class='ocrx_word' id='word_1_292' title='bbox 756 3703 882 3768; x_wconf 85' lang='lat' dir='ltr'><strong>Sarnios</strong></span> <span class='ocrx_word' id='word_1_293' title='bbox 904 3705 1051 3785; x_wconf 87' lang='lat' dir='ltr'><strong>Sophista</strong></span> <span class='ocrx_word' id='word_1_294' title='bbox 1086 3704 1211 3768; x_wconf 89' lang='lat' dir='ltr'><strong>Platoni</strong></span> <span class='ocrx_word' id='word_1_295' title='bbox 1240 3714 1362 3769; x_wconf 86' lang='lat' dir='ltr'><strong>auctor</strong></span> <span class='ocrx_word' id='word_1_296' title='bbox 1389 3768 1391 3772; x_wconf 77' lang='grc'><strong>,</strong></span> 
     </span>
     <span class='ocr_line' id='line_1_34' title="bbox 242 3805 1359 3886; baseline 0.003 -19"><span class='ocrx_word' id='word_1_297' title='bbox 242 3812 291 3867; x_wconf 81' lang='grc' dir='ltr'><strong>ιιι</strong></span> <span class='ocrx_word' id='word_1_298' title='bbox 311 3805 491 3865; x_wconf 89' lang='lat' dir='ltr'><strong>animarum</strong></span> <span class='ocrx_word' id='word_1_299' title='bbox 514 3805 552 3865; x_wconf 91' lang='lat' dir='ltr'><strong>de</strong></span> <span class='ocrx_word' id='word_1_300' title='bbox 576 3805 754 3867; x_wconf 88' lang='lat' dir='ltr'><strong>recidivatu</strong></span> <span class='ocrx_word' id='word_1_301' title='bbox 790 3806 965 3868; x_wconf 89' lang='lat' dir='ltr'><strong>revolubili</strong></span> <span class='ocrx_word' id='word_1_302' title='bbox 997 3823 1125 3886; x_wconf 89' lang='lat' dir='ltr'><strong>semper</strong></span> <span class='ocrx_word' id='word_1_303' title='bbox 1156 3824 1199 3869; x_wconf 84' lang='lat' dir='ltr'><strong>ex</strong></span> <span class='ocrx_word' id='word_1_304' title='bbox 1227 3805 1359 3870; x_wconf 88' lang='lat' dir='ltr'><strong>alterna</strong></span> 
     </span>
     <span class='ocr_line' id='line_1_35' title="bbox 244 3902 1363 3981; baseline 0.007 -19"><span class='ocrx_word' id='word_1_305' title='bbox 244 3911 452 3965; x_wconf 89' lang='lat' dir='ltr'><strong>mortuorum</strong></span> <span class='ocrx_word' id='word_1_306' title='bbox 473 3912 572 3981; x_wconf 88' lang='lat' dir='ltr'><strong>atque</strong></span> <span class='ocrx_word' id='word_1_307' title='bbox 595 3904 770 3967; x_wconf 86' lang='lat' dir='ltr'><strong>viventium</strong></span> <span class='ocrx_word' id='word_1_308' title='bbox 793 3903 982 3966; x_wconf 77' lang='lat' dir='ltr'><strong>suffectione</strong></span> <span class='ocrx_word' id='word_1_309' title='bbox 1004 3912 1066 3968; x_wconf 88' lang='lat' dir='ltr'><strong>etc.</strong></span> <span class='ocrx_word' id='word_1_310' title='bbox 1083 3923 1101 3964; x_wconf 84' lang='lat' dir='ltr'><strong>v</strong></span> <span class='ocrx_word' id='word_1_311' title='bbox 1118 3902 1292 3980; x_wconf 88' lang='lat' dir='ltr'><strong>Quomodo</strong></span> <span class='ocrx_word' id='word_1_312' title='bbox 1308 3925 1363 3970; x_wconf 69' lang='lat' dir='ltr'><strong>er-</strong></span> 
     </span>
     <span class='ocr_line' id='line_1_36' title="bbox 244 3999 1370 4087; baseline 0.006 -23"><span class='ocrx_word' id='word_1_313' title='bbox 244 4019 286 4080; x_wconf 86' lang='lat' dir='ltr'><strong>go</strong></span> <span class='ocrx_word' id='word_1_314' title='bbox 307 4001 507 4083; x_wconf 85' lang='lat' dir='ltr'><strong>Pythagoras</strong></span> <span class='ocrx_word' id='word_1_315' title='bbox 528 4021 570 4065; x_wconf 81' lang='lat' dir='ltr'><strong>ex</strong></span> <span class='ocrx_word' id='word_1_316' title='bbox 591 3999 751 4087; x_wconf 76' lang='lat' dir='ltr'><strong>Anonymi</strong></span> <span class='ocrx_word' id='word_1_317' title='bbox 774 4005 929 4067; x_wconf 87' lang='lat' dir='ltr'><strong>sententia</strong></span> <span class='ocrx_word' id='word_1_318' title='bbox 953 4005 1057 4084; x_wconf 87' lang='lat' dir='ltr'><strong>inquit</strong></span> <span class='ocrx_word' id='word_1_319' title='bbox 1087 4007 1210 4069; x_wconf 90' lang='lat' dir='ltr'><strong>animas</strong></span> <span class='ocrx_word' id='word_1_320' title='bbox 1231 4006 1264 4068; x_wconf 91' lang='lat' dir='ltr'><strong>in</strong></span> <span class='ocrx_word' id='word_1_321' title='bbox 1286 4024 1370 4070; x_wconf 64' lang='lat' dir='ltr'><strong>cor·⁴</strong></span> 
     </span>
     <span class='ocr_line' id='line_1_37' title="bbox 244 4101 1362 4183; baseline 0.005 -21"><span class='ocrx_word' id='word_1_322' title='bbox 244 4118 326 4179; x_wconf 87' lang='lat' dir='ltr'><strong>pore</strong></span> <span class='ocrx_word' id='word_1_323' title='bbox 345 4101 499 4165; x_wconf 88' lang='lat' dir='ltr'><strong>mortales</strong></span> <span class='ocrx_word' id='word_1_324' title='bbox 521 4120 602 4179; x_wconf 88' lang='lat' dir='ltr'><strong>esse,</strong></span> <span class='ocrx_word' id='word_1_325' title='bbox 624 4122 796 4183; x_wconf 87' lang='lat' dir='ltr'><strong>resurgere</strong></span> <span class='ocrx_word' id='word_1_326' title='bbox 810 4114 919 4167; x_wconf 91' lang='lat' dir='ltr'><strong>autem</strong></span> <span class='ocrx_word' id='word_1_327' title='bbox 936 4112 967 4166; x_wconf 91' lang='lat' dir='ltr'><strong>ct</strong></span> <span class='ocrx_word' id='word_1_328' title='bbox 982 4104 1181 4168; x_wconf 88' lang='lat' dir='ltr'><strong>immortales</strong></span> <span class='ocrx_word' id='word_1_329' title='bbox 1197 4120 1266 4169; x_wconf 85' lang='lat' dir='ltr'><strong>asse</strong></span> <span class='ocrx_word' id='word_1_330' title='bbox 1282 4122 1362 4169; x_wconf 86' lang='lat' dir='ltr'><strong>cum</strong></span> 
     </span>
     <span class='ocr_line' id='line_1_38' title="bbox 243 4203 1364 4284; baseline 0.008 -22"><span class='ocrx_word' id='word_1_331' title='bbox 243 4203 476 4281; x_wconf 84' lang='lat' dir='ltr'><strong>acorporibns</strong></span> <span class='ocrx_word' id='word_1_332' title='bbox 497 4203 721 4276; x_wconf 87' lang='lat' dir='ltr'><strong>absolvantur,</strong></span> <span class='ocrx_word' id='word_1_333' title='bbox 743 4223 816 4267; x_wconf 88' lang='lat' dir='ltr'><strong>cnm</strong></span> <span class='ocrx_word' id='word_1_334' title='bbox 840 4222 1017 4284; x_wconf 85' lang='lat' dir='ltr'><strong>numquam</strong></span> <span class='ocrx_word' id='word_1_335' title='bbox 1040 4205 1107 4269; x_wconf 87' lang='lat' dir='ltr'><strong>sins</strong></span> <span class='ocrx_word' id='word_1_336' title='bbox 1129 4222 1268 4284; x_wconf 84' lang='lat' dir='ltr'><strong>corpore</strong></span> <span class='ocrx_word' id='word_1_337' title='bbox 1288 4206 1364 4271; x_wconf 84' lang='lat' dir='ltr'><strong>exi·</strong></span> 
     </span>
     <span class='ocr_line' id='line_1_39' title="bbox 243 4303 937 4386; baseline 0.007 -23"><span class='ocrx_word' id='word_1_338' title='bbox 243 4308 328 4365; x_wconf 84' lang='lat' dir='ltr'><strong>stant</strong></span> <span class='ocrx_word' id='word_1_339' title='bbox 348 4321 389 4367; x_wconf 82' lang='lat' dir='ltr'><strong>ea</strong></span> <span class='ocrx_word' id='word_1_340' title='bbox 411 4304 508 4386; x_wconf 89' lang='lat' dir='ltr'><strong>ipsios</strong></span> <span class='ocrx_word' id='word_1_341' title='bbox 533 4303 735 4383; x_wconf 83' lang='lat' dir='ltr'><strong>Pythagorae</strong></span> <span class='ocrx_word' id='word_1_342' title='bbox 757 4304 937 4382; x_wconf 76' lang='lat' dir='ltr'><strong>opinione?</strong></span> 
     </span>
    </p>
   </div>
   <div class='ocr_carea' id='block_1_2' title="bbox 0 0 1448 4784">
    <p class='ocr_par' dir='ltr' id='par_1_3' title="bbox 0 0 1448 4784">
     <span class='ocr_line' id='line_1_40' title="bbox 0 0 1448 4784; baseline 0 0"><span class='ocrx_word' id='word_1_343' title='bbox 0 0 1448 4784; x_wconf 95' lang='lat' dir='ltr'><strong> </strong></span> 
     </span>
    </p>
   </div>
  </div>
 </body>
</html>
