2886 4784
159 381 297 555 HHdom
319 490 388 559 est,
412 470 468 564 qni
490 482 597 548 adhuc
616 486 774 562 perstant,
790 482 939 546 arbitrali
962 481 1137 562 Origeuem
1159 499 1251 565 reapse

159 586 258 650 inisse
283 586 502 661 haereticum,
525 603 564 647 ac
586 586 759 648 monachos
780 591 973 664 ceterosque
995 584 1141 666 ejusdem
1162 585 1250 648 deleo·

157 707 248 752 sores
271 690 375 752 eidem
399 688 656 751 communicasse
677 686 814 750 haeresi.

241 789 302 854 Sed
324 791 381 870 qui
404 790 531 851 tandem
556 789 670 864 luere,
693 798 723 851 et
746 789 851 868 quelis
874 789 1008 852 illorum
1030 787 1121 861 fides,
1145 790 1196 868 qui
1214 806 1255 850 au·

161 897 193 953 le
215 887 405 974 Hieronymi
429 897 566 952 aetatem
590 898 776 969 pugnarunt
797 891 953 952 adversus
971 890 1105 969 vel-pro
1122 886 1254 969 Origene,

36 981 39 985 ’
161 998 194 1054 et
221 991 277 1071 qui
307 990 451 1072 ejusdem
482 989 631 1053 [lectoris
655 998 760 1053 aetate
786 999 818 1052 et
848 998 957 1070 postea
987 1009 1092 1071 nsque
1117 990 1156 1052 ad
1184 1010 1255 1054 sccu-

163 1091 233 1155 lum
257 1089 329 1154 Vll.
352 1093 427 1152 item
449 1092 477 1151 ei
500 1090 659 1153 adversati
681 1100 774 1165 sunt,
799 1092 850 1153 vol
880 1088 1103 1170 patrocinali?

180 1208 187 1218 ·
242 1191 307 1267 Qui
329 1201 421 1255 antea
443 1191 575 1272 Origeoi
598 1193 815 1266 obstiterunt,
840 1202 1056 1255 numerantur
1078 1194 1172 1274 primi
1196 1193 1256 1256 Por·

124 1342 128 1350 .
161 1295 309 1377 phyrius,
334 1292 529 1367 Demetrius,
552 1311 589 1353 ac
609 1293 706 1355 simul
732 1293 952 1369 valentiniani,
973 1295 1167 1370 basilidiani,
1191 1311 1256 1356 mar·

161 1395 322 1466 cionitas,
346 1394 459 1475 deiude
488 1393 650 1472 imperiti,
673 1402 705 1456 et
727 1393 895 1467 maledici,
919 1394 1100 1473 dequibus
1129 1394 1257 1473 loquitur

166 1514 192 1557 s.
215 1491 413 1572 Pamphilus.
441 1491 498 1556 His
523 1512 709 1561 successere
732 1494 928 1570 Apollinaris
958 1495 1165 1568 haereticus,
1188 1491 1257 1555 Har·

161 1595 265 1658 uellus
287 1613 468 1674 ancyranus
489 1607 520 1657 et
545 1593 733 1658 Hostathius
754 1597 965 1658 antiochenus
986 1598 1083 1659 umbo
1103 1599 1214 1660 dubiae
1230 1594 1257 1656 t-

161 1698 234 1774 dei,
259 1698 377 1777 quibus
398 1699 552 1760 successit
572 1695 763 1762 Theodorus
791 1708 1048 1778 mopsuestenus.
1081 1699 1157 1765 Sino
1186 1699 1256 1779 loqui

82 1813 89 1825 ·
163 1801 203 1862 de
223 1819 264 1862 ss.
289 1797 456 1862 Methodio
477 1807 509 1862 et
531 1799 734 1878 Epiphanio,
757 1803 813 1880 qui
835 1802 893 1864 etsi
916 1804 1006 1881 prius
1028 1804 1202 1878 contrarii,
1221 1811 1256 1863 ta·

160 1920 233 1964 meu
254 1904 442 1964 senteutiam
467 1909 607 1963 mutasse
629 1905 793 1965 dicuntur.

243 2000 334 2078 Quos
359 1990 463 2082 porro*
480 2023 616 2067 numero
638 2023 758 2085 paucos
782 2006 826 2066 ait
852 2024 877 2066 s.
906 2003 1127 2090 Hieronymus
1148 2025 1199 2069 sua
1217 2023 1257 2067 ac·

164 2111 230 2167 lule
251 2105 405 2164 damnare
421 2102 607 2181 Origeuem,
624 2108 747 2182 primus
769 2105 913 2167 occurrit
935 2103 1136 2184 Theophilus
1157 2107 1256 2182 (catho-

161 2205 256 2278 licus)
282 2207 330 2266 vir
353 2207 532 2286 improbus,
556 2214 588 2268 et
609 2207 719 2286 plures
739 2224 813 2269 cum
836 2225 874 2269 eo
895 2207 949 2267 alii
974 2208 1035 2269 viri
1058 2227 1208 2287 nequam,
1225 2223 1254 2268 ac

161 2305 307 2368 normulli
330 2307 471 2385 episcopi
493 2307 533 2367 ab
555 2324 594 2368 co
617 2307 752 2368 seducti.
778 2306 872 2367 Alter
893 2304 1113 2390 Hieronymus
1139 2309 1187 2386 (in
1210 2321 1255 2367 sua

163 2407 225 2470 tide
248 2402 341 2487 plane
363 2408 590 2485 orthodoxus)
613 2410 653 2469 ab
674 2406 1012 2488 ejusdem'Theophili
1034 2410 1187 2488 epistolis,
1201 2408 1255 2486 qui·

163 2509 223 2573 bus
244 2519 404 2572 aetolum
427 2511 584 2584 credidit,
609 2511 724 2572 illusus
738 2529 758 2589 3-
772 2508 811 2570 ad
836 2527 935 2587 quam
959 2509 1146 2570 illusionem
1165 2523 1255 2571 secum

164 2611 321 2688 compulit
342 2631 367 2672 s.
392 2613 634 2688 Augustiuum,
657 2614 863 2691 quantumvis
895 2622 1034 2687 uterque
1064 2620 1155 2671 autea
1178 2605 1252 2670 sicuti

164 2720 196 2772 et
220 2709 418 2792 Theophilus
443 2712 617 2772 honorifice
640 2725 675 2773 ut
698 2713 785 2789 pium
808 2711 1004 2772 celebrarint
1025 2709 1212 2789 Origenem:
1230 2713 1253 2768 el

163 2820 272 2892 postca
295 2809 350 2872 alii
373 2815 483 2873 eadem
505 2831 543 2873 ac
566 2811 783 2894 Hieronymus
799 2811 948 2872 illusione
971 2813 1067 2888 capti.
1084 2813 1172 2874 Circa
1186 2817 1253 2870 aeta·

162 2922 224 2974 lem
254 2911 372 2996 Synodi
396 2910 432 2974 V.
456 2917 540 2985 iuter
561 2913 709 2991 Origeuis
731 2914 932 2990 oppositores
957 2911 1007 2971 vel
1029 2913 1168 2972 maxime
1196 2907 1254 2970 emi·

162 3022 237 3076 nent
257 3015 451 3076 schismatici
476 3015 573 3078 trium
596 3014 822 3093 Capitulorum
845 3012 1055 3088 defensores,
1086 3022 1118 3076 et
1146 3013 1253 3092 quidam

160 3118 308 3180 monachi
333 3118 512 3197 palaestini,
537 3116 670 3180 Concilii
699 3116 971 3191 chalcedonensis,
996 3127 1031 3178 ut
1056 3117 1192 3188 videtur,
1212 3113 1253 3172 ho·

159 3225 223 3279 stes
244 3226 277 3279 et
299 3217 465 3280 doctrinae
486 3221 691 3297 origenianae
709 3219 835 3298 judices
859 3237 991 3297 prorsus
1014 3219 1129 3296 ignari.

237 3317 301 3393 Qut
327 3338 404 3382 vero
430 3321 656 3382 Adamantium
677 3322 901 3391 ‚orthodoxum
924 3319 1151 3395 defendebant,
1167 3321 1202 3382 ab
1219 3321 1252 3396 ip·

158 3423 224 3483 sius
241 3440 321 3483 aevo
344 3430 376 3483 ot
397 3423 558 3502 deinceps,
574 3425 680 3486 currcti
700 3423 862 3485 Ecclesiae
881 3422 990 3485 Patres
1010 3425 1153 3486 citantur
1173 3434 1249 3499 suprt

158 3523 189 3582 iu
214 3520 353 3584 Periodo
376 3523 478 3601 prima
497 3527 620 3598 censiti,
640 3535 671 3585 et
693 3525 723 3584 in
746 3525 806 3596 his,
823 3525 877 3602 qui
901 3541 917 3584 a
940 3519 1125 3603 Theophilo
1146 3533 1176 3586 et
1195 3518 1252 3582 Hie·

158 3640 295 3706 rouymo
325 3637 520 3687 accusantur
551 3636 776 3706 praesumptae
804 3626 893 3687 illius
920 3624 1094 3688 haereseos
1125 3622 1258 3704 petroci,

157 3725 388 3789 inscribuntur.
414 3726 534 3790 Deinde
557 3729 719 3790 insecuto
744 3725 781 3788 V.
806 3736 836 3788 et
859 3724 912 3787 Vl.
933 3728 1078 3789 citantur
1099 3729 1252 3807 scriptores
1297 3710 1299 3715 ’

158 3828 264 3905 graeci
287 3837 319 3887 et
340 3828 443 3903 latini,
468 3830 497 3889 in
520 3830 637 3906 quibus
659 3830 826 3901 Socrates,
849 3826 1066 3903 Sozomenes,
1091 3826 1255 3891 Theodora·
1297 3830 1299 3899 ξ

160 3937 234 4002 tus,
257 3926 408 3990 Sedulius
437 3929 627 4010 presbyter,
651 3929 771 3997 Sollius
798 3929 1016 4008 Apollinaris,
1045 3929 1172 3993 Auctor
1196 3925 1254 3987 libri
1297 3916 1299 3941 ²

160 4027 431 4103 Proedestc'nutus,
449 4029 653 4114 Synodorum
678 4031 865 4111 ephesinae,
876 4031 1142 4094 chalcedonensis
1162 4039 1191 4092 et
1211 4024 1254 4088 Fe

160 4133 228 4192 licis
253 4131 356 4214 Papae
381 4131 421 4193 ΙΙ.
446 4133 635 4206 silentium,
659 4152 761 4213 quum
791 4137 874 4196 iuter
903 4134 1086 4197 haereticos
1115 4141 1201 4194 antea
1224 4126 1254 4187 rb

160 4231 301 4298 Ecclesia
324 4237 491 4298 damnatos
516 4239 682 4299 omiserint
711 4237 860 4317 Origeuis
891 4254 1007 4301 nomeu
1032 4235 1169 4317 ejusque
1188 4246 1253 4297 asst-
