2886 4784
156 363 196 430 ⁴6
604 454 745 523 CAPUT
770 454 823 520 ili.

156 656 340 741 Sequuntur
359 660 649 725 animaduersiones
670 659 705 722 iu
722 668 835 720 eeteros
853 656 1033 738 scriptores,
1050 675 1185 739 quorum
1199 654 1260 719 oliir

196 781 223 824 c.
245 759 360 825 (leuem
380 761 429 827 ait
449 783 495 828 me
516 763 652 826 nimium
667 760 867 836 concessisse,
884 759 1023 823 eliorum
1044 778 1111 822 ocu
1128 758 1263 823 animai·

195 862 322 925 uertisse
342 882 480 943 seucum,
501 875 530 929 et
550 861 689 927 oliorum
711 863 800 926 modo
820 858 997 936 admisisse,
1017 879 1103 924 uuae
1124 858 1264 940 repulisse

198 965 429 1029 auctoritatem.

163 1210 367 1346 Hucusque
388 1268 572 1347 expositum
603 1274 672 1340 est,
700 1268 812 1347 quanti
840 1265 1021 1330 iaciendum
1049 1266 1092 1329 sit
1117 1263 1268 1328 Anastasii

162 1371 379 1432 testimonium
411 1370 441 1429 in
470 1369 604 1431 historia
628 1366 758 1448 vigilii,
790 1369 979 1449 praesertim
1006 1366 1114 1447 quoad
1145 1365 1269 1439 versati·

162 1470 225 1530 lem
254 1469 398 1550 ejusdem
420 1469 563 1531 animum
593 1469 624 1530 in
646 1472 835 1549 quaestione
859 1469 956 1530 trium
980 1466 1223 1545 Capitnlorum,
1243 1484 1271 1528 e·

161 1571 281 1653 jusque
303 1569 496 1631 discordiam
520 1588 593 1633 cum
609 1569 803 1645 lastiniam,
829 1578 966 1649 atquae
987 1567 1060 1631 ideo
1081 1568 1122 1629 ab
1144 1586 1185 1631 eo
1206 1582 1268 1647 pas-

160 1689 215 1734 sus
237 1670 358 1732 dicitur
386 1668 493 1750 Papa,
516 1671 570 1733 ubi
594 1689 763 1751 perperam
786 1688 862 1734 eum
884 1669 1178 1733 accusari'ostcndi
1190 1689 1202 1748 3
1226 1674 1267 1730 ta·

162 1789 234 1832 meo
256 1788 283 1832 c.
307 1767 430 1833 Censor
460 1770 627 1849 perrexit,
650 1788 794 1832 asserens
825 1787 887 1831 oon
909 1786 978 1831 esse
999 1786 1018 1829 a
1039 1767 1170 1830 silentio
1194 1765 1268 1829 Pon·

161 1871 281 1934 tibcum
304 1887 541 1943 successorum,
564 1889 646 1949 quos
670 1871 783 1933 vocavi
807 1877 914 1943 testes,
937 1868 1152 1943 inferendam,
1175 1884 1266 1947 qna·

160 1970 362 2053 propugnari
380 1967 486 2051 Vigiiii
501 1971 707 2033 stabilitatem
729 1979 760 2033 et
782 1969 984 2033 concordiam
1006 1970 1090 2032 inter
1113 1967 1218 2049 ipsum
1238 1972 1267 2028 et

162 2071 408 2152 imperatorem.

242 2171 446 2253 Respondeo,
469 2179 499 2233 et
521 2170 593 2234 dico
615 2191 677 2234 non
699 2173 816 2235 modici
837 2173 990 2240 ,momenti
1011 2189 1094 2246 esse,
1113 2167 1202 2249 quod
1218 2165 1268 2230 iu-

160 2275 265 2352 iagius
290 2273 328 2336 ii.
352 2275 382 2336 io
404 2272 539 2354 epistola
574 2273 612 2334 ad
649 2271 761 2337 istriae
794 2275 961 2353 episcopos
992 2273 1127 2345 scribit,
1162 2269 1266 2332 eadem

161 2375 440 2438 schismaticorum
464 2375 546 2437 dicta
569 2384 737 2455 repetens,
765 2378 960 2457 quibuscum
986 2374 1174 2436 asserebant
1195 2369 1267 2432 anti·

162 2478 251 2539 stites
283 2477 497 2540 occidentales
529 2495 591 2539 una
624 2496 698 2540 cum
732 2475 850 2556 Vigiiin
881 2477 1076 2539 damnationi
1107 2473 1268 2555 Capitulu-

166 2596 239 2640 rum
263 2579 432 2639 obstitisse.
455 2576 673 2641 Nihilominus
696 2572 1268 2657 praeterhannerensationem,a1·

164 2688 231 2742 tera
255 2679 294 2740 ab
316 2679 361 2740 eis
382 2686 414 2738 et
436 2678 566 2757 quidem
588 2680 750 2758 potissima
773 2678 917 2740 addenda
940 2684 1012 2740 erat
1041 2680 1139 2755 petila
1162 2694 1180 2738 a
1205 2691 1269 2736 rer·

162 2780 247 2841 sutili
270 2776 377 2857 Vigiiii
400 2780 506 2840 animo
528 2785 559 2841 et
581 2797 596 2839 a
623 2779 772 2842 violentia
796 2779 1092 2854 insanissimam
1112 2783 1269 2841 eoexior·

165 2889 281 2958 queret
301 2898 464 2942 assensum
488 2899 546 2958 pro
568 2881 702 2942 iliorum
724 2882 1009 2953 condemnatione,
1040 2880 1127 2960 qnod
1162 2881 1272 2940 iterum

162 2983 347 3060 iterumque
370 2980 453 3054 dico,
471 2982 625 3064 maJ’orem
648 2985 848 3059 pervicaciae
870 2984 901 3043 in
922 2984 1093 3044 schismate
1108 2981 1269 3061 praebuis-

163 3089 212 3144 set
234 3094 463 3160 praetextum‚
487 3084 511 3144 si
536 3101 647 3161 reapse
670 3089 741 3160 post
764 3080 870 3160 Vigiiii
893 3082 1067 3144 adventum
1096 3084 1126 3142 in
1157 3079 1270 3145 Urbem

164 3189 296 3264 regiam,
322 3184 507 3266 hujusmodi
529 3186 788 3263 supervenissent
810 3186 1081 3247 circumstantiae.

245 3287 400 3366 Alioquin
422 3287 599 3349 absurdum
625 3287 754 3347 ridetur
775 3286 978 3348 authenticas
1000 3283 1108 3364 Vigilii
1125 3282 1271 3362 epistolas

163 3383 201 3447 ad
226 3382 395 3447 Rusticum
419 3394 451 3446 et
472 3381 707 3458 Sebastianum,
725 3384 764 3446 ad
788 3383 1047 3448 Valentinianum
1069 3393 1101 3446 et
1124 3383 1270 3445 Aurelia·

165 3503 243 3548 num
265 3487 363 3562 panio
384 3494 458 3548 aute
479 3485 643 3566 synodum
667 3484 769 3559 datas,
795 3495 861 3548 tum
885 3489 970 3549 circa
993 3489 1092 3549 trium
1109 3482 1272 3561 Capitulu-

165 3605 238 3648 rum
261 3587 498 3648 damnationem
517 3586 584 3666 jam
607 3586 821 3665 subscriptam
845 3587 884 3647 ab
906 3587 976 3666 eJus
998 3588 1143 3664 ingressu
1167 3587 1199 3646 in
1219 3581 1273 3647 Ur·

164 3687 234 3748 bem
259 3689 394 3766 regiam,
419 3693 486 3748 tum
511 3686 612 3748 relato
636 3688 673 3747 ad
697 3686 939 3762 lastinianum,
964 3687 1058 3767 cujus
1081 3687 1271 3765 probitatem

167 3796 198 3848 et
220 3787 314 3849 iidem
335 3788 552 3850 orthodoxam
578 3788 734 3862 celebrat,
757 3796 906 3867 siquem
929 3797 1077 3851 tnetnra
1101 3785 1273 3849 maledictis

166 3888 308 3967 undique
330 3906 369 3950 ex
392 3889 671 3952 schismaticorum
696 3888 828 3966 perfidia
852 3891 882 3951 in
905 3906 979 3950 eum
1006 3886 1147 3966 vulgatis
1176 3894 1273 3966 iquos

167 3992 212 4050 ait
233 3989 275 4050 ob
298 4002 520 4070 praesumptas
555 3991 753 4064 discordias,
777 3989 951 4070 saerileqes
971 3986 1115 4069 injurius
1137 3987 1275 4066 irrupere

164 4085 315 4166 Principe‘
335 4098 497 4165 tentasse,
516 4099 552 4152 ut
570 4089 723 4169 populum
744 4086 954 4152 christianum
976 4086 1099 4151 astutio
1127 4083 1276 4149 diabolice

167 4183 362 4268 deciperent)
386 4191 561 4255 absurdum
584 4190 656 4252 dico
680 4190 808 4253 videtur
830 4196 945 4271 putare
968 4190 1025 4252 bas
1047 4188 1200 4268 epistolas
1226 4203 1274 4248 ex·
