2886 4784
155 457 395 541 poenitudinem
418 464 558 538 gerunt;
584 457 717 520 vnlnere
739 473 798 520 sue
819 458 980 521 sentiuntt
999 456 1182 538 intelligunt
1198 457 1249 538 lan·

159 581 214 626 sus
224 580 236 641 ;
254 561 424 640 requirunt
440 559 639 621 sacerdotem
655 581 663 621 r
680 561 847 621 sanitatem
863 557 1062 637 deposcunt3
1081 557 1255 638 purificatio·

157 681 228 726 nem
252 680 310 742 per
331 661 513 743 pontificem
536 669 697 740 quaerunt
720 670 781 722 etc.
797 679 814 716 n
838 658 878 722 llt
900 660 976 721 alibi
998 660 1148 722 subdidi:
1166 681 1182 719 vr
1199 659 1257 722 lite·

158 763 223 824 nim
246 762 332 824 omui
355 778 472 840 genere
494 761 732 838 praenuncianda
755 767 831 823 sunt
852 770 1007 840 pcccate3
1039 769 1072 822 et
1101 762 1132 823 in
1166 761 1256 841 publi·

160 881 235 926 cum
258 862 451 942 proterenda
475 871 604 937 concta,
627 879 712 940 quae
734 862 876 940 gerimus
889 880 900 941 3
922 861 1027 941 siquid
1061 862 1093 923 in
1124 880 1259 924 sermone

161 964 247 1039 solo,
265 962 315 1024 vel
337 964 433 1026 etiam
456 963 538 1024 intra
560 964 787 1042 cogitationem
810 972 933 1025 secrete
951 965 1186 1040 commisimus,
1201 981 1265 1026 cnu-

161 1074 213 1129 cta
237 1083 365 1128 necesse
386 1070 434 1126 est
455 1063 630 1144 publicari,
652 1064 793 1144 proferri
815 1074 876 1127 ete.
900 1084 916 1120 n

239 1166 304 1231 Vos
326 1168 357 1228 in
379 1165 520 1251 Synodo‚
545 1165 797 1229 reformatorum
819 1167 985 1228 illusiones
1008 1166 1201 1243 refutantes,
1216 1173 1269 1230 sta·

163 1269 267 1334 inistis
290 1271 321 1332 iu
343 1270 430 1332 almo
450 1275 565 1331 sancto'
585 1266 810 1330 Eucharistiae
837 1278 1062 1343 sacramento,
1087 1276 1159 1348 post
1192 1267 1268 1344 penis

163 1382 196 1436 et
219 1375 283 1435 vini
305 1372 591 1444 consecrationem,
614 1367 788 1432 Dominum
810 1379 956 1432 nostrum
979 1367 1092 1432 lesum
1115 1362 1269 1431 Christum

165 1491 279 1536 rerum
303 1470 406 1535 Deum
428 1483 460 1533 et
482 1471 641 1532 hominem
663 1490 738 1532 vere
760 1479 791 1531 et
814 1471 946 1532 realiter
964 1476 1003 1532 'ac
1022 1472 1268 1533 substantialiter

163 1575 225 1638 suh
248 1577 355 1654 speeie
376 1573 507 1635 illarum
531 1590 641 1634 rerum
663 1572 861 1635 sensibilium
884 1573 1052 1634 contineri.
1078 1571 1148 1653 Ego
1170 1584 1267 1635 antem

165 1685 277 1738 contra
302 1693 447 1754 ungarios.
464 1675 561 1755 hujus
584 1674 726 1754 mysterii
750 1673 914 1746 illusores,
938 1672 1109 1752 inquibus
1132 1671 1266 1750 Celsum,

166 1776 253 1855 quod
275 1775 317 1837 ab
340 1774 496 1854 Apostolo
518 1773 641 1852 accepi,
664 1772 802 1833 lideliter
822 1771 1018 1840 custodiens,
1035 1791 1073 1834 ac
1089 1774 1272 1854 interpreta-

167 1887 240 1950 tus,
262 1876 346 1938 idern
369 1875 489 1938 credidi
511 1883 544 1937 et
564 1874 729 1953 protessus
750 1893 845 1948 sum,
874 1872 993 1935 docens
1015 1891 1072 1934 uos
1095 1875 1126 1935 in
1150 1875 1211 1938 hoe
1228 1893 1271 1938 sa·

114 2016 118 2024 ι
165 1988 333 2044 eramento
358 1979 475 2041 Christi
496 1975 575 2041 lesu
598 1994 736 2055 corpore
758 1984 789 2038 ct
810 1976 964 2056 sanguine
986 1974 1122 2038 realiter
1144 1977 1227 2056 pasci
1245 1983 1273 2039 et

167 2083 298 2144 untriri.
323 2082 370 2144 dc
391 2089 558 2160 praeterea
581 2077 768 2158 significavi,
792 2088 911 2159 quanta
936 2079 1117 2140 reverentia
1139 2096 1158 2140 a
1181 2079 1273 2141 ddeli·

167 2185 228 2247 bus
251 2182 367 2247 Missae
388 2182 548 2246 saerilicio
563 2181 774 2254 adstantibus,
791 2199 904 2260 eorpus
920 2178 1064 2256 Domini,
1079 2199 1195 2262 corpus
1214 2179 1273 2244 i'sr·

168 2283 200 2346 bi
222 2281 291 2359 Dei,
313 2276 432 2364 corpus
452 2280 582 2355 Christi,
604 2300 731 2344 curnem
759 2279 845 2343 Verbi
864 2282 1068 2344 sumebatur.

251 2383 315 2450 Vos
337 2387 368 2448 iu
390 2384 519 2470 Synodo
542 2385 581 2447 de
601 2392 803 2448 sacramento
824 2383 954 2446 Ordinis
976 2394 1088 2448 contra
1110 2391 1274 2449 novatores

172 2486 382 2552 decrevistis:
406 2485 550 2568 «Siquis
573 2487 691 2550 dixerit
713 2491 744 2550 in
769 2486 910 2551 Ecclesia
933 2485 1099 2552 Catholica
1123 2506 1186 2550 non
1216 2502 1276 2548 esse

173 2585 399 2651 Hierarehiam
421 2588 527 2649 divina
551 2588 751 2649 ordinatione
772 2588 964 2661 institutam,
988 2606 1072 2666 quae
1095 2596 1273 2650 constater

173 2690 355 2768 episeopis,
388 2688 584 2773 preshyteris
606 2697 637 2751 et
659 2690 833 2761 ministris,
856 2691 1026 2752 anathema
1048 2691 1100 2752 sit.
1123 2710 1140 2749 u
1166 2689 1206 2752 Et
1225 2705 1276 2767 ego

171 2810 305 2872 quoque
323 2792 418 2872 juxta
440 2791 649 2871 apostolicam
672 2792 905 2854 institutionem
931 2793 1030 2854 laicos
1054 2794 1116 2855 rite
1137 2808 1277 2872 segrega·

177 2894 207 2955 vi
229 2911 247 2956 a
269 2894 503 2969 sacerdotibus,
526 2911 564 2957 ac
585 2896 718 2971 iusuper
740 2893 845 2956 varios
868 2891 1080 2956 Hierarchiae
1100 2894 1219 2973 gradus
1239 2891 1278 2952 di·

171 2996 283 3069 stinxi,
307 2998 541 3076 episcopatum,
565 2997 823 3076 presbyteratum
846 3004 878 3057 et
899 2997 1124 3069 diaconatum,
1149 3011 1275 3076 aequam

173 3103 318 3160 statuens
340 3099 370 3157 in
392 3098 455 3161 illis
477 3097 700 3160 differentiam.
719 3093 758 3157 lit
780 3113 840 3174 ego
861 3097 929 3174 ipse
952 3097 1123 3180 presbyter
1145 3093 1275 3158 nonnisi

175 3217 217 3260 ex
239 3199 465 3278 episcoporum
498 3200 647 3261 mundato
672 3197 759 3259 verbi
783 3195 839 3260 llei
872 3198 903 3260 iu
932 3198 1076 3262 ecelesiis
1109 3195 1276 3261 ministerio

170 3299 339 3381 fungebar.

256 3399 318 3463 Vos
341 3401 374 3477 in,
393 3402 521 3487 synodo
543 3403 699 3464 adversus
721 3408 893 3465 novatores
915 3402 1124 3478 decrevistis,
1151 3401 1182 3463 in
1206 3401 1276 3462 alte·

176 3517 209 3559 ra
237 3500 297 3561 vita
324 3499 552 3579 Purgatortum
575 3522 660 3581 essej
683 3504 791 3582 ibique
813 3505 934 3565 estimas
956 3504 1186 3566 detunctorum
1208 3500 1277 3564 deti·

175 3600 267 3674 ueri,
296 3619 415 3681 easque
441 3604 551 3684 juvari
580 3603 724 3666 fidelium
753 3605 925 3683 suffragiis.
952 3602 1023 3682 Ego
1049 3622 1129 3667 vero
1160 3611 1279 3684 praeter

177 3700 359 3765 inferorum
374 3703 497 3781 locum,
516 3705 568 3767 ubi
591 3707 621 3766 in
644 3713 838 3785 perpetuum
856 3706 1036 3781 puniuntur
1057 3707 1190 3783 reprobi
1212 3705 1279 3783 (pro

177 3822 241 3882 qua
269 3805 414 3868 doctrine
445 3808 475 3867 in
505 3807 740 3868 obtrectatores
768 3826 854 3868 tineos
880 3807 993 3869 illusos
1018 3817 1050 3868 et
1076 3809 1204 3886 ignaros
1229 3821 1280 3884 pu·

175 3906 270 3983 gnavi
296 3914 328 3968 et
352 3907 459 3968 adhue
489 3910 613 3986 pugno)
641 3918 673 3968 et
699 3918 828 3984 praeter
855 3908 1044 3970 coelestium
1072 3908 1208 3980 sedem,
1233 3902 1281 3967 ubi

179 4014 335 4085 perpetua
359 4007 460 4085 gloria
484 4025 592 4070 coram
616 4007 696 4080 Deo,
720 4017 750 4069 et
774 4007 896 4088 gaudiis
918 4010 1055 4069 aeternis
1078 4009 1283 4070 cumulentur

178 4107 275 4182 boui,
306 4109 406 4171 alium
428 4110 496 4170 sive
518 4112 647 4173 tertium
670 4112 778 4174 locnnm
801 4112 941 4173 distinxi.
966 4108 1090 4172 Docens
1112 4110 1196 4172 enim
1226 4107 1284 4169 ele·

179 4216 264 4270 ctam
293 4217 411 4271 terrum
444 4207 589 4274 iudaeae
619 4212 766 4275 umbram
788 4229 856 4277 esse
886 4211 1019 4275 laturae
1045 4211 1142 4274 sortis
1168 4217 1286 4274 saneto
