2886 4784
35 343 200 411 ‘tit

157 461 264 504 sermo
286 449 347 512 est,
369 442 423 519 qui
450 443 561 520 utique
584 440 668 518 apud
694 442 839 503 homines
861 439 1036 504 defunctus
1058 450 1119 517 est,
1143 442 1216 522 quid
1239 461 1264 505 a·

158 544 223 623 pud
247 562 357 605 omnes
376 543 503 624 judices
533 561 592 622 pro
623 542 778 606 deiuncto
808 543 925 609 lortius
953 550 988 604 et
1019 540 1146 606 tirmius
1171 544 1266 607 valera

157 647 276 722 debet,
300 664 399 725 quam
421 655 453 707 et
477 646 605 707 litterae
627 656 658 708 et
680 647 797 723 scripta
821 641 991 707 deiuncti?
1015 663 1030 699 a
1058 642 1114 706 llis
1145 645 1265 725 adiutus

160 747 326 826 praesidiis
344 746 544 826 Pamphilus,
563 750 667 826 pergit
686 747 869 826 impavidus
886 747 916 807 in
931 745 1153 821 adversarios,
1169 766 1270 810 eornm

161 849 315 910 malitiam
347 846 570 924 exprobrans,
599 849 712 925 qnod,
733 848 825 910 editis
845 847 984 920 libellis,
1011 855 1099 908 tanto
1130 846 1268 926 derogas·

160 960 230 1013 sent
254 951 334 1010 viro.

238 1047 322 1124 Quid
346 1066 424 1126 ergo
445 1066 502 1109 nos
526 1049 686 1127 probibet,
704 1049 876 1129 quominus
899 1047 1085 1126 hujusmodi
1107 1051 1266 1111 convenia·

161 1166 232 1215 mus
254 1148 385 1210 sinceris
417 1149 703 1209 contestationibus
716 1146 732 1211 'l
765 1147 930 1226 Numquid
964 1149 1072 1209 animo
1104 1149 1267 1228 aliquando

160 1250 297 1327 contingi
323 1253 448 1328 potest,
474 1251 547 1310 talia
572 1267 630 1329 pro
652 1248 792 1327 Origene
813 1252 979 1328 scripsisse
1011 1249 1216 1328 Pamphilum
1242 1258 1269 1312 et

160 1353 295 1413 edidisse
317 1363 427 1415 contra
453 1352 568 1413 lamam
589 1351 655 1430 jam
681 1352 845 1427 vulgiiam
868 1353 898 1412 in
921 1351 1032 1412 eadem
1057 1352 1201 1428 regione,
1221 1351 1269 1414 nbi

163 1465 312 1515 mortuns
335 1463 382 1515 est
403 1451 587 1532 Origenes?
610 1451 774 1532 Numquid
789 1452 855 1531 jam
869 1451 935 1533 jam
952 1452 1136 1514 moriturus
1150 1472 1175 1515 s.
1192 1451 1269 1516 blar-

163 1565 214 1636 tyr
236 1573 295 1634 pro
317 1555 459 1630 Christo,
483 1556 538 1634 qui
561 1565 609 1617 est
631 1557 696 1632 ipsa
721 1556 853 1627 veritas,
875 1571 987 1616 coram
1009 1553 1081 1615 aliis
1104 1556 1136 1616 in
1162 1555 1269 1634 passio·

161 1674 199 1719 ne
220 1658 314 1718 sociis
337 1657 489 1719 mentitus
510 1657 585 1732 erit,
610 1674 754 1718 asserens
776 1655 904 1716 fidelem
928 1651 985 1717 Dei
1007 1673 1142 1717 serrum
1164 1654 1270 1734 Origo·

120 1749 121 1753 ’
162 1777 232 1819 nem
254 1757 382 1831 obiisse,
407 1776 482 1820 cum
502 1757 568 1836 jam
592 1758 633 1819 ob
657 1758 814 1818 baeresim
836 1764 929 1819 extra
960 1754 1143 1818 Ecclesiam
1175 1757 1269 1818 iactus

161 1866 255 1930 esset,
271 1866 303 1920 et
325 1859 357 1919 in
380 1875 495 1920 errore
516 1855 726 1921 decessisset?
748 1855 968 1930 Quamobrem
985 1874 1060 1919 curn
1076 1876 1102 1919 s.
1121 1855 1270 1938 Hierony

163 1960 298 2032 motae
324 1978 363 2021 eo
393 1959 464 2020 dico
493 1960 681 2037 priusquam
705 1975 720 2017 a
744 1955 926 2034 Theophila
957 1958 1175 2034 illuderetur)
1203 1974 1269 2021 cnut

160 2079 184 2122 s..
207 2059 420 2144 Hieronymo,
443 2063 498 2140 qui
523 2070 643 2122 tantam
666 2063 852 2139 inspexerat
873 2061 1101 2122 anctoritatem
1117 2062 1150 2123 in
1164 2060 1270 2138 Orige-

161 2163 207 2224 nis
228 2163 318 2224 libris
341 2179 357 2221 a
379 2181 404 2223 s.
430 2160 598 2240 Pamphilo
622 2163 842 2239 transcriptis,
865 2169 902 2224 nt
930 2162 958 2222 ei
983 2161 1174 2224 riderentur
1192 2151 1266 2222 'san-

163 2263 267 2340 guinis
288 2265 336 2325 sui
361 2262 500 2340 vestigiis
522 2263 692 2341 obsignati,
716 2261 975 2325 concludendum
992 2271 1052 2336 est,
1071 2262 1174 2324 valde·
1187 2277 1269 2340 prae

160 2373 246 2431 stare
267 2384 292 2426 s.
308 2363 465 2445 Martyris
487 2367 704 2427 testimonium
727 2366 766 2424 de
788 2362 935 2442 Origenis
957 2364 1090 2426 decessu
1114 2365 1146 2426 in
1169 2363 1267 2427 Eccle-

159 2466 203 2526 sia
226 2464 407 2536 catholica.

240 2565 395 2640 Quamvis
412 2586 490 2629 vero
512 2567 630 2645 aliquis
648 2567 724 2627 velit
747 2565 850 2646 (quod
873 2585 935 2629 non
958 2565 1081 2644 probo)
1100 2566 1268 2645 Apologiac

161 2677 328 2730 auctorem
351 2676 408 2730 aut
429 2670 536 2731 solum
560 2667 737 2730 Eusebium
756 2669 805 2729 vel
823 2667 1011 2752 Didymnm,
1026 2686 1090 2730 non
1110 2670 1269 2730 dubitatur

160 2779 265 2830 tamen
287 2770 325 2830 de
347 2770 484 2831 istorum
506 2771 602 2831 animi
629 2772 769 2831 candore
790 2771 821 2829 in
845 2770 1010 2831 tractanda
1044 2787 1143 2832 causa
1173 2771 1268 2846 orige-

162 2870 267 2942 niana,
289 2877 321 2931 et
343 2873 372 2931 in
396 2871 529 2932 citandis
553 2871 748 2931 verbotenus
769 2870 834 2930 suis
855 2870 995 2946 scriptis,
1012 2873 1203 2947 praesertim
1221 2867 1268 2930 Pc-

161 2969 326 3045 riarcbon,
348 2973 505 3034 adversus
527 2971 671 3050 ejusdem
700 2972 873 3034 maledicos
894 2981 926 3032 et
947 2972 1208 3045 obtrectatores,
1229 2967 1268 3043 uti

159 3081 286 3145 constat
304 3093 345 3135 ex
367 3073 634 3135 obtestationibus
656 3074 688 3133 in
710 3074 780 3151 eius
802 3074 938 3136 exordio
961 3075 1158 3151 praemissis,
1181 3081 1213 3133 et
1233 3088 1268 3133 ex

159 3174 293 3235 illorum
315 3175 419 3248 libris,
442 3175 560 3252 quibus
583 3173 747 3236 Ecclesiae
770 3172 956 3263 Catholicae
978 3190 1110 3236 causam
1139 3173 1269 3234 fideliter

157 3282 316 3351 egerunt:
339 3276 425 3354 qnod
448 3284 481 3337 et
502 3275 578 3336 alibi
608 3283 640 3335 et
671 3274 836 3350 speciatim
866 3277 896 3334 in
926 3270 1029 3335 Tomo
1053 3271 1112 3335 lll.
1139 3271 1268 3336 ostendi·

161 3395 243 3437 tuus.
268 3375 480 3439 Tantumdem
504 3375 674 3438 dicendum
697 3385 744 3437 est
767 3376 805 3437 dc
837 3373 968 3437 Ruiiino
991 3375 1198 3452 apologetici
1230 3375 1270 3435 in·

162 3485 322 3555 terprete;
344 3478 432 3557 quod
456 3478 494 3537 de
516 3495 633 3554 graeco
655 3478 802 3554 ingenue,
828 3485 939 3539 testem
963 3473 1067 3538 Deum
1094 3477 1269 3547 advocans,

140 3629 146 3642 ,,
162 3580 193 3637 in
214 3577 352 3639 latinum
376 3579 482 3641 vertit.
507 3576 575 3642 Nec
597 3581 621 3639 is
644 3595 792 3656 graecam
816 3578 889 3639 libri
913 3579 1086 3641 dictionem
1109 3577 1270 3656 corrupit,

161 3696 218 3740 nec
240 3679 295 3739 alii
318 3677 467 3757 Origenis
491 3679 739 3741 transcribentes
763 3679 874 3753 verba,
892 3678 1045 3740 ductoris
1060 3696 1191 3741 sensum
1209 3693 1271 3740 mn·

163 3789 286 3841 larunt.
333 3837 334 3840 ,
1269 3838 1270 3842 ,

241 3878 393 3942 Ceterum
416 3880 522 3959 quoad
548 3882 725 3960 analogiae
747 3889 938 3955 auctorem,
963 3888 1094 3958 praeter
1118 3881 1269 3942 extrinse-

159 3998 214 4040 cos
238 3986 345 4053 testes,
368 3984 423 4058 qui
450 3980 654 4058 Pamphilum
679 3993 794 4045 vocant
815 3982 958 4062 ejusdem
982 3979 1207 4053 contererem,
1229 3982 1271 4039 in·

162 4079 306 4140 trinsecis
328 4082 477 4143 omnibus
499 4083 750 4146 circumstantiis
772 4083 943 4162 diligenter
965 4083 1138 4161 expensis,
1161 4080 1271 4160 quibos

164 4181 225 4240 hoc
248 4198 343 4241 suum
366 4183 508 4262 explevit
531 4202 633 4263 opus,
656 4188 724 4247 sive
748 4186 840 4246 tidem
866 4186 964 4253 veiis,
987 4201 1084 4262 quam
1107 4181 1271 4262 profiteba-
