2886 4784
1170 375 1212 444 39

172 471 347 536 Praeterea
364 474 460 536 citata
479 471 575 536 verba
592 475 632 534 ab
644 475 814 557 Anonymo
825 473 1030 558 Pythagorae
1045 480 1211 559 inscripta,

88 591 155 636 nou
170 573 365 637 referuntur
386 574 424 636 ad
456 575 542 636 hunc
567 574 804 652 Philosophum
827 579 880 638 sed
905 579 1013 654 potius
1034 580 1074 641 ad
1099 580 1220 646 Plato·-

90 694 188 753 nem3
212 676 308 754 cuins
329 693 462 754 qnoque
483 693 611 737 sensnm
635 679 791 752 pervertit
816 677 960 754 Auctor,
988 681 1084 743 sicuti
1111 683 1141 743 in
1162 701 1211 745 se·

91 777 270 856 quentibus
289 784 435 855 apparet.
461 775 674 855 Posteaquam
704 780 787 839 enim
823 780 890 859 ipse
919 782 1067 859 scripsit,
1090 783 1212 847 animet

75 873 268 956 ‘resurgere
290 876 490 939 immortales
511 896 529 938 a
552 895 691 956 corpore
711 878 890 953 absolutas,
906 882 1036 944 subdit:
1061 904 1077 940 s
1099 881 1212 958 Quare

95 976 202 1049 Plato,
226 996 327 1056 quum
349 995 368 1039 a
391 976 531 1055 quodam
554 979 906 1058 interrogareturquid
923 983 963 1042 sit
979 982 1181 1060 philosophia
1192 981 1210 1046 'l

90 1077 238 1149 Animae,
252 1080 367 1158 inquit,
377 1096 418 1139 cn
430 1097 558 1157 corpore
572 1075 735 1156 migratio.
750 1101 766 1136 o
783 1078 823 1141 Et
839 1081 918 1142 haec
938 1099 1014 1144 rere
1028 1070 1123 1145 docet
1139 1079 1212 1146 Pla·

95 1187 129 1240 to
151 1180 183 1240 in
207 1178 388 1251 Phaedone,
412 1189 544 1257 praeter
565 1187 669 1239 tamen
693 1181 792 1256 ipsios
815 1178 975 1259 Anonymi
997 1189 1029 1242 et
1052 1180 1213 1263 Pythago·

92 1296 152 1340 rae
174 1288 327 1341 mentem.
349 1273 469 1357 lbidem
489 1297 565 1340 sane
587 1279 650 1341 snb
664 1278 786 1356 duplici
804 1281 927 1341 ratione
941 1282 1124 1343 considerat
1140 1281 1213 1344 Pla-

96 1385 130 1438 to
153 1379 292 1438 animam
315 1394 332 1438 a
356 1395 495 1454 corpore
518 1379 665 1456 divisam,
690 1379 822 1456 proprie
842 1386 874 1439 et
888 1381 1122 1459 metaphorice.
1138 1378 1218 1444 Pro·

94 1477 168 1558 prio
188 1478 234 1540 ait
254 1478 336 1540 solvi
358 1480 497 1540 animam
519 1496 537 1539 a
560 1496 700 1557 corpore
722 1496 781 1558 per
803 1489 940 1541 mortem
953 1500 964 1558 ;
992 1481 1214 1560 metaphorice

96 1594 188 1652 vere,
210 1578 341 1656 qnando
363 1597 379 1639 a
401 1579 546 1641 sensibus
567 1582 735 1657 corporeis
764 1580 983 1655 abstrahitur,
1006 1584 1084 1660 quin
1109 1592 1214 1644 tamen

96 1695 212 1755 reapse
224 1695 241 1738 a
254 1696 393 1758 corpore
403 1689 585 1756 separetur:
601 1682 707 1758 inqua
720 1683 923 1756 separatione
939 1681 990 1741 vel
1002 1681 1213 1759 emigratione

97 1774 194 1840 Plrto
214 1782 381 1842 constituit
406 1782 666 1857 philosophiam:
683 1778 910 1843 «Extremum
933 1782 1014 1843 illud
1040 1798 1132 1855 vcro,
1154 1782 1213 1854 ait,

98 1887 133 1940 et
154 1870 396 1943 incommodum
419 1890 489 1956 est,
512 1880 617 1960 siquid
640 1879 729 1942 uobis
751 1881 853 1943 otium
875 1881 915 1941 ab
942 1882 1000 1943 illo
1022 1884 1213 1961 (corpore)

95 1981 293 2060 suppetierit
313 1987 346 2042 et
366 1981 405 2041 ad
426 1979 566 2060 alicujus
583 1981 629 2041 rei
645 1979 935 2062 considerationem
952 1983 1074 2045 animos
1087 1991 1215 2047 nostros

98 2080 343 2156 convertimus,
366 2080 498 2144 dumio
520 2081 663 2159 ipsarum
688 2096 800 2140 rerum
828 2079 1086 2144 consideratione
1112 2081 1215 2144 conto

94 2197 163 2244 nno
183 2181 396 2258 intercurrit,
428 2181 541 2243 turbas
562 2187 596 2242 et
617 2178 796 2242 tumultum
825 2179 970 2255 excitat,
1003 2181 1215 2261 animumque

95 2281 258 2358 percellit,
281 2289 319 2343 ut
338 2281 470 2360 quidem
489 2280 590 2360 ipsius
612 2297 710 2342 cansa
734 2280 904 2341 veritatem
923 2279 1052 2342 minime
1067 2283 1214 2360 percipe·

97 2381 265 2460 reposcit.
291 2383 389 2460 Atqui
412 2399 526 2444 revera
548 2381 639 2444 nobis
662 2380 918 2442 demonstratum
940 2387 1007 2455 est,
1029 2382 1054 2444 si
1078 2399 1160 2461 pure
1180 2388 1215 2446 et

95 2481 231 2544 candide
252 2482 374 2560 aliquid
396 2499 509 2545 sumus
532 2481 732 2560 percepturi,
755 2480 796 2541 ab
818 2480 886 2556 ipso
902 2482 1055 2547 nimirum
1071 2500 1213 2560 corpore

96 2599 167 2644 esse
188 2580 435 2644 abscedendum.
458 2599 475 2638 a
498 2579 542 2643 Et
562 2580 635 2642 hinc
656 2580 766 2644 subdit
785 2580 980 2660 philosopho
995 2598 1124 2646 necesse
1142 2601 1212 2648 esse

94 2681 174 2744 dnm
195 2682 227 2743 iu
248 2680 309 2744 hac
332 2682 395 2742 vita
416 2680 515 2760 degit,
538 2687 575 2743 ut
598 2680 738 2743 animam
758 2696 777 2743 a
799 2697 938 2760 corpore
953 2681 1104 2762 sejungat
1118 2688 1152 2745 et
1166 2700 1216 2747 ses

95 2790 191 2862 paret
211 2790 245 2844 et
263 2783 356 2861 quasi
380 2783 554 2845 moriatur.
571 2780 617 2845 lit
638 2783 701 2846 hoc
722 2789 771 2844 est
790 2783 883 2863 nuod
918 2781 1014 2847 Plato
1041 2784 1154 2849 scribit
1174 2784 1217 2847 da

94 2882 298 2963 philosophia
321 2882 362 2944 rb
383 2883 565 2950 homiuibus
588 2891 677 2949 recte
698 2883 846 2958 exculta,
868 2902 943 2947 cnm
966 2894 1104 2951 mentem
1119 2902 1213 2949 anam

96 2983 239 3045 maxime
258 3001 375 3062 puram
407 2983 466 3045 sihi
499 2992 692 3065 praeparent
714 2987 784 3045 et'a
807 2972 954 3063 corporis
985 2984 1211 3050 allectionibus

95 3082 286 3146 immunem.
342 3118 346 3127 ·

175 3181 259 3248 Cum
280 3202 359 3262 ergo
379 3187 422 3249 ita
445 3203 479 3246 se
501 3184 618 3246 habeat
638 3184 773 3246 illorum
798 3184 974 3247 verborum
994 3201 1127 3258 sensns,
1149 3186 1215 3263 prl-

95 3300 188 3347 munr
209 3301 272 3346 uon
295 3285 498 3366 Pythagorae
518 3285 718 3347 inscribenda
739 3302 776 3346 ea
798 3295 891 3346 erant
905 3285 946 3348 ab
962 3284 1214 3366 dnonymn,sed

96 3383 234 3446 Platoni.
256 3384 405 3449 Secundo
427 3387 467 3447 ab
489 3388 557 3465 ipso
580 3387 750 3468 dnongmo
766 3386 853 3447 haud
870 3386 942 3447 inde
957 3385 1123 3449 inferenda
1144 3391 1216 3449 arbi

93 3485 278 3549 animorum
292 3487 529 3564 transmigratio
545 3488 577 3549 in
593 3486 697 3548 alicua
713 3503 863 3563 corpora.
879 3483 953 3554 Non
969 3487 1053 3550 enim
1071 3487 1124 3551 bic
1141 3483 1216 3548 Phi·

93 3585 253 3665 lnsnphus
273 3588 331 3649 nisi
355 3588 576 3665 metaphorice
600 3587 824 3649 tantummodo
847 3587 999 3667 loquitur
1021 3587 1063 3650 de¹
1085 3587 1213 3651 animae

94 3687 318 3762 mortalitate,
349 3689 579 3765 separatione,
613 3687 851 3750 resurrectione
883 3697 915 3750 et
946 3686 1215 3765 immortalitate3

95 3804 156 3850 nec
180 3786 253 3850 ideo
279 3790 404 3852 locutio
429 3788 649 3866 metaphorica
674 3786 897 3851 contundenda
924 3805 1000 3851 cum
1026 3789 1158 3865 propria
1183 3792 1217 3849 et

95 3887 180 3951 reali
211 3884 491 3970 transmigratione
522 3890 647 3953 animae
675 3890 706 3951 iu
733 3889 837 3952 aliena
864 3905 1004 3967 corpora
1033 3886 1214 3950 seeundum

96 3989 216 4069 placita
233 3989 448 4073 Pythagorae,
466 3989 671 4070 Empedoclis
693 3997 723 4051 et
747 3989 888 4053 Platonis
906 3990 1021 4068 ipsius.
1039 3987 1119 4050 ltem
1140 4005 1216 4051 cnm

94 4110 149 4155 er·
161 4091 210 4154 his
229 4093 429 4173 philosophis
452 4095 496 4155 ait
520 4092 744 4171 voluptuarias
760 4093 894 4166 animas,
912 4091 984 4166 uisi,
998 4089 1076 4152 dnm
1095 4090 1126 4152 in
1147 4105 1221 4152 cor·

94 4209 177 4271 pore
200 4201 383 4268 versantur,
404 4194 593 4272 sapientiam
615 4193 779 4266 adamant,
802 4209 860 4270 per
881 4191 987 4255 omnia
1009 4176 1171 4254 animalia*
1184 4201 1216 4253 et
