2886 4784
156 327 216 397 lbi

236 429 396 510 Euagrius
417 432 592 496 monachus
606 448 624 493 a
638 446 664 493 s.
688 426 849 510 Gregorio
869 431 1065 493 nazianzeno
1087 429 1195 495 dicitnr
1211 432 1238 512 i·

156 529 222 594 lius
243 550 331 607 ruas,
346 529 450 610 plotio
467 532 582 610 patrie.
606 527 664 591 Vir
684 530 826 593 doctrina
850 539 882 594 et
901 533 1070 594 sanctitate
1092 531 1238 594 celeberri·

157 650 228 694 mus
250 633 281 692 in
305 633 367 694 rita
390 640 422 694 et
445 640 675 712 postmortem
699 641 837 693 vocatur
857 650 873 691 a
896 651 922 694 s.
946 629 1073 694 Joanne
1094 632 1240 710 Climam3

159 742 192 796 et
253 732 419 796 Gennadio
443 735 583 796 bumana
606 739 638 795 et
658 732 765 795 divina
799 733 984 794 litteratura
1012 734 1151 812 insignis.
1173 731 1242 797 liunt

159 832 380 915 Hieronymus
403 835 491 897 bunc
510 843 676 911 nuncupat
698 835 912 908 haereticum,
931 833 1015 896 idest
1030 834 1245 897 commentitiae

158 931 308 1014 Oripeuis
330 938 499 999 haereseos
522 943 705 1015 patronum.

238 1035 403 1099 Palladius
425 1037 704 1114 helenopolitanus
725 1037 810 1097 inter
831 1035 943 1096 beatos
965 1036 1053 1096 viros
1075 1040 1248 1098 numeratur

156 1156 174 1199 a
190 1136 423 1210 chrisostomo,
440 1140 497 1216 qui
520 1157 578 1215 pro
602 1137 745 1200 Ecclesia
763 1135 818 1199 Dei
843 1137 1049 1207 dimicarunt,
1068 1138 1178 1215 plnres
1190 1137 1246 1198 ideo

158 1256 329 1302 aerumnas
352 1257 474 1317 passus.
493 1238 599 1318 Hujus
622 1240 757 1300 virtutes
780 1238 903 1299 canite.
923 1237 1067 1300 isidorus
1084 1237 1249 1314 Pelusiote3

159 1359 196 1401 ac
219 1340 437 1403 venerandum
455 1341 560 1402 virum
584 1339 660 1401 dicit
681 1335 867 1400 Theodotus
883 1339 1052 1417 episcopus
1066 1335 1252 1401 Trimitban·

161 1442 211 1502 tis.
230 1438 415 1503 lunocentio
437 1439 543 1520 Papae
564 1446 659 1501 notus
681 1449 713 1501 et
734 1449 885 1517 acceptus
900 1439 1033 1501 summis
1049 1437 1253 1503 laudibuscn·

160 1541 329 1602 molatur:
343 1539 404 1602 iste
425 1550 485 1614 cst,
508 1541 563 1620 qui
585 1559 603 1602 a
625 1560 649 1602 s.
674 1541 852 1619 Epiphanio
875 1547 907 1602 et
930 1538 1131 1623 Hieronymo
1160 1556 1253 1604 cenae

162 1650 217 1705 tur
238 1644 321 1703 iuter
343 1643 533 1719 praecipuos
555 1660 670 1705 aereae
689 1641 837 1720 Origenis
860 1650 965 1704 sectae
987 1642 1098 1705 duces.
1123 1704 1126 1710 ,

241 1741 405 1804 Rudinum
430 1745 536 1805 virum
559 1760 636 1805 rere
662 1752 811 1805 sanctum
834 1749 865 1804 et
886 1743 937 1821 pie
959 1743 1092 1804 doctum
1123 1741 1251 1823 appellat

165 1864 191 1906 s.
210 1843 386 1921 Paulinus;
409 1861 446 1905 ae
468 1845 643 1911 uniuersim
665 1847 697 1906 iu
720 1842 863 1905 Ecclesia
888 1850 962 1905 tunc
979 1844 1141 1923 piissimus
1163 1851 1194 1905 et
1210 1841 1257 1904 do·

165 1947 324 2008 ctissimus
341 1946 519 2008 dicebatur.
540 1945 715 2020 Palladius,
733 1943 1131 2024 Augustinus,Cassianus
1146 1953 1178 2006 et
1190 1943 1259 2006 Ger·

162 2048 277 2111 nadins
299 2037 383 2109 iuter
404 2047 639 2110 ecclesiasticos
661 2045 819 2109 Doctores
840 2047 952 2110 colunt
985 2045 1056 2110 Nec
1077 2047 1176 2108 istum
1201 2048 1260 2126 past

164 2168 326 2214 recessum
347 2167 443 2211 snum
466 2150 506 2210 ab
527 2148 659 2212 Oriente
682 2153 712 2211 in
736 2147 861 2210 ltaliam
876 2149 942 2228 y'aro
958 2157 1064 2211 aetate
1080 2152 1258 2228 pronectant

164 2258 249 2313 tauta
272 2250 491 2312 aestimatione
513 2269 549 2312 ae
572 2251 752 2312 reverentia
775 2251 940 2330 prosecuti
958 2249 1092 2311 tuissent
1108 2246 1259 2317 Ursaciuu

163 2351 314 2415 Pinianus
335 2361 366 2414 et
388 2353 621 2415 monachorum
644 2362 767 2427 coetus,
791 2371 848 2414 nae
870 2362 962 2413 antea
978 2350 1114 2413 Sinicius
1138 2368 1194 2429 per
1206 2347 1258 2426 epi·

164 2453 263 2515 atolas
283 2454 440 2533 episcopis
462 2451 725 2529 commendasset,
748 2454 773 2514 si
795 2452 1034 2532 quodammodo
1056 2452 1096 2515 de
1122 2451 1191 2533 ejus
1209 2447 1258 2512 lida

168 2703 320 2778 vulgatos3
340 2721 431 2777 neque
448 2706 570 2761 loannes
587 2705 770 2761 multominus
789 2703 954 2760 defendebat
978 2709 1159 2778 praesumpta
1182 2702 1258 2758 haera-

172 2796 229 2851 tiea
246 2796 387 2869 dogmata.
408 2799 591 2855 Profitebatur
607 2799 730 2871 ingenue
749 2797 833 2852 fidem
852 2798 996 2853 nicaenam
1022 2796 1097 2852 idest
1124 2795 1257 2851 doctrinam

171 2887 353 2956 catholicam3
373 2907 405 2944 ac
423 2909 479 2945 una
497 2891 615 2964 Origeni
633 2890 786 2946 orthodoxo
805 2889 1030 2962 patrocinabatur
1048 2889 1133 2962 juxta
1156 2893 1256 2942 veteram

171 2981 206 3037 da
225 2998 257 3036 eo
274 2982 458 3039 traditionem.
479 2984 517 3039 Et
534 2985 570 3039 ob
588 2984 641 3039 hoc
660 3000 711 3038 suo
730 2989 758 3039 et
785 2982 888 3056 synodi
908 2982 1116 3055 Hierosolymis
1142 2981 1257 3036 adunmm

172 3076 284 3131 nomine
301 3077 473 3148 respondens
491 3076 624 3148 epistolae
649 3077 800 3150 synodicae
819 3075 955 3148 Theoplili
978 3077 1052 3131 circa
1080 3074 1207 3147 (trigenis
1221 3070 1258 3124 in·

174 3169 279 3241 scripta
296 3175 395 3237 errata,
415 3170 570 3225 obtestatus
588 3175 678 3226 estse
696 3171 790 3224 omnia
807 3169 947 3237 damnare,
961 3186 1032 3240 quae
1045 3161 1257 3223 discordarentab

175 3279 208 3318 ea
225 3263 279 3318 tide
297 3264 327 3317 iu
344 3263 413 3318 urbe
431 3264 548 3318 nicaena
565 3263 688 3330 definiam
708 3280 741 3318 ae
758 3263 820 3318 ideo
840 3280 892 3318 nec
910 3280 941 3318 se
959 3263 1086 3334 probare,
1100 3279 1153 3317 nec
1164 3278 1193 3316 aa
1205 3257 1259 3328 dog·

174 3361 250 3410 meta
268 3373 392 3428 unquam
409 3355 541 3427 recipere,
561 3358 610 3412 sed
628 3362 761 3429 perpetuo
779 3356 1020 3411 anathematizare.
1034 3359 1077 3411 Ae
1096 3355 1205 3426 insuper
1218 3347 1258 3405 ad·

172 3449 251 3521 J'eeit,
271 3449 411 3503 nemiuem
429 3447 459 3502 in
478 3449 635 3504 Palaestina
660 3450 782 3520 reperiri,
802 3448 851 3521 qui
878 3448 945 3502 talia
971 3449 1157 3518 profiteretur.
1185 3439 1259 3500 Gratia

174 3558 243 3615 ergo
262 3541 451 3612 Hieronymus
469 3549 497 3595 et
516 3541 689 3613 Epiphanius
709 3542 844 3613 suspicati
861 3547 938 3615 sunt,
958 3540 1098 3595 loannem
1118 3529 1257 3611 hujusmodi

174 3651 240 3689 cum
259 3633 382 3706 Origene
400 3633 486 3706 impia
504 3634 653 3704 adprobare
672 3621 819 3708 dogmata:
835 3635 881 3690 cui
892 3632 1045 3703 suspicioni
1057 3650 1113 3687 non
1124 3631 1258 3686 eratlocus

250 3727 321 3782 Item
339 3744 482 3798 perperam
502 3745 524 3782 s.
544 3728 702 3799 Episcopus
721 3727 755 3781 ab
774 3726 949 3798 Hieronymo
962 3725 1100 3797 arguitur,
1117 3713 1262 3796 quodveluti

178 3839 213 3876 ex
232 3821 430 3892 consequentia
447 3825 640 3891 praesumptae
657 3820 812 3886 haereseos,
833 3817 981 3890 pelagiano
1000 3834 1111 3889 quoque
1129 3813 1207 3871 errori
1222 3809 1262 3865 ob·

179 3918 347 3983 sequeretur.
369 3911 490 3967 Sanctus
510 3913 689 3984 Augustinus
704 3912 733 3964 in
753 3911 837 3965 Libro
856 3909 893 3966 De
910 3914 986 3982 pestis
1005 3905 1105 3982 Pebryt't'
1123 3925 1147 3962 c.
1159 3897 1262 3961 xxxi.

180 4006 219 4058 ait
239 4028 251 4053 o
271 4006 479 4075 quatuordecim
498 4005 644 4076 episcopos
663 4002 834 4057 Palaestinae
855 4001 903 4073 (in
915 4001 1019 4072 quibus
1031 3999 1187 4068 loannem)
1204 3991 1266 4049 Pete

178 4098 259 4170 ginm
279 4115 294 4151 a
313 4099 490 4169 perversitate
507 4097 594 4171 hujus
613 4096 759 4151 haereseos
778 4095 900 4151 alienum
920 4094 1139 4167 pronunciasse,
1161 4106 1217 4147 eam
1231 4089 1265 4139 bt·

180 4206 246 4248 men
265 4192 324 4247 sine
343 4192 399 4246 ulla
418 4191 590 4249 dubitatione
610 4190 781 4246 damnantes.
