2886 4784
166 317 206 390 dl

167 435 237 485 tero
257 431 344 485 stare
367 424 533 503 potuerit;
556 439 613 484 nee
636 420 820 483 mandatum
843 420 975 499 aliquod
1000 420 1118 501 adjecit
1141 421 1262 508 Moyses.

166 524 252 587 Fieri
273 528 359 588 enim
382 527 500 603 potnit,
523 534 555 587 et
576 541 635 603 ego
658 533 736 601 puto
759 523 985 602 frequentius,
1010 535 1045 586 ut
1067 543 1153 588 uxor
1173 529 1263 588 dimis-

165 648 198 691 sa
222 629 263 690 ob
286 647 354 691 rem
375 636 517 706 turpem,
533 627 615 690 nolli
630 626 684 687 alii
700 626 850 700 nuberet,
867 627 1144 705 quemadmodum
1166 638 1197 691 et
1215 631 1265 692 boe

164 733 194 792 iu
217 732 333 793 marito
355 729 535 792 dimittente
556 727 629 791 lieri
651 728 808 809 potuerit.

242 830 324 896 Cum
346 848 425 910 ergo
439 831 481 891 ite
498 830 537 892 sit
556 827 648 909 Legis
664 831 822 892 mosaicae
840 831 994 894 terminus
1012 831 1115 893 relate
1137 832 1176 894 ad
1197 851 1266 894 uxo·

165 934 208 994 ris
231 932 430 1011 repudium,
453 949 528 994 cum
559 931 683 995 seilicet
710 931 798 993 aliud
821 933 861 994 sit
885 932 1011 1012 repudii
1036 932 1167 995 tradere
1186 933 1266 995 libel·

163 1034 248 1109 lum,
271 1046 303 1097 et
325 1035 414 1097 alind
437 1042 509 1114 post
531 1033 703 1113 repudium
726 1050 846 1095 norum
870 1034 1032 1111 auspicari
1054 1036 1265 1107 connubium,

163 1154 221 1197 nec
243 1138 437 1211 necessario,
462 1154 526 1198 uno
549 1134 700 1209 admisso,
723 1134 864 1196 alterum
887 1144 1069 1214 aequatur,
1094 1137 1160 1199 buc
1181 1154 1264 1198 rere·

163 1245 233 1298 cata
256 1237 502 1316 pharisaeorum
524 1237 740 1316 disputatione
761 1253 835 1298 cnm
857 1234 950 1308 lesu,
979 1254 1023 1299 en
1045 1234 1140 1300 liceat
1167 1235 1269 1318 queuis

167 1341 265 1400 ceusu
280 1335 435 1403 dimittere
455 1354 598 1411 morem,
625 1340 686 1400 rite
711 1336 906 1416 intelligitur
931 1337 1029 1400 talem
1053 1318 1267 1418 quaestionem

163 1441 342 1503 institutam
364 1440 405 1531 ab
426 1441 500 1519 ipris
526 1439 625 1502 inisse
656 1441 740 1503 eirca
770 1441 851 1503 hanc
878 1438 969 1520 Legis
997 1443 1266 1503 circumstantiam

161 1542 296 1621 dejure
318 1542 537 1618 repudiandae
558 1543 672 1606 uxoris
694 1542 735 1603 ob
756 1541 901 1620 aliquam
923 1541 1113 1605 foeditatem
1135 1546 1146 1621 l
1158 1545 1188 1604 in
1208 1561 1269 1623 qno

162 1642 322 1720 pharisaei
345 1642 590 1706 arbitrabantur
610 1643 641 1704 in
661 1660 808 1705 errorem
841 1643 1014 1706 traducere
1037 1644 1180 1722 lesum)
1199 1645 1269 1724 quin

160 1742 250 1804 uitro
272 1753 469 1823 quaererent
490 1745 530 1806 de
551 1746 665 1807 uxoris
687 1744 835 1805 dimissae
856 1752 958 1805 statu.

243 1842 284 1905 Et
304 1862 392 1921 sane,
415 1845 611 1924 quaestionis
634 1845 731 1925 buius
752 1845 996 1924 pharisaeorum
1019 1863 1096 1908 cnm
1119 1845 1200 1910 lesu
1228 1853 1268 1909 te·

107 1986 110 1994 ·
160 1963 221 2008 nor
234 1946 405 2025 diligenter
419 1962 593 2023 expensus,
609 1946 650 2007 ab
662 1949 761 2026 ipsius
776 1947 912 2010 exordio
930 1947 1002 2010 talis
1016 1957 1102 2023 erat,
1119 1957 1156 2010 ut
1173 1966 1264 2011 unam

160 2055 285 2125 partem
308 2048 357 2109 vel
373 2048 647 2110 circumstantiam
663 2050 885 2111 tantummodo
899 2047 1168 2126 comprehendat,
1185 2050 1266 2128 quod

159 2150 266 2212 obiter
285 2159 377 2210 antea
401 2149 522 2221 notavi,
546 2149 628 2211 idest
649 2151 868 2229 repudiandae
890 2153 1002 2213 uxoris
1021 2149 1090 2230 J’ns,
1108 2167 1172 2212 non
1195 2169 1267 2212 vero

161 2251 249 2329 quod
281 2251 492 2313 subsecutum
525 2259 608 2313 esset
641 2261 713 2328 post
740 2253 901 2315 dimissam
935 2269 1088 2317 uxorem.
1114 2253 1166 2315 db
1187 2252 1268 2314 initio

160 2354 244 2413 enim
269 2371 299 2414 e.
321 2350 353 2416 3.
375 2352 515 2415 dieitur:
539 2349 660 2413 silicet
685 2348 807 2415 bomini
839 2349 994 2414 dimittere
1024 2369 1158 2413 umorem
1187 2369 1270 2414 suum

157 2469 353 2534 quecumque
373 2454 410 2514 de
431 2471 540 2517 cause.
558 2451 680 2517 Deinde
701 2456 779 2516 inv.
802 2452 832 2517 7.
847 2451 926 2534 quid
945 2471 1018 2531 apo
1038 2451 1165 2533 Moyses
1184 2470 1267 2516 mcu-

159 2555 248 2618 deeit
268 2557 343 2617 dare
364 2554 506 2618 libellum
525 2554 651 2637 repudii
671 2567 699 2619 et
719 2551 909 2619 dimittere?
931 2555 1010 2618 ltem
1033 2559 1065 2618 in
1090 2576 1119 2618 v.
1140 2553 1172 2621 8.
1195 2573 1266 2635 que

157 2657 247 2720 nium
269 2657 389 2736 Moyses
408 2660 453 2720 ed
473 2658 629 2722 duritiem
650 2659 752 2722 cordis
770 2658 869 2720 uestri
883 2657 1031 2737 permisit
1051 2658 1139 2720 uobis
1170 2657 1267 2720 dimit·

159 2771 221 2822 tere
241 2778 357 2822 umores
376 2772 507 2824 oestrus.
532 2760 574 2823 Et
595 2763 626 2822 in
649 2761 696 2824 bis
719 2762 822 2824 tribus
844 2763 949 2824 incisis
981 2761 1075 2838 plane
1109 2762 1266 2826 concludi·

162 2872 217 2924 tur
239 2881 300 2924 nna
323 2865 470 2942 quaestio
491 2864 531 2925 de
552 2863 739 2925 dimittenda
763 2881 880 2937 uxore,
903 2861 1035 2925 exclusa
1052 2862 1157 2925 altera
1176 2864 1215 2925 de
1228 2864 1267 2923 in·

158 2967 329 3028 novatione
351 2964 502 3044 coniugii.
512 2963 562 3026 'Et
585 2964 625 3025 de
646 2964 706 3026 bae
729 2964 798 3026 sola
823 2981 934 3043 reapse
959 2963 1170 3040 disputabant
1191 2981 1261 3025 enm

159 3064 238 3128 lesu
261 3067 442 3145 pharisaei,
466 3066 570 3128 minus
591 3065 720 3127 solliciti
737 3065 777 3126 de
797 3084 849 3138 eo,
873 3063 959 3144 quod
983 3062 1169 3127 laciendum
1192 3071 1267 3126 esset

159 3176 232 3246 post
253 3170 365 3230 uxoris
387 3169 612 3230 dimissionem.
629 3166 849 3242 Quamobrem
866 3168 897 3228 in
912 3166 1119 3228 discussionis
1143 3165 1205 3227 line
1225 3184 1267 3227 se·

158 3270 300 3333 cundum
321 3270 608 3347 argumentationis
629 3269 797 3342 ordinem,
822 3267 1027 3331 uniformiter
1060 3268 1263 3344 praemissis,

160 3371 345 3451 hujusmodi
368 3370 555 3434 deducenda
577 3378 649 3432 erat
669 3372 920 3450 consequentia,
952 3385 1038 3448 quae
1059 3367 1149 3430 haud
1180 3385 1267 3433 secut

158 3473 378 3553 exprimeret,
402 3491 499 3552 qnam
521 3471 608 3549 quod
632 3470 744 3534 Patres
775 3489 886 3535 omnes
911 3479 1036 3533 veteres
1056 3471 1090 3532 in
1114 3468 1268 3533 Matthaei

158 3573 322 3636 codicibus
343 3573 515 3651 legerunt5
538 3572 641 3634 idest:
657 3571 847 3652 quicumque
860 3567 1015 3632 dimiserit
1030 3586 1167 3631 umorem
1181 3588 1267 3633 suem

158 3680 283 3750 excepte
301 3668 526 3751 fornicationis
546 3689 657 3746 cause,
673 3669 754 3750 [ecit
774 3688 841 3733 eum
860 3667 1024 3731 moecliari.
1040 3665 1104 3731 Ubi
1125 3667 1267 3733 Christus

159 3773 254 3837 lesus
275 3774 465 3853 simpliciter
486 3775 601 3850 docet,
626 3791 763 3836 uxorem
784 3791 847 3834 non
870 3772 928 3834 nisi
961 3771 1149 3834 adulteram
1182 3788 1265 3833 amo·

160 3876 293 3936 vendam
314 3892 423 3937 essea
448 3877 506 3937 viri
527 3878 579 3938 sui
601 3873 921 3948 consortio,etl1inc
942 3871 1088 3936 exclusis
1109 3873 1264 3952 sequenti·

158 3978 217 4039 bus
239 3978 355 4054 dictis,
378 3987 406 4039 et
434 3976 536 4040 etiem
566 3976 717 4052 duceris,
746 3984 859 4055 utpote
890 3976 1062 4039 contrariis
1085 3976 1265 4054 propositae

157 4081 349 4157 quaestioni.
375 4077 414 4157 ll)

233 4202 266 4274 (*)
285 4202 374 4258 Nemo
392 4218 456 4258 vero
473 4201 605 4258 illudatur
623 4202 652 4256 in
671 4218 726 4257 usu
744 4198 940 4257 vocabulorum
953 4198 1038 4254 relate
1050 4198 1087 4253 ed
1099 4198 1173 4254 hane
1186 4212 1263 4270 quae-

158 4293 288 4352 stionem.
308 4293 373 4352 Vox
390 4292 465 4352 enim
482 4292 663 4353 hebraicam
677 4293 829 4368 seripturis
847 4291 961 4373 ebsutut,
982 4289 1115 4366 absume,
1128 4288 1262 4366 disemis,
