2886 4784
1195 334 1238 386 ru

152 454 409 528 revertentes,
437 465 504 527 ea,
538 464 630 540 quae
660 440 716 517 rol
745 465 765 515 a
794 440 934 518 vitiosis
973 439 1235 540 interpretibus

156 573 254 649 male
283 573 435 655 reddita,
452 570 507 646 vel
523 595 542 645 a
559 570 897 671 praesumptoribus
916 571 1095 670 imperitis
1112 594 1240 649 omau-

155 700 241 775 data
271 701 509 797 perversius,
529 699 586 774 vel
615 723 635 772 a
664 697 819 773 librariis
857 698 1139 774 dormitantibus
1176 712 1239 774 aut

157 828 279 902 addita
309 842 408 914 sunt,
436 843 500 904 aut
528 841 669 903 mutata
698 825 945 925 corrigimus?
976 853 993 898 a

263 956 401 1032 ldcirco
429 958 460 1030 si
488 957 589 1031 licuit
607 955 826 1054 Hieronymo
854 956 899 1030 ad
929 979 1096 1054 graecam
1120 954 1241 1030 Eran-

140 1084 335 1183 :geliorum
363 1084 540 1181 originem
569 1086 731 1169 reverti,
760 1098 801 1157 ut
829 1107 899 1167 ea,
927 1108 1020 1181 quae
1048 1108 1068 1158 a
1099 1084 1241 1158 vitiosis

158 1210 420 1309 interpretibus
448 1211 543 1285 mala
572 1212 711 1286 reddita
741 1211 898 1296 fuerant,
927 1212 1134 1299 emendare,
1153 1224 1191 1289 et
1218 1237 1238 1286 a

157 1338 442 1414 dormitantibus
470 1339 627 1413 librariis
655 1338 790 1425 addita,
818 1352 883 1414 aut
909 1353 1050 1415 mutata
1079 1341 1238 1438 corrige·

158 1491 220 1541 rer
250 1467 346 1541 etsi
375 1466 478 1541 licuit
515 1465 561 1539 ab
598 1490 688 1542 aevo
726 1465 844 1541 Caroli
885 1466 1003 1566 Magni
1039 1469 1108 1544 boc
1145 1470 1241 1546 idem

162 1594 429 1668 emendationis
457 1617 550 1692 opus
587 1595 782 1681 innovare,
819 1595 956 1670 eisdem
996 1597 1169 1694 inspectis
1207 1598 1241 1671 in

162 1721 365 1797 Bibliorum
403 1722 585 1797 codicibus
614 1735 750 1796 autea
783 1725 1058 1799 amanuensium
1097 1747 1243 1811 errore,

161 1851 218 1925 vel
249 1876 296 1926 ex
323 1853 592 1926 haereticorum
621 1850 776 1932 fraude,
804 1852 1120 1950 corruptionibus;
1147 1867 1185 1928 et
1213 1855 1243 1928 si

162 1979 292 2077 deinde
321 1979 495 2076 praeclari
525 1977 681 2074 theologi
705 1977 798 2076 Vega
828 1991 866 2054 et
893 1979 1138 2055 Salmcronius
1165 1982 1244 2055 alii-

164 2128 235 2203 que
264 2120 347 2202 post
383 2106 567 2202 Synodum
605 2107 836 2181 tridentinam
870 2106 959 2180 utile
988 2109 1244 2184 existimarunt

162 2257 351 2308 sacrorum
381 2232 569 2308 Librorum
601 2234 860 2331 interpretibus
887 2235 931 2309 ad
964 2236 1083 2311 fontes
1116 2261 1242 2313 recur-

163 2384 245 2435 rere
274 2360 451 2434 hebraeos
479 2374 517 2435 et
544 2384 705 2458 graecos,
733 2376 912 2460 quatenus
939 2386 1030 2459 opus
1058 2358 1170 2451 esset,
1203 2381 1245 2441 ut

164 2512 259 2588 qnae
287 2488 442 2587 Spiritus
463 2487 583 2563 Sancti
613 2490 733 2562 sensui
762 2503 799 2563 et
829 2491 915 2587 ipsis
943 2491 1103 2568 lontibus
1129 2497 1245 2592 magis

164 2618 287 2692 forent
314 2630 582 2701 consentanea,
610 2636 914 2716 assequeremur:
944 2634 983 2694 et
1011 2622 1040 2694 si
1069 2621 1171 2698 licuit
1199 2649 1244 2698 cx

165 2745 444 2819 tridentinorum
465 2744 613 2819 Petrum
643 2746 827 2830 mandato,
844 2745 1026 2844 vulgatam
1047 2748 1245 2826 Bibliorum

166 2873 363 2946 editionem
393 2894 412 2944 a
449 2873 588 2944 mendis
630 2896 811 2970 purgare,
848 2875 1126 2970 congregatione
1166 2879 1246 2955 ideo

165 3000 420 3097 theologorum
450 3000 642 3089 instituta3
670 3015 708 3074 ct
736 3002 765 3074 si
795 3023 920 3074 omnes
954 3004 1138 3103 hucusque
1177 3032 1246 3082 ex·

164 3129 347 3228 positores
375 3129 444 3202 hoc
473 3129 582 3213 idem,
613 3128 786 3204 inoffenso
815 3130 924 3226 pede,
952 3130 1181 3226 expleverint
1210 3137 1245 3209 in

167 3256 402 3332 enucleandis
444 3256 607 3331 obscuris
648 3257 915 3354 scripturarum
954 3260 1086 3333 dictis:
1125 3263 1248 3339 licebit

166 3400 286 3484 puto,
316 3398 353 3458 et
381 3383 485 3485 nobis
513 3385 547 3456 in
576 3385 645 3459 lrac
674 3386 764 3459 tanti
795 3389 967 3460 momenti
997 3388 1247 3490 disquisitione

167 3516 213 3589 ad
244 3528 407 3586 veterum
428 3510 576 3586 Patrum
606 3488 737 3610 scripta
759 3538 944 3589 recurrere
964 3530 1002 3589 et
1021 3519 1161 3592 codices
1190 3547 1247 3596 re·

169 3642 317 3716 volvere
347 3640 647 3736 Evangeliorum3
675 3656 730 3726 et,
758 3665 851 3740 quae
880 3667 899 3715 a
929 3647 1250 3741 transcriptoribus

167 3770 334 3842 codicum
364 3769 484 3842 addita
514 3769 682 3842 videntur
711 3768 765 3843 vel
794 3783 958 3855 mutata,
987 3773 1030 3844 ad
1060 3775 1248 3870 pristinam

168 3918 343 3971 revocare
372 3894 577 3968 lectionem.

278 4019 342 4094 His
372 4022 603 4117 praemissio,
632 4025 666 4097 in
697 4024 853 4096 medium
893 4025 1122 4121 proferantur
1156 4034 1251 4130 ipso·

169 4174 254 4225 rum
273 4149 420 4224 Patroni
442 4153 581 4237 dicta,a
597 4153 728 4249 quibus
749 4153 815 4227 hoc
832 4152 925 4226 idem
946 4177 1085 4251 commo
1108 4163 1253 4252 citatur,
