2886 4784
68 3347 116 3370 Q

131 452 330 531 exponendis
348 455 400 518 vel
422 454 620 534 applicandis
642 454 884 519 haereticorum
908 457 1088 531 doctrinae,
1105 459 1160 520 ubi
1175 459 1250 520 isto-

129 570 209 616 rum
229 554 436 618 concordiam
458 574 533 619 cum
555 557 625 618 aliis
641 558 787 636 reperire
805 561 944 636 putavit,
964 559 1055 621 valde
1068 560 1184 623 illusus
1197 568 1247 622 est

126 663 166 716 et
189 656 365 718 universim
388 657 545 735 genuinae
567 675 678 720 rernm
701 659 855 721 historiae
877 661 1039 722 mentitus.

217 754 403 819 Artificinm
421 774 499 818 vero
514 756 676 841 Anonymi
697 758 729 819 in
752 759 812 824 hoc
833 756 943 839 Opere
961 760 1047 822 hand
1064 761 1170 822 niinus
1183 760 1249 820 sni·

133 852 406 916 madvertendnm
430 865 496 918 est:
520 844 639 937 qnippe
662 859 717 937 qui
741 876 803 921 non
818 860 925 921 solum
942 876 1057 937 magno
1075 862 1250 923 verborum

127 962 308 1033 apparatu,
322 954 446 1018 crebris
461 955 727 1020 obtestationibus
750 976 785 1020 se
809 960 855 1021 ait
876 976 1020 1037 pugnare
1040 963 1252 1038 proceritate
1273 1039 1276 1043 ⁴

133 1055 207 1128 sed,
230 1060 264 1118 ct
283 1055 371 1134 quod
388 1057 591 1135 potissimum
609 1067 670 1132 est,
694 1067 731 1122 nt
751 1058 944 1138 simplicium
966 1060 1089 1122 animos
1110 1077 1252 1140 aucupe·

133 1166 215 1230 tur,
237 1156 355 1236 suique
375 1176 488 1220 sensus
512 1158 574 1221 lide
598 1168 794 1237 reputentur
814 1160 913 1238 digni,
936 1160 1059 1238 inquit,
1085 1178 1146 1222 uon
1170 1163 1252 1239 seip-

129 1275 207 1320 sum
232 1257 387 1321 retellere
408 1275 509 1337 prava
535 1260 775 1323 haereticorum
805 1260 976 1338 dogmata,
1009 1262 1063 1322 sed
1095 1260 1250 1340 Spiritum

126 1357 290 1421 &netum
316 1376 375 1438 per
404 1357 582 1423 Ecclesiam
617 1360 788 1424 effusums‘
812 1379 911 1440 quem
946 1365 1070 1439 priores
1102 1357 1251 1441 Apostoli

118 1458 254 1538 adepti,
279 1460 428 1522 eumdem
451 1469 539 1524 recta
563 1460 624 1522 fide
646 1462 798 1540 praeditis
819 1463 1037 1539 impertinere.
1061 1483 1077 1521 a
1101 1461 1251 1538 Quorum

122 1577 201 1634 uos,
226 1558 328 1635 addit,
356 1579 560 1624 successores
583 1563 671 1637 lacti,
695 1571 727 1625 et
747 1564 818 1643 ejus
833 1563 907 1624 doni
924 1573 1102 1638 consortes,
1122 1567 1253 1628 summi·

118 1677 196 1737 qua
220 1660 394 1728 sacerdotii
415 1669 448 1723 et
469 1661 635 1724 doctrinae
657 1670 689 1726 et
713 1662 875 1727 Ecclesiae
897 1664 1047 1727 custodes
1069 1665 1195 1740 habiti,
1219 1685 1253 1728 o·
1335 1726 1341 1738 ,

116 1760 208 1823 culo
229 1777 295 1822 non
321 1764 544 1836 connivemus,
560 1779 619 1825 uec
634 1762 737 1824 ullam
753 1766 920 1841 proposito
935 1766 1162 1826 inservientem
1176 1783 1253 1844 sup·

119 1862 259 1940 primus
283 1863 461 1926 orationem
490 1871 553 1926 etc.
577 1881 593 1919 s
617 1862 737 1942 inqua
765 1865 965 1943 professione
989 1883 1016 1927 s.
1042 1862 1165 1927 irenaei
1192 1866 1251 1929 sihi

119 1961 290 2025 adscribit
309 1980 439 2027 sacrum
466 1962 680 2025 ministerium
701 1969 733 2026 et
753 1962 897 2025 studium
922 1963 954 2024 in
982 1964 1153 2027 haereticis
1178 1982 1253 2041 pro·

111 2059 288 2141 ilipandis.
305 2060 411 2138 Quem
431 2074 510 2126 sans
530 2081 556 2125 s.
582 2060 781 2141 Epiphanius
799 2058 1016 2125 vocal'virum
1037 2065 1168 2124 omnino
1181 2063 1252 2142 Spi-

118 2161 214 2224 ritus
236 2161 344 2225 Sancti
364 2162 458 2225 donis
480 2163 777 2237 instructissimum,
800 2178 839 2223 ac
860 2161 1055 2224 coelestibus
1080 2179 1250 2225 ornamen-

124 2264 184 2337 tis,
209 2261 436 2340 apostolorum
457 2278 689 2336 successorem,
711 2262 749 2324 ad
774 2269 938 2325 certamen
960 2268 1170 2337 perunctum,
1194 2265 1251 2339 qni

117 2363 282 2426 sincerae
310 2362 383 2424 fidei
415 2381 454 2424 ac
484 2363 637 2426 scientiae
669 2363 857 2443 praesidiis,
880 2362 986 2422 omnia
1010 2362 1251 2425 haereticorum

124 2462 315 2540 prostravit
335 2468 367 2524 et
387 2466 507 2525 evertit
529 2462 706 2525 mendacia.
731 2462 830 2525 liner.
853 2459 970 2523 XXlV.
992 2458 1022 2524 8.

215 2561 372 2637 Quamvis
387 2571 498 2626 nutem
514 2582 540 2625 s.
559 2561 712 2626 lrsnaeus
734 2564 765 2625 in
784 2563 845 2625 tine
868 2561 954 2624 Libri
980 2561 1003 2624 l.
1020 2563 1124 2625 dicat:
1142 2584 1159 2621 a
1177 2562 1250 2627 Jam

119 2663 215 2726 enim
229 2680 293 2724 non
309 2663 418 2725 multis
440 2683 522 2742 opus
543 2665 604 2725 erit
626 2664 828 2726 sermonibus
843 2663 882 2724 ad
899 2664 1107 2726 evertendam
1129 2664 1251 2727 doctri·

120 2779 204 2829 nam
224 2780 355 2837 eornm,
378 2764 579 2825 manifestam
601 2764 750 2826 omnibus
771 2762 914 2826 iactam:
939 2781 955 2821 v
979 2765 1187 2826 nihilominus
1208 2762 1249 2825 ab

122 2862 229 2925 initio
256 2860 345 2923 Libri
367 2861 410 2925 ll.
434 2862 565 2925 subdit:
589 2882 606 2920 «
632 2863 665 2924 ln
691 2864 754 2924 hoc
783 2872 891 2925 antem
918 2863 1003 2926 libro
1028 2866 1248 2937 instruemus,

123 2980 218 3042 quae
239 2962 331 3027 nobis
352 2969 425 3040 apta
448 2969 539 3037 suut,
561 2969 595 3024 et
615 2980 700 3041 quae
721 2964 879 3040 permittit
903 2971 1028 3042 tempus
1035 2983 1048 3042 3
1071 2972 1104 3026 et
1124 2972 1250 3026 everte·

121 3082 203 3126 snus
226 3079 417 3141 permagna
439 3063 582 3141 capitula
604 3080 732 3124 ornnem
754 3063 899 3141 ipsorum
919 3064 1080 3142 regulam.
1097 3062 1248 3141 Quapro-

119 3170 205 3242 pter
225 3161 307 3242 qais
332 3159 375 3224 sit
399 3160 526 3224 detectio
546 3170 574 3224 et
593 3161 711 3224 eversio
738 3160 911 3224 sententiae
938 3161 1103 3240 ipsorum,
1133 3160 1250 3238 Operis

119 3248 230 3344 hujus
255 3263 523 3342 conscriptionem
545 3265 590 3326 ita
612 3264 828 3328 titulavimus.
853 3261 936 3324 »Et
964 3263 1026 3326 hoc
1054 3262 1248 3341 amplissime
1285 3317 1288 3322 ,

122 3364 269 3442 perlecit
288 3364 320 3424 in
339 3362 549 3441 sequentibus
569 3363 674 3425 libris.
691 3361 835 3441 ideoque
852 3363 914 3424 hoc
931 3360 1027 3424 titulo
1044 3378 1142 3426 sunm
1158 3358 1249 3440 Opus

115 3465 291 3526 adornans
311 3481 338 3527 s.
363 3461 516 3526 lrsnaeus
538 3481 601 3526 non
623 3466 775 3526 mentitus
801 3470 859 3526 est.
892 3462 1049 3526 Mentitus
1070 3467 1119 3524 est
1140 3469 1250 3524 autam

124 3563 335 3646 Anonymus,
357 3565 413 3642 qui
436 3564 548 3627 eodem
572 3565 669 3627 titulo
691 3581 883 3644 nuncupans
901 3565 1001 3627 libros
1019 3582 1109 3637 snos,
1125 3580 1163 3626 nc
1177 3563 1251 3642 pln-

127 3683 167 3725 ra
190 3682 233 3726 ex
254 3681 281 3727 s.
302 3661 468 3742 Episcopo
488 3663 528 3725 ad
550 3664 693 3726 litteram
717 3664 913 3739 describens,
930 3671 1045 3726 cuncta
1070 3671 1174 3724 tamen
1196 3680 1250 3740 pe·

127 3768 218 3827 uitus
236 3765 481 3843 praetermisit,
502 3783 587 3844 quoe
609 3767 789 3828 necessaria
814 3773 907 3828 erant
929 3772 998 3828 tum
1019 3771 1154 3827 exactae
1175 3763 1250 3822 hao-

124 3866 310 3929 reticornm
332 3866 518 3943 dogmatum
541 3866 730 3942 cognitioni,
749 3872 815 3927 turo
836 3865 1025 3926 eorumdem
1050 3860 1247 3924 refutationi.
