2886 4784
159 324 179 394 i

238 428 369 491 Interim
399 447 493 491 uerno
523 431 665 503 nesciat,
698 446 748 490 mc
778 432 808 490 in
838 429 897 490 bac
927 427 1124 515 discussione
1155 430 1284 508 (omis

156 533 199 593 ris
221 533 336 594 ceteris
358 531 396 593 de
418 532 521 592 anima
545 533 786 612 quaestionibus
810 542 884 594 tuno
907 535 937 592 in
963 532 1103 597 Ecclesia
1122 538 1279 612 agitatis)

159 634 317 695 adversus
341 631 547 710 Freppelium
569 635 763 696 contendere
785 636 949 714 speciatim
972 635 1013 695 ob
1028 655 1078 710 ea,
1096 639 1184 715 qaae
1200 638 1280 698 scri·

160 736 207 796 bit
228 736 267 797 de
289 735 437 812 Origeuis
459 737 677 797 convenientia
700 756 773 798 cum
801 737 933 797 Pleione
957 738 1063 815 quoad
1092 741 1282 799 animarum

162 837 355 914 corporibus
377 837 678 912 praeexistentiam,
694 856 873 914 earumque
896 838 1016 898 liberos
1037 848 1129 899 actus
1151 841 1283 900 exerci-

163 949 210 1001 tos
225 941 415 1020 priusquam
438 939 467 998 iu
490 956 627 1021 corpora
646 940 799 1000 venirent.
818 935 929 1013 Quare
946 939 1044 1017 paulo
1065 946 1140 1000 aute
1157 957 1190 1017 p.
1208 936 1282 1008 403.

161 1043 384 1120 praemiserat:
405 1035 439 1100 Si
455 1040 498 1100 les
520 1039 653 1100 nomme
675 1038 818 1102 naissens
839 1040 920 1101 dens
941 1040 996 1099 des
1015 1036 1203 1100 conditione
1217 1038 1284 1102 inc·

161 1142 263 1226 pales,
281 1141 359 1203 r'est
380 1140 485 1219 qu’ils
507 1150 562 1203 ont
582 1141 689 1203 merite*
709 1142 777 1204 leur
798 1152 865 1204 sort
897 1158 964 1219 por
983 1141 1026 1202 ies
1057 1149 1140 1203 actes
1174 1142 1207 1202 d’
1221 1161 1284 1204 aar

162 1244 210 1308 ric
231 1242 408 1306 ontbirttrr
428 1248 448 1304 ti
469 1244 583 1306 celleri.
609 1244 712 1306 Paulo
734 1254 804 1324 post
827 1264 897 1325 pag.
919 1241 990 1314 too.
1016 1240 1108 1306 C'eat
1127 1263 1200 1306 anx
1213 1263 1285 1306 oeu-

162 1364 231 1407 eres
251 1345 440 1425 ooeomplica
461 1348 622 1409 deusone
643 1344 692 1408 oie
712 1346 889 1410 unterieure
910 1352 931 1408 d
952 1345 1077 1422 celleri,
1106 1365 1166 1425 pur
1203 1365 1286 1410 nour

163 1448 277 1509 decons
298 1448 421 1511 cbocun
442 1458 528 1511 notre
549 1448 712 1512 condition
729 1455 880 1530 presente.
902 1449 942 1512 Et
958 1451 999 1510 ita
1018 1457 1133 1526 putans
1152 1447 1286 1512 Auctor

166 1553 271 1629 pergit
292 1551 323 1611 in
343 1569 402 1612 sua
427 1553 505 1613 tbesi
529 1553 722 1630 platonicam
738 1551 886 1631 Origeuis
901 1549 1078 1627 corripiens
1094 1548 1288 1627 opinionem

168 1650 209 1711 de
228 1651 410 1712 animarum
434 1654 694 1728 praeexistentia.

209 1812 212 1816 ,
248 1747 304 1811 llis
326 1754 463 1825 notatis,
496 1753 648 1832 iucipiens
669 1771 710 1814 ex
733 1770 803 1830 cap.
827 1750 881 1814 tx.
907 1750 993 1814 Libri
1019 1746 1059 1811 ll.
1086 1747 1287 1813 Prriorcbotr

168 1852 246 1931 (ubi
267 1871 309 1913 ex
331 1861 440 1916 textus
462 1856 568 1930 graeci
590 1852 720 1915 deiectu
743 1855 896 1915 nonnulla
929 1854 1070 1915 obscura
1104 1853 1287 1928 ridentur)

169 1969 250 2031 rogo
270 1970 351 2030 egos
374 1972 439 2032 quo
464 1954 562 2014 tendit
583 1953 732 2033 Origeuis
753 1953 937 2018 discussio?
959 1952 1122 2032 Loquitur
1136 1970 1179 2015 ne
1195 1972 1290 2016 rere·

170 2069 206 2115 ra
229 2053 267 2115 de
288 2055 469 2115 animarum
488 2055 747 2132 praeexistentia,
766 2057 816 2116 vel
833 2057 938 2135 potios
960 2057 1000 2117 de
1023 2054 1079 2117 Dei
1103 2058 1289 2134 praeseien-

171 2155 212 2216 tia
234 2161 267 2216 et
290 2154 362 2216 binc
384 2154 423 2215 de
444 2171 501 2217 soa
526 2155 751 2234 providentia?
771 2156 927 2235 Origenes
948 2159 980 2218 in
1002 2156 1192 2237 praemissis
1212 2173 1291 2218 eoo·

172 2266 221 2318 tra
243 2255 450 2316 marcionitas
473 2255 717 2331 valentinianos,
741 2266 772 2318 et
795 2257 998 2318 basilidianos
1030 2258 1125 2319 docet
1157 2267 1289 2320 creatu·

170 2373 223 2418 ras
244 2355 418 2416 rationales
440 2357 600 2435 angelicas
621 2359 746 2420 arbitrii
770 2357 924 2419 laenitate
946 2376 963 2418 a
987 2355 1054 2419 ileo
1078 2358 1219 2420 donatas
1239 2377 1289 2419 es·

171 2474 228 2531 se,
252 2456 337 2517 uude
359 2475 471 2519 earum
493 2459 652 2536 quaedam
674 2460 713 2519 ad
736 2459 855 2520 bonum
879 2467 1052 2537 provectae
1076 2469 1179 2532 sunt,
1205 2460 1289 2521 aliae

172 2558 212 2619 ad
235 2558 356 2619 malum
380 2560 603 2638 declinaruu13
626 2571 662 2622 ut
684 2562 755 2622 iude
778 2562 916 2621 deducat
945 2561 1019 2638 quid
1044 2560 1227 2637 putandum
1248 2561 1288 2621 sit

173 2658 214 2721 de
235 2659 363 2720 bomine
385 2661 533 2721 rationali
557 2661 658 2722 relate
680 2661 719 2721 ad
742 2679 837 2722 suum
860 2665 891 2722 iu
916 2663 976 2723 boc
999 2661 1119 2720 mundo
1148 2661 1286 2721 liberum

172 2767 293 2823 statum
315 2767 347 2821 et
368 2762 469 2822 relate
491 2761 529 2821 ad
553 2763 680 2822 eosdem
703 2762 856 2840 angelos:
882 2783 896 2820 a
920 2761 962 2823 Et
984 2763 1064 2823 baec
1085 2762 1159 2837 (ait
1180 2781 1211 2822 o.
1232 2759 1286 2839 dt

172 2862 280 2924 estitit
301 2880 411 2935 causa,
433 2865 518 2924 siout
540 2873 631 2924 autea
655 2874 685 2924 et
704 2864 771 2943 jam
793 2865 958 2936 diximus,
981 2864 1179 2924 diversitatis
1206 2864 1284 2924 iuter

174 2964 348 3025 rationales
369 2973 549 3041 creaturas,
573 2983 635 3027 non
657 2984 698 3026 ex
721 2966 894 3027 conditoris
929 2965 1096 3026 voluntate
1122 2967 1175 3026 vel
1203 2964 1282 3045 judi·

173 3065 238 3139 aio,
260 3067 416 3143 originem
440 3067 580 3140 trabeas,
603 3066 656 3127 sed
682 3069 832 3146 propriae
853 3067 1011 3127 libertatis
1033 3067 1183 3148 arbitrio.
1203 3067 1281 3128 lleus

178 3184 270 3242 roro,
293 3168 345 3228 oui
365 3167 431 3246 jam
454 3176 639 3229 creaturam
654 3185 745 3230 suam
762 3186 820 3248 pro
836 3169 952 3229 merito
967 3169 1152 3245 dispensare
1163 3166 1280 3248 justum

177 3268 374 3345 ridebatur,
398 3270 599 3330 diversitates
620 3271 775 3331 mentium
798 3271 828 3329 iu
852 3272 946 3331 ouius
979 3270 1088 3330 mundi
1112 3285 1280 3330 consonar-

177 3371 400 3432 tiamtraxit:
422 3387 491 3448 quo
505 3370 604 3432 uelut
626 3387 722 3431 unam
745 3370 877 3431 domum
900 3373 909 3445 t
922 3370 953 3430 io
975 3388 1039 3446 qua
1070 3370 1175 3431 inesse
1197 3367 1282 3430 debe·

176 3477 251 3532 rent
270 3487 332 3532 uon
352 3471 459 3532 solum
483 3486 557 3532 vasa
580 3488 679 3530 aurea
703 3479 735 3531 et
756 3481 921 3549 argentea,
944 3473 997 3532 scd
1021 3479 1052 3531 et
1073 3470 1180 3548 lignea
1204 3479 1234 3532 et
1252 3466 1282 3527 b·

177 3570 278 3646 utilia,
301 3580 332 3630 et
354 3570 415 3629 alia
437 3572 567 3649 quidem
590 3573 627 3631 ad
652 3574 819 3643 bonorem,
842 3574 904 3633 alia
927 3582 1035 3633 autem
1058 3571 1097 3630 ad
1121 3580 1283 3633 coutume-

174 3671 275 3741 liam)
296 3691 338 3734 ex
359 3673 425 3733 istis
447 3673 580 3733 diversis
604 3675 684 3734 rasis
710 3674 759 3733 vel
783 3676 918 3747 animis,
944 3674 993 3734 vel
1015 3673 1179 3734 mentibus
1200 3689 1286 3735 orna·

179 3779 247 3834 retr
271 3780 301 3834 et
325 3775 381 3833 bas
404 3791 529 3847 causas,
554 3782 587 3835 ut
612 3775 766 3848 arbitror,
785 3777 924 3836 mundus
946 3776 1003 3834 iste
1025 3791 1104 3834 suae
1125 3775 1287 3836 diversita-

177 3874 219 3935 tis
238 3877 360 3953 accepit
373 3895 383 3950 ;
406 3875 482 3937 dum
506 3886 773 3955 unumquemque
796 3877 900 3937 divina
926 3874 1129 3954 providentia
1155 3894 1216 3955 pro
1240 3891 1287 3934 ra·

179 3974 293 4035 rietate
315 3980 464 4037 motuum
485 3993 635 4050 suorum,
660 3977 709 4036 vel
732 3977 914 4037 animorum
932 3975 1160 4054 propositique
1174 3975 1292 4054 dispeo

178 4086 238 4135 sat.
262 4071 332 4149 Qua
356 4078 480 4139 ratione
503 4096 607 4156 neque
630 4077 767 4140 Creator
789 4079 928 4157 injustus
951 4077 1127 4151 videbitur,
1150 4096 1229 4140 cum
1248 4095 1293 4139 ae·

180 4175 320 4237 cundum
344 4177 570 4253 praecedentes
592 4195 704 4240 causas
728 4196 787 4256 pro
811 4179 925 4239 merito
949 4194 1225 4258 unumquemque
1250 4177 1292 4249 di·
