2886 4784
492 466 494 471 ,
613 412 752 484 catut
775 413 863 479 Vlll.

596 617 628 683 S.
651 617 871 700 Hieronymus.

174 868 230 991 In
250 928 395 1009 quatuor
413 925 493 990 loeis
514 927 645 1006 speciali
675 925 895 1007 disquisitione
919 945 945 990 s.
969 924 1092 989 Doctor
1124 925 1287 1004 quaestio·

177 1046 250 1092 nem
273 1029 397 1108 egilde
417 1027 550 1108 nuptiis,
572 1031 604 1091 in
628 1027 727 1091 Libro
748 1039 859 1089 eontra
882 1026 1104 1102 loriniannm,
1120 1027 1151 1087 in
1172 1029 1291 1104 episto·
1377 1032 1380 1037 '

175 1130 208 1192 la
232 1128 271 1192 ad
294 1129 473 1205 Oceanum,
497 1130 527 1192 in
552 1129 655 1193 altera
677 1128 716 1191 ad
740 1129 922 1193 Amandum
944 1137 976 1192 et
997 1130 1229 1191 commentario
1257 1131 1291 1192 iu

172 1227 391 1295 Matthaeum.
415 1227 534 1295 Contra
556 1229 763 1295 desinianum
786 1230 825 1292 de
847 1231 908 1291 boo
929 1230 1068 1304 disserit,
1084 1230 1180 1290 simul
1214 1247 1290 1290 onu-

174 1339 326 1404 uertens,
340 1347 426 1409 quse
448 1338 602 1394 notantur
623 1331 822 1410 potissimum
845 1347 861 1389 a
885 1327 1091 1392 Mattbaooo.
1109 1327 1195 1392 XlX.
1211 1347 1289 1391 oum

170 1430 324 1510 Apostoli
356 1432 522 1494 doctrina:
553 1431 640 1511 quod
674 1433 850 1495 maximnm
872 1437 920 1492 est
942 1431 973 1491 in
996 1431 1055 1492 bae
1084 1431 1285 1510 quaestione.
1333 1500 1339 1510 ⁸

170 1529 237 1596 {lbi
259 1532 344 1595 alter
364 1531 500 1595 alterins
520 1551 648 1596 sensnm
670 1532 825 1611 explicat,
843 1531 1041 1610 roboratque
1053 1552 1065 1611 3
1089 1538 1121 1595 et
1144 1533 1198 1594 ubi
1214 1531 1289 1593 bine

172 1634 249 1697 inde
270 1652 332 1696 noa
356 1653 396 1698 ex
423 1635 522 1697 latino
545 1643 660 1710 textu,
681 1636 735 1696 sed
766 1653 807 1696 ex
840 1651 957 1711 graeco
988 1634 1121 1696 illorum
1154 1635 1289 1711 exponit

171 1735 274 1809 dicta,
294 1744 330 1799 ιιι
353 1735 500 1800 ostendat
521 1738 637 1817 quavis
660 1736 698 1797 de
719 1753 815 1799 nausa
840 1735 984 1812 nuptiale
1004 1734 1169 1797 vinculum
1192 1735 1290 1795 babe-

171 1837 200 1898 ri
223 1837 405 1899 insolubile.
429 1836 465 1900 lu
486 1856 518 1900 n.
540 1837 571 1903 7.
595 1857 638 1901 ex
661 1836 840 1918 apostate:
875 1854 960 1898 eonor
985 1834 1114 1916 proprii
1142 1834 1287 1915 eorporis

164 1946 347 2018 potestatem
367 1957 433 2001 non
453 1939 543 2004 tates
563 1948 625 2003 eto.
648 1940 771 2019 inquito
797 1939 946 2002 «Omnis
968 1940 1048 2001 bueo
1078 1942 1225 2019 quaestio
1247 1939 1287 2000 do

169 2041 223 2101 bis
243 2046 304 2113 est,
322 2041 377 2119 qni
401 2042 431 2101 in
455 2039 661 2103 resatrimonio
673 2041 778 2121 J‘uneti
801 2047 896 2117 sunt;
920 2057 959 2100 an
981 2041 1025 2102 eis
1046 2039 1143 2102 liceat
1164 2056 1286 2102 uxores

170 2142 349 2217 dimittere,
368 2141 453 2222 quod
476 2149 508 2204 et
530 2141 684 2206 Dominus
705 2142 736 2203 in
750 2140 929 2221 Evangelio
951 2141 1126 2221 prohibuit.
1143 2137 1287 2204 Unde'et

171 2242 371 2322 Apostolus:
393 2243 509 2305 boreum
530 2251 574 2304 est
594 2243 639 2304 ait
660 2240 821 2304 mulierem
843 2261 907 2305 non
922 2250 1060 2322 torpere.
1076 2242 1136 2306 Sed
1160 2244 1217 2321 qui
1237 2260 1287 2305 se·

166 2335 235 2406 'mel
257 2345 351 2407 duxit
374 2363 524 2418 uxorem,
542 2345 600 2405 nisi
622 2363 662 2406 ox
685 2362 855 2417 consensu,
871 2361 905 2405 se
927 2361 988 2405 non
1004 2343 1089 2405 valet
1108 2342 1281 2418 abstinero,

166 2461 230 2509 neo
250 2446 330 2507 dare
352 2446 522 2524 repudium
547 2464 608 2506 non
631 2446 785 2524 peccanti,
804 2445 917 2506 reddat
939 2443 1069 2525 conjugi
1091 2444 1281 2506 debitum.»

163 2570 181 2581 0
253 2545 374 2608 Deinde
396 2549 426 2608 in
450 2565 478 2607 u.
501 2543 550 2610 tt.
574 2564 614 2620 ex
637 2564 664 2608 o.
688 2546 776 2610 XlX.
800 2542 955 2611 Matthaei
987 2547 1110 2626 inquit:
1134 2566 1152 2604 r
1173 2543 1284 2606 Domi·

167 2663 230 2709 nus
253 2654 391 2708 tentatus
413 2665 429 2705 a
453 2647 653 2725 pharisaeis,
675 2657 786 2711 utrum
815 2647 992 2712 seeundum
1024 2649 1129 2726 legem
1157 2644 1280 2728 Moysis
1365 2665 1368 2672 ·

166 2766 291 2811 uxores
312 2748 425 2811 liceret
447 2747 630 2822 dimittere,
654 2751 783 2810 omnino
813 2749 882 2811 lieri
915 2749 1090 2829 probibuit.
1116 2745 1211 2824 Quod
1233 2748 1282 2808 di-

165 2848 283 2928 scipuli
305 2848 542 2911 considerantes
563 2848 716 2911 dixerunt
737 2850 786 2912 eir
808 2847 839 2913 ei
859 2848 933 2911 tolie
953 2858 999 2910 est
1018 2867 1117 2911 ooeeo
1143 2846 1279 2910 dominic

166 2968 239 3012 oum
262 2968 383 3026 onore,
411 2966 476 3011 note
507 2948 631 3029 expedit
657 2951 778 3013 nudor·
800 2949 943 3023 »litim
967 2950 1115 3014 absolute
1134 2957 1279 3013 statuens

167 3071 211 3114 ex
233 3048 400 3113 Mottbaeo
423 3050 595 3112 uinculum'
611 3050 764 3131 conjugii,
782 3052 896 3114 transit
917 3050 988 3114 inde
1009 3059 1042 3115 et
1061 3047 1209 3113 altresi
1231 3049 1279 3110 al·

164 3153 285 3231 ligatus
306 3170 340 3214 es
361 3151 483 3224 uxori,
505 3168 545 3214 ne
566 3150 621 3214 des
643 3152 690 3212 illi
714 3151 897 3232 repudium.
919 3151 952 3216 Si
974 3153 1102 3216 solutus
1132 3169 1204 3214 snm
1236 3150 1277 3212 ab

165 3271 287 3327 eruore,
311 3270 373 3312 non
396 3269 550 3330 quaeram
573 3270 723 3316 uxorem.
746 3251 788 3318 Ut
809 3273 868 3335 ego
890 3273 953 3318 non
982 3253 1076 3317 solvo
1103 3251 1276 3334 conjugia,

162 3359 189 3419 si
213 3355 313 3418 semel
334 3355 431 3434 ligata
451 3364 525 3417 sunt
537 3374 549 3435 3
571 3356 614 3417 ita
639 3363 674 3420 tu
696 3375 757 3420 non
780 3357 879 3438 liges,
901 3356 989 3438 quod
1011 3354 1155 3420 solutum
1177 3360 1235 3417 est.
1257 3372 1274 3412 ιι

247 3454 350 3519 Paulo
373 3465 443 3537 post
465 3457 495 3517 in
518 3475 547 3518 n.
570 3455 621 3523 18.
646 3461 763 3540 repetit
786 3467 819 3522 et
844 3459 1019 3538 explanat,
1051 3474 1135 3536 quae
1165 3454 1278 3518 doeutt

161 3557 264 3621 lesus
283 3557 314 3619 in
337 3557 483 3636 praelato
499 3577 526 3621 o.
543 3556 629 3621 xtx.
647 3557 768 3624 «Siout
789 3579 864 3624 esus
884 3565 1030 3624 carisium
1052 3577 1114 3622 non
1136 3557 1276 3620 dabatur

162 3666 238 3722 ante
261 3658 444 3734 dilnvium,
469 3661 510 3721 ita
533 3661 705 3740 repudium
728 3662 820 3742 juxta
844 3663 1011 3743 eloquium
1034 3660 1211 3726 salvatoris
1232 3659 1273 3721 ab

160 3758 253 3820 initio
275 3775 337 3821 non
358 3757 517 3822 dabatur:
541 3760 594 3821 sed
619 3770 752 3841 propter
772 3762 924 3827 duritiem
954 3765 1060 3828 cordis
1092 3762 1193 3824 nostri
1216 3780 1274 3842 per

161 3859 311 3944 bloysom
341 3862 483 3925 hnmano
514 3864 623 3942 generi
654 3880 842 3928 eoncessum
864 3874 912 3928 est
934 3912 941 3929 .
967 3913 975 3931 .
1001 3914 1008 3929 .
1034 3911 1041 3926 .
1067 3865 1116 3926 Ab
1138 3861 1274 3926 exordio

159 3960 352 4025 conditionis
376 3962 534 4025 humanae
556 3981 614 4026 nec
634 3965 785 4030 carnibus
806 3968 1027 4043 vescebamur,
1044 3985 1100 4028 noo
1117 3964 1273 4028 dabamus

160 4065 335 4145 repudium
359 4110 366 4125 .
391 4110 398 4125 .
423 4108 430 4125 .
457 4065 629 4145 Postquam
652 4073 759 4130 autem
783 4066 930 4134 Christus
949 4073 1033 4132 veuit
1055 4069 1085 4129 in
1108 4066 1170 4129 line
1193 4073 1271 4129 tem·

158 4180 278 4242 porum
300 4175 331 4230 et
351 4187 376 4232 ω
398 4166 539 4232 resotrtt
554 4167 584 4231 in
598 4186 637 4234 ot:
653 4182 686 4236 ot
701 4170 939 4235 extremitatem
962 4169 1099 4234 retraxit
1119 4166 1157 4229 ad
1182 4167 1268 4248 pr'in2
