2886 4784
215 357 257 429 ll

214 457 450 523 misericordiae
467 455 584 538 pietate
614 454 722 520 babere
753 453 937 529 constitum
959 462 1086 519 tantors
1112 474 1169 518 seor
1199 456 1236 519 de
1261 453 1325 518 aoi-
1434 493 1443 510 e

215 577 381 623 aerearum
402 557 603 622 eeclesiarum
625 555 832 638 dispositione
851 565 880 620 et
896 575 975 638 pace
995 566 1128 621 et'statee
1148 575 1260 621 euram
1279 556 1325 619 lta·

212 661 282 724 bere
301 661 444 723 convenit
464 670 521 724 etc.
537 679 554 719 o
572 660 657 723 Alibi
679 661 754 720 item
778 659 870 722 dicit:
889 659 916 722 A
933 657 996 720 Deo
1011 668 1143 722 oseasss
1163 659 1209 720 cd
1226 655 1326 721 Catio

1424 561 1433 619 l

1425 672 1439 722 a

214 761 310 826 licam
329 763 497 843 regendam
530 760 717 825 Ecclesiam.
743 758 841 836 Quem
872 745 1038 824 conasticis
1067 760 1225 824 Dominus
1244 776 1331 840 sapa
1429 786 1430 810 t

210 860 373 944 [emiliam
395 881 497 928 scam.
521 863 697 929 Similiterr
725 859 784 924 cai
807 858 907 939 (Seds'
927 861 1150 942 Apostoliece)
1174 860 1259 924 Detss
1279 879 1329 922 nos
1440 894 1441 914 1

209 963 388 1045 praesidere
410 961 524 1027 oolae't.
548 963 621 1029 Non
643 966 687 1026 ita
709 982 784 1027 saue
810 963 974 1028 Ecclesiae
998 964 1187 1029 Catholicae
1217 962 1328 1027 illusis
1405 992 1441 1037 ,a

213 1074 263 1129 set
284 1063 431 1145 Vigilius,
455 1068 535 1145 quin
557 1066 670 1128 saltem
694 1066 815 1127 erroris
837 1067 888 1128 sui
910 1067 920 1142 l
933 1065 1037 1145 magni
1060 1083 1137 1128 saue
1158 1065 1328 1134 momeulit

213 1168 309 1230 sicuti
334 1177 364 1229 et
387 1166 618 1229 emendationis
640 1165 792 1228 iudicium
816 1166 949 1246 aliquod
973 1166 1151 1245 proderet,
1173 1167 1200 1228 si
1224 1180 1330 1244 reapse

216 1276 328 1329 contra
352 1265 510 1342 Canaces,
533 1283 571 1329 ac
594 1276 758 1329 tantorum
781 1266 944 1331 scelerum
971 1274 1087 1330 auctus
1110 1265 1201 1329 Petri
1222 1263 1329 1330 Galba

217 1370 309 1431 dram
331 1369 536 1431 ascendisset.

297 1469 367 1544 Ast,
392 1471 430 1544 si,
454 1478 491 1532 ut
513 1469 657 1548 vulgaris
677 1472 831 1532 sententia
855 1475 964 1546 tenet,
987 1469 1157 1533 dubitatur
1179 1468 1221 1532 de
1241 1486 1330 1531 cano·

220 1571 289 1633 nica
314 1570 458 1651 ejusdem
481 1569 660 1646 electione,
683 1573 832 1651 quamvis
854 1580 962 1651 postea
986 1579 1136 1651 putetur,
1159 1570 1330 1634 emendatis
1431 1603 1440 1621 .‚

216 1674 398 1747 erroribus,
421 1671 563 1750 legitime
583 1689 677 1736 sacro
699 1673 876 1737 ministerio
905 1673 1056 1751 iunctus3
1079 1689 1142 1736 uon
1163 1672 1329 1754 igucratur
1427 1703 1434 1722 ==

215 1792 348 1855 quoque
372 1772 504 1835 Petrum
526 1772 634 1836 adhuc
663 1773 858 1852 discipulum
881 1782 1059 1849 errantem,
1082 1789 1216 1854 negasse
1236 1766 1331 1852 blagi-

216 1886 322 1940 strum
353 1890 461 1939 suum.
485 1874 638 1937 Attamen
666 1876 774 1937 statim
797 1875 827 1936 in
848 1893 882 1938 se
905 1875 1030 1949 lactus,
1059 1892 1208 1938 errorem
1237 1869 1341 1939 suum

215 1976 381 2040 confessus
402 1982 462 2051 est,
479 1982 511 2039 et
527 1992 637 2038 amare
658 1973 757 2036 llevit.
775 1974 911 2054 vigilius
932 1993 1061 2038 emessa
1075 1975 1209 2052 dicitur,
1227 1975 1328 2042 Ponti·
1427 1999 1440 2033 n

217 2077 347 2141 beatum
370 2077 535 2153 ambiens,
557 2094 595 2140 ac
617 2086 709 2156 pacta
731 2077 888 2156 sacrilega
919 2077 1018 2139 iniens
1043 2094 1119 2139 oum
1148 2075 1324 2139 haereticis.

219 2177 438 2244 Nihilominus
460 2179 526 2258 ipsc
548 2176 662 2239 deinde
684 2177 715 2238 iu
737 2195 872 2256 persona
898 2176 984 2241 Petri
1007 2195 1120 2256 regens
1143 2175 1326 2252 Ecclesiam,
1437 2221 1439 2233 t

217 2297 275 2342 uec
298 2297 446 2342 errorem
468 2296 565 2342 suum
588 2277 753 2341 confessus
786 2287 857 2355 est,
880 2297 938 2342 nec
959 2297 1069 2341 amare
1089 2277 1189 2341 llerit.
1211 2276 1274 2342 Sed
1294 2295 1327 2341 ex
1388 2339 1390 2344 ,
1439 2321 1443 2332 ·

217 2381 354 2444 adverso
376 2361 408 2442 iu
429 2390 604 2459 conspectu
629 2381 727 2442 tutius
757 2381 844 2443 orbis
876 2397 995 2459 negans
1017 2398 1051 2442 se
1073 2379 1175 2442 luisse
1196 2379 1229 2442 iu
1249 2378 1327 2449 urile

216 2483 327 2545 ovium
357 2486 543 2556 intrusum,
574 2482 687 2544 asserit
714 2500 748 2554 se
775 2499 792 2543 a
815 2480 883 2544 Deo
912 2482 1161 2543 clementissimo
1184 2489 1326 2544 rucatun

218 2582 257 2644 ad
281 2582 452 2661 regendam
476 2580 654 2645 llcclesiam
677 2601 781 2646 suam.
807 2582 854 2645 hc
877 2583 1008 2660 insuper
1030 2600 1139 2649 curam
1163 2581 1325 2645 malevolis
1427 2618 1431 2629 „

216 2693 248 2748 ct
269 2685 546 2747 obtrectatoribus
570 2692 707 2748 testatur
728 2702 761 2748 se
780 2683 904 2765 jugiter
930 2684 1017 2746 Petri
1047 2685 1187 2748 tenuisse
1216 2683 1324 2756 ladem,

218 2793 251 2848 et
273 2803 437 2865 uunquam
460 2784 500 2846 ab
521 2803 557 2846 ea
581 2785 745 2849 deiecisse.

176 2939 178 2942 ,
271 2923 272 2926 =
300 2884 357 2948 llis
379 2887 488 2967 itaque
510 2888 663 2968 limpidis,
682 2888 826 2966 genuinis
847 2895 879 2950 et
900 2890 1044 2968 ingenuis
1067 2886 1175 2968 Vigilii
1199 2891 1323 2953 robora·
1428 2924 1442 2935 „

221 2995 272 3048 tus
294 2985 579 3064 declarationibus,
601 3007 661 3051 suo
683 2989 757 3051 luco
779 2989 965 3068 singillatim
987 2990 1156 3064 discussis,
1179 2993 1258 3054 sutis
1282 3005 1324 3051 mc
1432 3021 1434 3025 v

154 3086 159 3100 “
223 3087 335 3152 iecisse
356 3091 561 3165 existimavi,
587 3102 621 3152 ut
645 3090 834 3152 heterodoxi
857 3096 889 3152 et
909 3092 1087 3154 orthodoxi
1114 3092 1174 3153 sibl
1204 3107 1324 3171 persua
1436 3120 1437 3141 t

222 3181 347 3264 darent,
367 3209 464 3270 quam
487 3193 649 3254 immerito
670 3209 687 3251 e
711 3191 941 3256 tractatoribus
958 3191 1121 3255 Historiae
1141 3189 1325 3256 ecclesiasti·
1440 3225 1441 3249 t

217 3310 275 3357 cae
296 3302 469 3372 correptus
489 3295 530 3355 sit
552 3291 725 3368 Pontifex,
750 3302 819 3356 tum
844 3294 886 3357 ob
918 3303 1159 3373 praesumptam
1181 3296 1324 3358 intrusio·
1431 3296 1439 3343 t

217 3412 313 3469 uem,
338 3406 406 3458 tum
429 3396 470 3457 ob
491 3396 621 3473 impiam
654 3392 845 3459 Theodorac
875 3405 909 3460 et
935 3396 1119 3461 Justtntaoo
1143 3399 1323 3476 praestitam
1437 3420 1442 3449 t

218 3496 421 3574 sponsionem
442 3496 482 3558 de
496 3494 654 3558 abolenda
670 3493 799 3580 syuodo
814 3497 1080 3561 chalcedonensis
1097 3508 1130 3561 et
1145 3500 1220 3561 binc
1235 3515 1326 3579 quau·

220 3607 252 3660 tc
271 3596 347 3677 jure
369 3596 529 3660 huastasii
551 3606 584 3659 et
606 3598 772 3674 aliorum,
794 3598 834 3660 ab
857 3600 904 3662 bis
926 3601 1070 3663 uelaudis
1091 3602 1171 3663 actis
1193 3615 1326 3664 assereu-

190 3767 195 3775 g
218 3697 298 3757 tium
321 3694 474 3775 vigilium
499 3676 702 3776 auspicatbm
725 3717 794 3760 esse
818 3699 1056 3776 Pontificatum,
1080 3699 1255 3762 relutarim
1278 3717 1327 3763 au·
1435 3725 1436 3744 ¹

216 3798 414 3861 ctoritatem.
438 3797 578 3875 (Cunisr
599 3797 738 3861 Tamum
763 3798 816 3862 w.
841 3820 868 3862 c.
892 3799 988 3876 XX.)

297 3895 365 3975 Ego
388 3899 500 3978 utique
529 3918 603 3962 cum
630 3919 658 3961 c.
685 3900 824 3964 Censura
854 3899 941 3963 Libri
970 3901 1160 3994 pontificalis
1187 3901 1322 3967 auctori·
1438 3938 1442 3949 -

220 4000 277 4060 tati
294 3998 465 4062 detrahere
487 4002 621 4077 nollem,
639 4005 767 4082 quotics
784 4006 1027 4082 praestantioris
1046 4007 1253 4069 auctoritatis
1273 4017 1324 4066 uou
1440 4038 1443 4049 ·

219 4100 388 4163 obstarent
410 4102 603 4168 documenta
626 4106 722 4168 citata
745 4115 776 4168 et
798 4105 953 4182 discussa,
976 4125 1034 4170 uec
1056 4125 1157 4186 pauca
1180 4107 1236 4169 sed
1266 4104 1326 4184 plu·
1436 4125 1441 4141 i

223 4203 327 4266 rima:
352 4207 480 4284 quoties
502 4207 763 4272 circumstantiae
789 4210 820 4270 iu
851 4208 909 4271 illo
941 4211 1130 4290 expositae,
1154 4212 1223 4277 sive
1251 4219 1323 4288 quet
