2886 4784
153 475 233 522 rum
258 476 430 540 personam
453 477 578 539 gerens,
594 459 695 541 lingit,
715 462 766 524 rel
781 463 921 542 ignorat,
939 483 1013 530 num
1032 465 1111 525 bene
1131 464 1180 525 rel
1197 464 1282 524 male

159 565 220 645 ipsi
242 563 414 635 senserint,
431 581 548 625 eorum
568 581 691 638 sensus,
709 565 1019 646 quomodocumque
1037 567 1111 638 sint,
1132 566 1282 645 probans.

246 664 371 728 Deinde
393 667 424 726 in
445 684 516 746 cap.
540 663 763 729 Vl.'eamdem
788 676 905 731 tractat
926 668 965 730 de
986 670 1161 746 astrologia
1185 687 1284 746 quae·

158 771 298 833 ctionem
324 771 420 852 juxta
445 779 592 832 veterum
624 769 788 847 opiniones
810 778 841 833 et
864 772 1004 833 maxime
1036 772 1137 833 Arati.
1163 771 1210 833 lta
1238 783 1283 832 ta-

163 891 236 936 men
258 874 312 936 b'r'c
334 873 488 952 disputat,
511 873 603 951 quasi
626 874 767 951 primum
790 874 872 935 banc
894 874 989 933 modo
1012 875 1102 936 iniret
1121 876 1284 953 quaestio-

160 993 235 1036 nem
248 995 260 1052 3
284 991 358 1035 cnm
380 981 472 1035 antea
494 973 560 1034 late
582 972 755 1050 disputarit
776 974 815 1035 de
837 974 936 1053 hujus
957 975 1108 1036 scientiae
1133 979 1284 1048 vanitate,

165 1077 264 1137 variis
287 1076 441 1152 expositis
456 1073 697 1150 astrologorum
715 1075 931 1139 illusionibus.
951 1077 1000 1138 ab
1023 1078 1112 1137 initio
1129 1077 1203 1139 libri
1224 1074 1279 1137 tv.

166 1172 232 1251 (ll).
256 1193 285 1237 c.
310 1174 335 1235 l.
360 1192 390 1235 n.
413 1171 443 1235 2.
460 1175 515 1247 ait,
532 1192 566 1235 se
581 1174 738 1237 adversus
751 1194 805 1238 eos
821 1195 980 1255 pugnare,
996 1177 1165 1237 ostendeus
1182 1185 1283 1236 astro·

163 1273 284 1354 ioqicm
304 1271 388 1335 nibil
408 1292 483 1336 esec.
506 1275 661 1340 Similiter
676 1275 706 1336 in
721 1294 768 1339 cc.
789 1274 829 1338 ll.
843 1288 876 1338 et
890 1274 946 1338 lll.
968 1277 1043 1339 dicit
1061 1279 1199 1339 insanire
1213 1295 1281 1349 eos,
1333 1293 1334 1296 ’

163 1378 220 1455 qni
236 1384 402 1438 astrorum
425 1376 606 1438 nominibus
628 1378 766 1456 speciem
791 1386 822 1455 et
844 1386 992 1440 naturam
1009 1379 1175 1441 bominum
1196 1395 1282 1440 com·

163 1486 280 1559 parant
302 1478 463 1540 divinandi
486 1495 582 1539 causa
603 1477 749 1540 iuturam
764 1478 900 1539 illorum
924 1478 1149 1540 conditionem.
1164 1477 1280 1540 Postea

141 1611 144 1614 >
165 1581 196 1640 in
208 1598 258 1644 cc.
272 1577 326 1640 tv.
339 1588 371 1641 et
382 1576 421 1640 V.
436 1580 601 1661 interjecta
616 1580 803 1659 quaestione
815 1580 854 1641 de
867 1582 970 1659 magia
986 1580 1152 1642 verimode
1167 1599 1283 1642 excus-

162 1700 212 1753 sa,
233 1699 273 1743 ac
299 1681 566 1759 recapitulatione
588 1681 627 1743 de
649 1699 832 1760 persarum,
856 1681 1110 1754 chaldaeorum,
1134 1691 1165 1743 et
1187 1699 1282 1765 aegp-

161 1786 306 1862 ptinrnm
326 1783 499 1862 theologia,
515 1801 629 1863 rursus
644 1784 728 1844 idem
744 1783 877 1862 suscipit
892 1784 922 1844 in
938 1802 966 1845 c.
981 1781 1036 1845 vt.
1050 1792 1279 1862 argumentum

162 1883 203 1945 de
224 1882 421 1944 divinatione
444 1901 502 1963 per
522 1891 621 1958 astra,
637 1883 807 1945 ostendens
823 1885 1003 1947 haereticos
1019 1885 1134 1963 decipi,
1152 1895 1183 1948 et
1202 1885 1283 1948 alios

162 1985 315 2064 decipere
337 1985 379 2048 ob
401 1986 457 2047 bas
482 2003 577 2048 ranas
598 1986 852 2061 observationes,
875 2004 946 2048 curn
968 1985 1052 2048 nibil
1073 1985 1282 2067 buccsiqaifi·

162 2096 234 2148 cent
255 2084 371 2148 sidero.

244 2188 383 2265 insuper
403 2205 466 2248 non
482 2187 512 2248 iu
528 2187 589 2249 boc
610 2192 734 2250 tanturn
749 2187 931 2266 culpandus
943 2196 990 2251 est
1009 2189 1208 2270 Anonymus,
1226 2189 1281 2252 sed

164 2288 262 2352 etiam
294 2291 326 2353 in
355 2306 416 2364 eo,
445 2289 531 2369 quod
564 2297 708 2368 quatuor
737 2288 831 2350 libris
858 2288 1162 2368 Philosophumcnoa
1185 2291 1283 2352 titulo

163 2389 379 2468 nuncupatis,
403 2395 495 2450 extra
517 2394 623 2450 satum
646 2389 806 2466 digressus
832 2390 1005 2451 immiscuit
1036 2390 1277 2481 baereticorum

166 2491 342 2570 dogmata,
364 2491 419 2553 ubi
441 2508 504 2551 non
526 2498 597 2552 erat
618 2489 733 2564 locus,
756 2491 948 2569 etamplius
973 2491 1074 2552 Arato
1101 2501 1214 2569 poetae
1236 2493 1281 2553 in·

163 2593 310 2654 scribere
334 2593 420 2654 visus
452 2592 491 2652 ab
522 2591 592 2652 aliis
623 2591 817 2671 excogitata.
854 2592 881 2655 A
915 2591 1001 2654 Libri
1038 2593 1060 2654 l.
1095 2595 1184 2654 initio
1211 2595 1278 2655 ait:

166 2715 182 2752 a
204 2694 329 2756 nullam
354 2693 496 2755 tabulam
519 2711 647 2767 eorum,
671 2695 727 2773 qui
749 2695 833 2772 apud
852 2675 984 2773 graecos
1000 2695 1154 2757 celebrati
1174 2695 1279 2770 luere,

166 2794 428 2872 praetermittere
459 2801 599 2873 oportet.
624 2814 640 2850 »
664 2793 705 2855 Et
727 2792 861 2856 Librum
885 2792 922 2855 V.
945 2795 1116 2857 exordiens
1146 2795 1278 2858 subdit:

167 2917 184 2956 r
206 2895 361 2957 Arbitror
382 2896 525 2957 omnium
546 2876 814 2975 pbilosophorum
831 2896 915 2975 apud
933 2915 1064 2976 graecos
1080 2905 1111 2959 et
1128 2897 1281 2959 barbaros

168 2997 208 3058 de
229 2993 299 3058 Deo
322 3005 354 3059 et
375 2997 415 3059 de
438 2997 547 3059 mundi
570 2998 732 3060 creatione
749 2999 863 3077 placita
881 2999 1122 3077 diligentissime
1138 3001 1281 3076 exposite

171 3118 240 3162 esse
262 3099 294 3160 iu
316 3106 460 3178 quatuor
480 3099 573 3162 libris
595 3099 818 3179 superioribus
839 3107 901 3161 etc.
925 3119 941 3155 »
966 3100 1012 3161 bc
1044 3101 1190 3178 proiecto
1222 3101 1283 3162 boc

168 3203 331 3285 Anonymi
354 3220 472 3264 munus
485 3213 568 3278 erat,
592 3220 609 3263 a
632 3218 699 3282 quo
721 3198 844 3281 digredi
861 3219 923 3263 non
939 3201 1069 3276 licebat,
1085 3209 1215 3264 serrato
1231 3201 1282 3265 dc·

170 3303 411 3366 monstrationis
433 3302 556 3366 ordine.
1079 3354 1081 3359 ,

249 3405 402 3466 Attamen
424 3405 456 3465 in
477 3403 575 3466 Libro
599 3400 652 3466 tv.
676 3422 703 3466 c.
727 3401 782 3465 Vl.
806 3421 836 3465 n.
858 3399 889 3466 3.
911 3403 1089 3470 introducit
1105 3403 1283 3467 haereticos

171 3523 234 3567 una
256 3523 332 3568 cunr
354 3504 701 3584 brato'disquirentes
732 3517 896 3567 astrorum
927 3506 1078 3588 mysteria
1107 3505 1285 3593 secundum

169 3605 376 3685 Scripturas:
401 3626 418 3664 a
440 3604 573 3670 Nescire
594 3615 716 3681 autem,
739 3607 849 3668 scribit
872 3605 1083 3687 Anonymus,
1106 3626 1140 3668 se
1163 3608 1285 3671 latetur

171 3707 318 3779 Aratus,
340 3706 446 3786 qualis
467 3707 508 3769 sit
529 3709 587 3769 iste
609 3706 725 3781 labor,
749 3706 878 3786 etquid
901 3708 941 3768 sit
973 3707 1168 3767 miraculum
1196 3707 1283 3768 istud

172 3808 350 3883 (draconis)
367 3807 454 3887 quod
477 3809 507 3868 in
531 3808 623 3870 coelo
642 3808 798 3870 volvitur.
814 3809 857 3870 nt
873 3809 1040 3879 baeretici,
1056 3808 1111 3886 qui
1128 3825 1169 3868 ex
1184 3816 1287 3870 astro-

170 3925 242 3970 rum
266 3910 374 3971 studio
399 3909 575 3972 voluerunt
596 3927 653 3972 sua
670 3909 819 3989 dogmata
836 3910 1034 3972 constituere
1043 3928 1055 3987 3
1072 3907 1166 3970 ethis
1183 3909 1287 3986 inqui·

174 4010 276 4069 rendls
300 4009 475 4086 plurimam
497 4008 656 4072 dederunt
677 4027 824 4087 operam,
846 4008 940 4089 ajunt
954 4007 1231 4072 constellationem
1248 4009 1287 4072 il·

172 4108 234 4170 lam
250 4108 285 4170 io
297 4109 431 4188 pertibus
450 4112 577 4174 nomine
598 4129 666 4174 esse
682 4109 800 4187 Adam,
815 4109 994 4174 secundum
1010 4111 1195 4173 mandatnm
1213 4108 1285 4185 Dei,

176 4222 210 4274 nt
229 4212 313 4275 dixit
342 4210 495 4297 Moyses:
525 4213 735 4276 observantem
755 4223 849 4292 caput
881 4211 1053 4291 draconis,
1076 4221 1104 4275 ct
1125 4214 1290 4274 draconem
