2886 4784
258 373 353 551 zife.
371 471 585 557 Hippolytum
609 477 792 556 nuncupari
814 479 983 537 auctorem
1004 467 1333 551 Philosophumeuon,
1349 488 1391 534 ex

259 595 327 656 quo
348 576 477 653 scripsit
498 577 617 638 libram
643 575 685 637 De
707 584 829 637 natura
848 571 993 636 universi
1015 573 1167 634 aduersus
1189 571 1383 646 Plutonem,

257 695 332 740 cum
355 678 513 758 Anonymi
536 681 682 756 quaestio
711 679 893 739 omnimode
918 683 1065 738 versetur
1086 674 1261 737 domandi
1290 692 1382 736 erea-

260 780 346 841 tione
366 781 545 841 seeundum
569 779 668 859 hujus
692 778 877 857 Philosophi
901 774 1076 839 seusus?

339 878 412 943 Non
434 889 482 943 est
504 883 557 943 hic
580 890 686 942 tumen
709 881 999 960 praetereundum,
1009 879 1157 959 quods.
1180 875 1383 960 Hippolytus

262 982 294 1043 in
314 980 376 1042 fine
397 980 472 1043 libri
487 981 648 1043 Aduersus
669 981 817 1053 haereses,
843 997 934 1042 suam
956 980 1102 1040 emittens
1118 977 1190 1040 fidei
1208 977 1383 1056 professio·

263 1099 357 1157 uem,
379 1083 529 1160 scripsit:
554 1082 608 1143 ubi
632 1082 786 1143 nonnulla
817 1083 960 1143 citantur
986 1078 1122 1148 eadem,
1143 1094 1229 1157 quae
1254 1078 1384 1160 Anony-

264 1201 336 1245 mus
357 1183 482 1244 notavit
504 1183 534 1242 ιιι
557 1180 655 1244 Libro
677 1181 715 1243 X.
734 1189 766 1244 et
782 1183 969 1243 novissimo:
984 1178 1014 1241 S.
1034 1181 1203 1258 episeopus
1220 1176 1319 1239 Noeti
1336 1195 1383 1238 re·

264 1282 370 1345 tutans
393 1282 607 1359 blasphemias
631 1283 660 1343 in
681 1283 898 1344 sanctissimae
913 1279 1077 1341 Trinitatis
1094 1280 1301 1360 mysterium,
1318 1270 1380 1339 ai't:

265 1379 472 1456 «Quantum
495 1393 605 1444 autem
633 1383 692 1443 ad*
708 1385 862 1445 virtutem
893 1384 1053 1461 pertinet,
1069 1397 1161 1441 >uuus
1190 1387 1241 1441 est
1273 1376 1382 1454 lleus3

263 1493 421 1564 quantum
440 1502 518 1546 vero
540 1484 580 1545 ad
602 1487 835 1558 oeconomiam,
854 1487 934 1544 trina
957 1492 1005 1543 est
1025 1481 1187 1542 ostensio:
1210 1480 1259 1540 uti
1283 1479 1382 1557 paulo

264 1594 336 1664 post
356 1585 564 1661 docebimus,
588 1604 662 1648 enm
687 1587 915 1654 tradiderimus
936 1577 1006 1682 περὶ
1024 1578 1188 1661 Ιἅληθιίας
1211 1572 1310 1670 λόγον
1330 1599 1383 1642 ru·

264 1683 378 1748 tionem
399 1686 435 1747 de
454 1686 596 1750 ueritate.
612 1706 629 1744 ιι
648 1685 750 1749 Paulo
774 1696 844 1766 post
864 1689 986 1751 subdit:
1005 1709 1021 1748 u
1037 1687 1312 1765 Quandoquidem
1327 1684 1382 1763 igi·

267 1796 322 1848 tur
343 1788 499 1849 haetenus
521 1786 646 1850 Noetus
671 1789 834 1851 refutatus
864 1797 934 1863 est,
958 1792 1123 1850 veniamus
1143 1784 1197 1854 tri
1229 1783 1294 1881 triv
1326 1793 1382 1863 τις

264 1883 362 1967 ἅληθέ
365 1910 417 1965 ιας
453 1885 617 1971 ἀπόδειξιν
638 1892 691 1952 ud
725 1889 1030 1953 demonstrationem
1053 1891 1230 1955 oeritdtis:
1264 1900 1380 1954 contre

265 2010 363 2071 quam
386 2002 433 2055 tot
454 2002 487 2055 et
511 2002 616 2057 tautae
639 1993 788 2056 haereses
809 1999 902 2053 ortae
932 2001 1034 2093 suut,
1050 2008 1136 2074 quae
1164 1993 1245 2056 nihil
1274 1995 1381 2111 dicere

265 2101 453 2170 potueruut.
480 2113 496 2151 ιι
552 2113 555 2117 ’

313 2192 537 2277 Anonymus
562 2213 639 2255 vero
661 2194 700 2253 ab
723 2194 814 2254 initio
836 2191 923 2254 Libri
945 2191 985 2256 X.
1010 2212 1041 2256 ιι.
1063 2190 1093 2259 ι.
1116 2194 1157 2258 5.
1168 2194 1306 2256 scribit:
1327 2188 1384 2258 itai

263 2283 318 2361 ἔπε’
337 2298 415 2361 πᾶσι
440 2286 532 2372 τὶςὸ
555 2305 613 2373 τῆς
637 2290 792 2372 siluisses
814 2292 913 2384 λόγος
935 2302 965 2355 et
988 2295 1093 2375 qualis
1114 2299 1156 2358 sit
1178 2298 1210 2356 in
1231 2296 1382 2358 omuibus

264 2397 406 2461 ueritatis
437 2397 779 2478 Sermo.'hmbagibus
810 2401 980 2460 haeresum
1007 2396 1192 2478 labyrintho
1220 2396 1381 2458 similibus

266 2519 328 2562 uon
352 2504 380 2561 vi
403 2501 553 2579 diruptis,
571 2503 624 2562 sed
647 2502 713 2563 sola
739 2502 945 2572 refutatione,
966 2500 1098 2578 verique
1123 2497 1243 2559 robore
1262 2497 1379 2559 solutis

263 2599 421 2698 πρόσιμεν
439 2596 493 2668 ἐπί
507 2592 566 2680 τήν
584 2612 642 2681 τῆς
664 2600 818 2681 ἀληθείας
833 2597 997 2682 ἀπόδειξιν
1018 2603 1171 2660 adeamus
1192 2598 1237 2659 ud
1256 2599 1382 2659 demon·

265 2707 447 2768 strationem
470 2707 625 2770 veritatis.
652 2709 683 2768 ln
707 2711 766 2778 his,
791 2720 825 2769 ut
849 2719 947 2785 patet,
972 2718 1111 2782 uterque
1133 2702 1328 2781 Anonymus
1350 2708 1381 2761 et

267 2827 292 2869 s.
309 2806 504 2888 Hippolytus
526 2811 738 2869 conveniunt:
757 2827 817 2868 uou
834 2811 876 2870 its
896 2817 1000 2866 tamen
1016 2808 1046 2865 in
1061 2805 1274 2879 expositione,
1296 2800 1380 2880 quod

270 2909 362 2967 valde
384 2917 491 2967 nostra
522 2911 664 2968 interest.
692 2907 730 2968 a:
762 2927 898 2988 sequens
921 2927 945 2969 s.
972 2906 1127 2987 Martyris
1161 2904 1378 2964 testimouium

267 3008 398 3071 satisiiet
419 3028 517 3088 quarn
541 3013 680 3072 maxime
702 3012 739 3070 ad
766 3010 1009 3088 dignoscendam
1035 3009 1223 3067 varietatem
1249 3003 1379 3086 Anony-

269 3127 356 3170 mum
384 3111 470 3170 iuter
491 3119 522 3170 et
544 3129 568 3170 s.
594 3108 806 3190 Hippolytum
834 3112 998 3171 cedentem
1031 3116 1099 3168 tum
1129 3104 1237 3186 quood
1267 3105 1382 3167 stilum

271 3219 338 3271 tum
361 3213 467 3289 quoad
491 3212 683 3284 doctrinam,
707 3214 749 3271 ite
774 3220 808 3273 ut
830 3211 1011 3272 omnimode
1033 3209 1232 3270 excludatur
1261 3212 1328 3267 ιιιιιΙ
1351 3214 1381 3266 et

268 3311 378 3372 eadem
399 3330 532 3390 persona
556 3314 586 3370 in
610 3310 916 3390 Philosophumenou
939 3302 1189 3388 compilatione,
1213 3316 1245 3368 et
1269 3317 1307 3369 ιιι
1332 3306 1381 3367 de·

271 3431 358 3473 mum
383 3415 482 3490 magis
505 3416 701 3474 innotescant
725 3416 886 3497 Anonymi
907 3414 1048 3491 plegium
1071 3421 1102 3469 et
1125 3408 1271 3486 pertidia.

352 3512 484 3574 lnterim
507 3516 585 3575 haee
607 3516 717 3576 scribit
739 3536 763 3574 s.
788 3514 1009 3596 Hippolytust:
1034 3534 1050 3569 n
1072 3503 1150 3589 Θεός
1165 3506 1269 3600 μόνος
1286 3505 1386 3630 ὑπαι-

268 3634 359 3705 χιιι,
382 3608 441 3682 καὶ
464 3613 611 3705 μηδὲν
596 3638 680 3708 εχωι
710 3612 811 3683 ἕαυτὼ
839 3617 944 3716 συίχρ
948 3637 1042 3697 onan,
1067 3610 1232 3706 ἐβουλήθη
1260 3603 1386 3703 nocuit

268 3715 395 3786 κτίσαι
419 3723 595 3810 Οκισμόι
625 3716 808 3799 ἐννοηθεὶς,
841 3719 983 3798 θελήσας
1016 3741 1047 3786 τε
1080 3713 1138 3790 καὶ
1170 3717 1386 3813 φθεγξάμειις

268 3819 437 3902 ἔπαισεν,
468 3812 495 3918 ᾧ
484 3827 707 3935 παραυτίκα
731 3825 872 3922 παρέστη
904 3817 939 3892 τὸ
961 3819 1178 3918 γενόμενιι“
1154 3847 1198 3904 ως
1219 3822 1388 3904 ἠθέλησεν.

268 3928 401 4056 Auceps:
380 3929 434 4010 αις
458 3918 513 3999 otiu
537 3927 620 4022 ημῖν
644 3929 731 4001 ἔστιν
755 3928 854 4023 μόνον
879 3927 950 3998 itii
943 3952 996 3998 ιαι
1029 3923 1079 3997 ὅτι
1103 3926 1287 4057 udyypouou
1310 3927 1388 4001 Oeen

271 4027 360 4102 o’vds'v
383 4029 465 4115 ulna
489 4026 630 4147 sinric3
605 4060 679 4118 ην
703 4032 799 4118 ἀυτις
822 4029 923 4104 δε
878 4061 923 4129 pta
908 4035 981 4118 ἀις
1009 4033 1073 4119 ὧι,
1097 4028 1195 4116 πολύς
1225 4024 1280 4117 ἦν.
1308 4036 1390 4103 Ουτε

269 4161 333 4232 γαρ
326 4130 520 4231 dirps*
502 4165 570 4212 rurs
585 4138 714 4234 torpor,
739 4139 807 4211 ὄιτε
832 4136 1044 4226 ἀδύνατος,
1026 4164 1095 4209 rurs
1118 4136 1321 4235 ἀβιύλευτος
1339 4136 1388 4220 ιιι.

268 4240 381 4314 Πιιιιτα
404 4234 487 4316 ds
462 4268 504 4327 ηιι
527 4245 559 4317 ἒν
584 4245 677 4341 ἀυτῶ,
703 4239 905 4329 ιιιιτὲςδέΙ
883 4272 922 4331 us
949 4245 984 4318 τὸ
1011 4271 1103 4318 παι
1128 4244 1178 4317 ὅτε
1202 4241 1389 4329 ἠθέλησα,
