2886 4784
156 443 236 506 lesta
258 440 495 519 praedieatione
516 439 735 519 distinguitur.
759 458 775 498 »
799 437 893 514 Quod
917 439 1011 520 plane
1030 435 1228 517 significarit
1243 436 1269 500 ln

156 541 255 606 Libro
280 541 321 604 ll.
343 561 371 604 o.
397 540 483 603 vltl.
506 560 538 602 n.
560 539 590 606 l.
614 542 731 603 doeens
752 541 901 604 omnihus
922 541 1138 602 animantibus
1173 541 1269 602 inesse

158 644 293 716 animas,
315 652 346 704 et
368 642 441 703 hino
462 642 501 703 de
516 642 644 704 homine
658 642 782 721 inquit:
797 663 813 701 u
828 640 901 704 Jam
921 657 998 702 vero
1010 640 1050 702 de
1066 641 1141 713 isto,
1159 656 1267 718 quam·

162 747 209 807 ris
231 743 360 806 nullum
382 743 515 805 dubium
537 744 591 814 sit,
613 761 672 806 neo
693 744 863 821 requirere
883 742 1002 820 aliquis
1024 742 1123 819 possit
1135 759 1147 818 3
1173 751 1272 801 tamen

159 852 192 906 et
212 843 382 923 Scriptura
404 844 511 905 divina
534 844 698 922 designat,
721 843 808 923 quod
829 839 914 905 Dens
934 843 972 903 in
991 841 1106 923 foriens
1130 841 1202 922 eins
1217 841 1271 903 in·

158 941 330 1025 spiraverit
352 943 582 1023 spiramentum
602 944 707 1017 nitne;
729 953 758 1006 et
777 948 882 1027 fnetns
903 953 948 1006 est
968 943 1058 1005 homo
1076 941 1115 1004 in
1138 937 1273 1005 animum

160 1047 322 1108 viventem.
346 1064 364 1103 n
390 1044 592 1126 Proindeque
613 1049 681 1110 sire
702 1065 743 1109 ex
766 1049 947 1126 praemissis
967 1048 998 1107 in
1022 1044 1188 1125 Prologo,
1210 1047 1271 1107 sire

160 1167 203 1210 ax
222 1148 404 1211 successiva
426 1147 635 1222 discussione,
658 1151 879 1227 quaestionem
901 1149 939 1209 de
964 1148 1134 1210 animabus
1160 1165 1271 1226 eorpo·

162 1250 190 1311 ri
212 1247 517 1328 praeexistentibus,
540 1249 724 1311 omnimode
746 1250 869 1312 emovit
892 1246 1071 1327 Origenes,
1104 1267 1164 1311 uso
1199 1249 1273 1311 hane

162 1367 345 1429 proponere
368 1348 473 1411 voluit
494 1351 643 1428 qnippea
659 1369 720 1413 suo
741 1369 836 1412 sensu
858 1350 1007 1412 alienam.
1031 1351 1079 1411 ho
1099 1351 1272 1412 solummo-

58 1475 62 1481 “
163 1451 205 1513 do
226 1450 384 1513 incumbit
414 1451 459 1541 in*
473 1447 595 1533 Moysis
623 1452 720 1514 rerba
749 1452 946 1531 asserentis,
970 1449 1075 1513 Deum
1107 1451 1272 1530 inspirasse

163 1554 195 1615 in
217 1551 331 1617 laniem
352 1551 423 1631 ejus
444 1553 646 1633 spiraculum
670 1555 771 1628 sitae,
794 1561 826 1616 et
849 1553 971 1616 laetum
992 1572 1061 1615 esse
1080 1553 1271 1615 inanimum

164 1656 335 1716 virentem.
359 1652 499 1730 Quaerit
521 1673 634 1734 nempe
657 1663 795 1727 tantum,
811 1657 976 1736 quomodo
991 1656 1095 1717 anima
1114 1657 1272 1718 inseratur

164 1758 307 1819 humano
327 1757 480 1835 corpori,
504 1775 544 1818 an
566 1773 624 1835 per
645 1756 835 1831 traducem,
860 1757 911 1819 vel
933 1758 1137 1819 extrinsecus
1172 1756 1272 1834 potins

161 1859 203 1919 sit
223 1856 368 1936 ejusdem
391 1856 529 1917 initium.

242 1954 284 2019 Et
305 1958 377 2018 hine
399 1958 531 2034 insuper
552 1955 674 2018 laetum
695 1964 755 2032 est,
772 1957 859 2036 quod
877 1955 1032 2037 Origenes
1054 1957 1173 2021 deinde
1193 1966 1274 2021 aets-

164 2067 196 2120 te
217 2066 392 2135 provectus
413 2058 573 2120 adversos,
591 2057 720 2120 Celsum
743 2058 907 2137 disputans
929 2059 967 2120 de
982 2059 1108 2120 animae
1122 2060 1275 2122 eonditio·

162 2177 225 2233 ne,
249 2176 323 2219 oum
345 2161 404 2219 iste
426 2158 582 2220 illudendi
604 2176 701 2220 cansa
724 2158 844 2221 Christi
872 2160 1058 2234 doctrinae,
1081 2160 1228 2222 diversas
1245 2167 1276 2222 et

163 2258 296 2320 stolidas
314 2266 460 2321 veterum
483 2260 765 2336 pbilosophorum,
789 2261 820 2320 in
842 2259 961 2338 quihus
979 2258 1133 2336 Platonis,
1153 2269 1276 2340 repetet

164 2360 352 2438 opiniones,
375 2360 461 2421 alter
481 2378 575 2423 seens
596 2361 778 2423 obtestetur
808 2361 977 2439 iuquiens,
1003 2379 1038 2423 se
1060 2379 1137 2424 eum
1161 2360 1274 2426 Christi

164 2458 308 2523 Ecclesia
331 2461 371 2522 ab
393 2462 527 2523 illorum
550 2465 738 2523 commentis
760 2463 951 2532 abhorrere,
973 2463 1068 2524 sicuti
1093 2465 1124 2523 in
1148 2481 1275 2544 praeee-

165 2563 458 2625 dentihusdiotum
481 2573 539 2624 est.
565 2565 611 2624 Ae
633 2567 727 2636 ideo,
747 2566 808 2625 'etsi
830 2563 869 2623 de
891 2565 995 2624 anima
1023 2565 1127 2627 relate
1149 2566 1189 2625 ad
1211 2564 1276 2646 eius

47 2726 49 2731 ,
166 2667 345 2743 ingressum
368 2674 399 2726 et
421 2670 570 2727 unionem
593 2685 667 2727 oum
691 2685 851 2744 corpore,
881 2674 912 2728 et
935 2667 1110 2745 praecipue
1131 2667 1173 2728 ad
1197 2665 1276 2747 ejus·

165 2767 238 2826 dom
260 2765 451 2828 infusionem
474 2767 504 2826 in
529 2767 642 2828 adami
667 2767 825 2846 posteris,
846 2784 908 2827 nou
932 2766 1017 2827 visus
1038 2767 1079 2827 sit
1100 2767 1274 2847 quidquam

168 2871 248 2929 oerti
266 2865 447 2929 affirmare:
464 2869 674 2930 nihilominus
691 2886 866 2948 numquam
883 2868 1024 2930 Platonis
1039 2871 1200 2932 consensit
1215 2869 1276 2949 pls·
1304 2877 1307 2889 “

167 2969 237 3029 citis
259 2975 290 3028 et
312 2967 452 3030 aliorum
475 2970 559 3030 circa
589 2971 771 3031 animarum
795 2971 1077 3047 praeexistentiam
1099 2988 1276 3051 earumque

166 3078 257 3129 actus
280 3068 399 3130 ls'beros
420 3069 557 3142 elicitos,
582 3072 771 3149 prinsquam
795 3073 824 3131 in
847 3086 992 3150 eorpora‘
1011 3073 1152 3134 veniant.

244 3167 351 3245 Siquis
375 3186 453 3230 vero
474 3170 649 3247 quamdam
673 3173 841 3233 instituere
876 3172 952 3233 velit
982 3173 1166 3251 analogiam
1199 3175 1275 3236 inter

167 3267 334 3330 Platonem
357 3281 388 3331 et
411 3269 588 3331 Auctorem
612 3273 697 3332 eirea
717 3274 843 3334 sarium
866 3275 990 3334 animae
1012 3282 1134 3336 statum
1157 3275 1277 3355 perde·

164 3371 362 3431 soensionom
384 3389 574 3448 expressum
600 3373 649 3432 vel
671 3375 912 3448 ascensionem,
936 3381 994 3436 aut
1015 3376 1276 3453 per‘lervorem,

166 3479 223 3532 aut
246 3471 360 3549 frigus,
383 3480 415 3532 et
437 3491 494 3549 per
515 3473 577 3533 alia
601 3472 810 3554 hujusmodi:
835 3484 975 3538 attamen
1000 3478 1081 3538 sciat
1103 3494 1277 3559 numquam

167 3573 224 3632 ista
249 3573 278 3632 in
299 3590 394 3633 seusu
416 3570 551 3635 litterali
575 3568 748 3653 usurpasse
770 3593 828 3638 neo
860 3576 1057 3639 intellexisse
1086 3578 1277 3658 Origeuem,

167 3672 221 3733 ssd
245 3671 433 3750 allegorica,
453 3674 553 3735 veluti
576 3675 655 3745 dixi,
675 3676 808 3737 ratione.
825 3676 920 3752 Quod
939 3680 1110 3756 perspicue
1124 3679 1280 3758 siguifica-

170 3773 214 3832 vit
236 3772 265 3832 in
288 3768 387 3834 Libro
411 3770 463 3834 Vl.
489 3792 519 3834 n.
541 3771 591 3837 23.
617 3783 727 3835 contra
751 3775 904 3850 Celsum,
928 3778 983 3857 qni
1018 3778 1055 3837 ad
1086 3778 1228 3858 Judaeos
1250 3784 1281 3842 et

166 3870 358 3933 christianos
379 3873 583 3947 incusandae,
608 3873 749 3937 Platonis
771 3886 803 3937 et
825 3879 992 3940 mithriaoa
1017 3897 1191 3957 persarum
1216 3896 1281 3962 my·

167 3972 265 4032 steria
287 3974 473 4035 intruserat.
499 3973 553 4036 hit
575 3977 680 4038 enim:
705 3998 721 4036 n
744 3975 838 4050 Quod
862 3979 961 4060 siquis
984 3981 1023 4041 de
1046 3981 1230 4046 animarum
1252 3983 1283 4044 in

169 4090 221 4134 res
243 4076 364 4136 divinas
386 4077 533 4153 ingressu
555 4072 675 4139 habere
698 4077 775 4140 velit
790 4079 867 4156 quid
882 4082 1048 4158 arcanius,
1064 4100 1132 4162 qno
1146 4083 1187 4145 ud
1202 4085 1282 4146 hane

167 4175 470 4254 contemplationem
491 4178 655 4241 excitetur
666 4198 677 4257 3
700 4179 849 4260 illudque
870 4182 992 4247 ducere
1013 4201 1078 4247 non
1099 4202 1142 4248 ex
1169 4187 1283 4250 obseu-
