2886 4784
1213 338 1273 409 105

159 447 259 526 magis
279 442 411 510 scieniia
433 452 466 508 et
485 397 653 507 sanctitate
674 444 705 505 in
727 445 870 507 ecclesiis
888 444 1092 523 praestitere,
1110 463 1149 509 eo
1165 444 1271 509 minus

158 548 371 612 dubitandum
394 555 442 610 est
462 544 502 609 de
523 547 658 634 illorum
679 547 781 610 dictis.
806 545 868 610 Eos
890 547 1020 626 inquam
1042 546 1194 627 Origenis
1214 566 1273 611 an·

156 651 291 725 ditores,
316 653 482 729 episcopos
505 658 536 712 et
559 657 742 734 martyres:
766 649 846 712 alios
869 649 954 723 dico,
971 650 1027 727 qui
1042 651 1197 728 genuinos
1219 668 1274 714 eo·
1353 712 1357 721 ,

157 753 245 815 dices
266 753 336 813 sire
360 751 580 829 autograpbos
606 750 657 811 vel
687 750 890 828 apographos
922 749 1066 830 ejusdem
1097 751 1272 829 legerunt3
1386 808 1389 811 ,

154 862 283 918 ceteros
304 853 377 915 dico
396 853 474 922 satis
497 852 616 930 peritos
640 869 714 914 vera
738 869 755 913 a
778 851 866 914 falsis
881 851 1086 925 decernendi,
1102 870 1140 914 ac
1155 852 1271 930 dogma

154 956 354 1019 catholicum
375 954 544 1033 separandi
567 955 607 1015 ab
628 955 802 1017 haeretico.
828 951 877 1015 Ex
906 954 954 1014 his
982 971 1077 1015 nemo
1106 961 1273 1018 errantem

154 1057 266 1136 arguit
295 1056 480 1134 Origenem.
512 1053 633 1116 Nullus
662 1072 805 1132 nsquam
838 1052 1012 1130 Origenem
1045 1055 1216 1133 impietatis
1241 1058 1274 1118 in
1328 1063 1335 1109 ’.

156 1158 278 1232 Deum,
295 1159 326 1219 in
342 1155 463 1220 Filium
487 1154 559 1230 Dei,
582 1157 613 1217 in
635 1153 791 1233 Spiritum
813 1152 966 1218 Sanctum
988 1157 1179 1233 increparit.
1205 1156 1274 1227 Nec

156 1258 348 1323 Alexander
370 1257 601 1319 alexandrinus
624 1259 708 1318 iuter
722 1255 793 1319 Arii
816 1273 1048 1335 praecursores
1070 1257 1181 1319 citavit
1201 1255 1276 1320 Ori·

157 1377 272 1439 genem
280 1379 292 1437 ;
315 1376 373 1420 nec
390 1358 488 1420 brius
505 1357 599 1420 illum
621 1375 700 1420 suae
721 1356 894 1436 impietatis
914 1357 1037 1419 socium
1059 1357 1152 1420 dixit.
1172 1355 1275 1422 Nemo

156 1462 317 1525 absurdas
339 1461 427 1522 illius
451 1460 578 1523 labnlas
600 1459 640 1520 de
661 1460 843 1522 animarum
864 1457 957 1537 lapsu
979 1478 997 1520 e
1019 1460 1117 1522 coelis
1139 1469 1272 1537 notans,

155 1562 326 1626 refutarit.
350 1557 454 1624 Nemo
476 1560 514 1622 de
537 1578 576 1622 eo
597 1559 735 1635 miratus
756 1567 824 1632 est,
847 1557 933 1638 quod
966 1559 1060 1622 finem
1093 1563 1273 1639 imponeret

157 1662 378 1743 reproborum
400 1670 433 1723 et
456 1659 649 1724 daemonnm
672 1660 783 1738 poenis
804 1662 835 1720 in
867 1659 982 1722 loturo
1007 1663 1129 1725 seculo.
1153 1660 1275 1727 Nullus

155 1765 349 1829 adversatus
371 1771 419 1826 est
439 1761 597 1842 Origeni,
624 1763 710 1842 qnod
735 1762 890 1824 materiae
911 1765 1134 1826 aeternitatem
1159 1766 1275 1828 admit·

157 1875 253 1941 teret,
276 1865 366 1945 qnod
390 1865 525 1927 hominis
548 1863 720 1927 arbitrium
744 1865 900 1937 tolleret,
924 1865 1010 1942 qnod
1034 1869 1139 1928 carnis
1161 1885 1272 1930 resur·

158 1968 294 2032 rectioni
317 1968 520 2028 mentiretur.
539 1963 643 2028 Nemo
664 1964 703 2026 de
727 1965 774 2026 his
797 1965 848 2026 rel
870 1965 910 2026 de
931 1965 1042 2044 aliquo
1057 1967 1122 2028 alio
1144 1967 1275 2047 dogma·

159 2079 191 2132 tc
219 2069 426 2133 substantiali
459 2069 618 2130 incusavit
651 2066 848 2145 Origenem3
879 2084 937 2129 nec
968 2068 1042 2128 ideo
1072 2068 1274 2131 haereticum

157 2172 370 2249 nuncupavit.
392 2167 508 2242 Nemo,
525 2186 607 2245 quos
632 2170 822 2241 memoravi,
840 2176 1025 2230 sanctorum
1050 2170 1196 2231 virorum
1217 2187 1277 2232 au·

157 2290 213 2335 ans
246 2279 295 2334 est
327 2275 365 2334 ei
388 2271 590 2351 exprobrare
613 2289 630 2332 a
653 2271 798 2335 doctrina
835 2272 1013 2351 apostolica
1049 2271 1273 2335 deiectionem.

159 2371 283 2439 Nullus
305 2372 445 2452 deniqne
467 2389 541 2434 eum
565 2373 764 2435 haereticum
787 2374 827 2434 ab
849 2371 995 2436 Ecclesia
1028 2373 1214 2436 damnatum
1241 2381 1276 2437 el

157 2485 251 2538 extra
276 2471 456 2537 Ecclesiam
480 2483 648 2536 mortuum
670 2475 855 2538 adfirmavit
876 2492 1034 2554 unquam.

242 2572 393 2636 Fortasse
417 2584 462 2635 tot
485 2575 630 2652 tantique
654 2574 713 2636 viri
735 2575 817 2637 adeo
839 2575 974 2637 consilio
996 2578 1107 2655 inopes
1129 2573 1275 2652 luerunt,

159 2680 218 2737 ant
240 2681 346 2736 niente
369 2672 499 2750 infirmi,
518 2674 590 2736 'sive
613 2676 780 2751 secordes,
805 2675 1077 2756 praejudiciisque
1102 2678 1275 2755 occupati,

161 2783 199 2838 ut
222 2782 414 2838 vetarentur
434 2778 608 2854 quominus
633 2775 710 2838 ialsa
729 2795 745 2837 a
765 2779 861 2851 reris,
885 2778 1034 2856 dogmata
1054 2779 1186 2856 ‚impiae
1206 2778 1278 2856 piis,

157 2878 343 2941 orthodoxa
369 2877 410 2938 ab
432 2876 641 2940 heterodoxis
663 2877 907 2956 dignoscerent,
931 2880 1121 2957 praesertim
1144 2879 1200 2958 qni
1223 2879 1279 2940 ad·

158 2997 274 3043 versus
296 2979 412 3041 Arium
436 2977 650 3059 pugnarunt‘.l
672 2977 739 3042 Nec
762 2981 823 3041 hoc
844 2980 987 3057 cogitare
1010 2980 1140 3058 quidem
1173 2979 1274 3053 licet,

155 3082 254 3144 sicuti
277 3082 316 3143 de
339 3083 467 3154 ceteris,
483 3099 557 3143 cnm
582 3089 684 3144 totam
709 3090 785 3142 tunc
807 3080 1033 3143 honorandum
1049 3079 1199 3160 Origeois
1220 3099 1276 3143 no·

157 3200 233 3246 men
254 3184 449 3262 pervaderet
473 3181 665 3254 Ecclesiam,
682 3183 820 3262 ejusque
841 3182 918 3243 libri
933 3199 951 3242 a
969 3181 1117 3244 fidelibus
1139 3185 1274 3259 accepti,

158 3301 236 3346 cum
259 3285 440 3346 reverentia
463 3283 673 3361 legerentur:
697 3293 729 3344 et
750 3283 812 3344 boc
835 3302 874 3344 ex
897 3282 1030 3344 illorum
1053 3300 1185 3361 qnoque
1201 3299 1277 3344 con·

159 3385 310 3457 tersione,
333 3387 389 3463 qui
412 3397 520 3463 postca
543 3386 699 3447 adversus
721 3404 796 3447 enm
813 3385 1075 3447 insurrexerunt.
1094 3380 1204 3447 Testes
1221 3401 1277 3446 vo·

157 3502 198 3550 co
222 3486 322 3566 hujus
345 3487 392 3548 rei
414 3486 545 3549 eosdem
567 3487 744 3547 acerrimos
766 3483 915 3562 Origenis
937 3485 1044 3546 hostes
1060 3482 1277 3561 Theophilum

158 3595 194 3650 et
215 3584 464 3669 Hieronymum.
492 3586 542 3648 Ab
564 3587 702 3649 istorum
736 3587 923 3647 testimoniis
954 3585 1143 3665 colligitur,
1173 3602 1278 3664 neque

157 3690 189 3750 in
212 3685 357 3750 Ecclesia
380 3685 540 3762 Romana,
564 3706 668 3768 neque
691 3689 721 3749 in
744 3685 890 3749 Ecclesia
915 3687 1091 3764 hispanica,
1115 3704 1220 3765 neque
1246 3687 1277 3747 in

161 3787 305 3853 Ecclesia
328 3789 487 3865 africana,
504 3809 561 3853 nec
584 3793 614 3853 in
639 3790 782 3853 Ecclesia
807 3789 1107 3873 hierosolymitana,
1125 3806 1231 3867 neque
1246 3789 1278 3848 in

159 3889 307 3955 Ecclesia
322 3893 680 3971 constantinopolitana,
698 3910 755 3953 nec
773 3891 804 3952 in
818 3888 964 3953 Ecclesia
980 3889 1189 3950 alexandrina
1206 3905 1282 3950 con·

159 4002 246 4057 stare
267 3991 345 4055 talia
367 3993 542 4071 aliquando
563 3994 709 4057 docuisse
729 4010 830 4073 prava
843 3993 992 4070 dogmata
1009 3989 1181 4069 Origeuem
1192 4009 1204 4067 3
1220 4005 1279 4052 uec

160 4093 266 4157 multo
288 4093 393 4166 minus
415 4093 529 4168 luisse,
547 4096 603 4173 qui
625 4114 666 4156 ex
688 4092 759 4172 ejus
781 4093 909 4155 nomine
932 4089 1008 4153 talia
1031 4087 1287 4175 profiterentur„

240 4189 311 4258 Nec
340 4210 417 4256 sane
446 4193 543 4257 aliter
574 4191 739 4257 Ecclesiae
770 4191 881 4256 Patres
911 4191 950 4254 de
982 4208 1020 4254 co
1049 4192 1192 4269 cogitare
1225 4207 1280 4273 po·
