2886 4784
267 351 452 518 ῗὸΧΧΧΥ.
475 451 645 516 Cornelius
669 449 755 531 Papa
779 450 817 512 ad
838 449 971 513 Fabium
988 448 1265 523 antiochenum,a
1286 445 1391 527 prima

267 549 384 627 aetate,
408 556 464 628 ait,
489 557 518 614 in
541 551 698 617 Ecclesia·
711 562 874 615 versatum
890 571 959 614 esse
977 560 1120 632 oportet,
1137 551 1305 630 pluraque
1320 566 1391 646 cer·

272 657 389 717 tamine
412 655 619 727 sustinuisse,
641 670 679 715 ao
702 653 811 715 multis
832 672 866 714 se
887 652 1041 733 objecisse
1058 649 1225 731 periculis,
1241 649 1303 728 qui
1318 666 1392 710 are·

269 754 361 828 bitur
382 755 420 815 ad
446 753 680 832 episcopatum.
705 752 753 815 alc
775 752 846 813 ideo
867 770 892 813 s.
915 751 1097 832 Cyprianus
1118 749 1253 830 epistola
1278 745 1321 810 X.
1345 747 1389 808 la·

268 865 357 920 otum
378 874 446 917 esse
468 855 544 916 dicit
565 854 753 917 Cornelium
775 855 962 933 episcopum
985 853 1024 915 de
1047 850 1105 914 Dei
1128 861 1161 913 et
1177 849 1301 915 Christi
1315 848 1386 930 ejus

266 957 404 1039 judicio,
429 955 469 1018 de
491 956 689 1018 elericorum
712 974 794 1033 pene
813 956 958 1018 omnium
982 954 1164 1017 testimonio
1175 995 1188 1026 ,
1210 952 1250 1013 de
1273 950 1384 1030 plebis,

268 1077 353 1140 quae
377 1064 453 1119 tunc
475 1056 602 1130 adluit,
625 1055 805 1134 suffragio,
826 1065 856 1118 et
878 1058 917 1118 de
940 1055 1146 1117 sacerdotum
1172 1054 1383 1133 antiquorum

270 1165 303 1222 et
324 1159 483 1220 bonorum
508 1158 654 1220 virorum
677 1157 827 1236 collegio.
851 1177 868 1214 a
891 1156 972 1221 Cum
998 1174 1077 1235 ergo
1102 1155 1165 1216 tale
1185 1155 1227 1216 sit
1248 1154 1384 1233 Aposto-

271 1260 293 1321 li
316 1260 515 1332 mandatum,
539 1265 571 1319 et
592 1257 779 1338 hujusmodi
800 1256 1159 1344 ecclesiastica-praxis,
1176 1254 1218 1316 ab
1231 1257 1310 1334 ipsis
1327 1254 1383 1318 ia't·

272 1358 477 1439 potatoribus
499 1359 747 1432 commendata,
770 1359 802 1419 iu
824 1359 1013 1438 praesulum
1036 1359 1292 1419 christianorum
1320 1354 1382 1418 ele·⁴

270 1461 389 1533 ctione,
412 1466 445 1518 et
466 1447 595 1535 quidem
618 1475 655 1519 ea
678 1458 743 1536 ipsa
765 1468 882 1532 aetate,
898 1477 960 1538 qua
977 1478 1003 1521 s.
1021 1456 1175 1520 Callistus
1194 1456 1234 1517 ad
1259 1452 1384 1536 pontida

271 1567 533 1632 eatumeveotus
554 1567 623 1635 est;
645 1560 717 1636 quis
741 1559 912 1644 Anonymo
933 1561 1126 1622 assentietur
1155 1557 1231 1619 talia
1258 1572 1384 1620 assera·

271 1660 415 1729 rantide
438 1660 499 1722 boc
519 1679 544 1722 s.
568 1657 723 1724 Pontifiee
744 1663 871 1741 indigna
894 1671 928 1725 et
949 1661 1112 1734 indecora,
1135 1667 1167 1724 et
1183 1668 1249 1721 tam
1264 1657 1381 1742 nomini

270 1763 444 1825 christiano
466 1761 730 1826 contumeliosa?
1028 1816 1035 1825 .

347 1859 502 1935 Similiter
523 1861 640 1925 ibidem
656 1864 733 1926 dicit
749 1863 938 1949 anonymus
955 1861 1111 1926 Marciam
1130 1859 1303 1926 Com-cdi
1319 1860 1383 1940 pel·

271 1962 390 2034 licem,
411 1981 485 2038 epm
505 1961 664 2042 pbiiotbeo
685 1965 766 2031 idest
788 1967 837 2045 pia
861 1960 965 2040 esset,
995 1965 1036 2024 ab
1061 1964 1174 2025 eodem
1197 1962 1384 2043 impetrasse

270 2066 405 2144 gratiam
429 2081 487 2142 pro
509 2067 691 2131 christianis
707 2068 737 2129 in
754 2067 856 2128 insula
874 2066 1042 2129 Sardiniae
1064 2064 1243 2143 damnatis;
1260 2081 1300 2126 ae
1314 2063 1385 2127 ideo

270 2166 354 2245 apud
377 2185 416 2237 se
433 2170 651 2230 accersivisse,
664 2165 826 2229 Victorem
851 2167 982 2246 Papam,
1007 2175 1041 2228 ut
1063 2169 1162 2228 sciret
1182 2172 1266 2245 quot
1282 2171 1385 2228 essent

271 2267 303 2328 iu
319 2285 354 2328 ea
371 2267 673 2335 insulachristiaui.
693 2268 857 2341 Attamen,
875 2278 954 2330 teste
969 2266 1109 2328 Eusebio
1125 2275 1157 2328 et
1170 2270 1303 2337 comeo
1315 2266 1384 2328 aliia

272 2367 431 2429 historicis
452 2369 551 2429 saeris
576 2376 608 2428 et
630 2366 786 2446 profanis,
809 2368 850 2429 ab
872 2369 962 2430 initio
979 2368 1103 2447 imperii
1116 2364 1385 2430 Commodibana

272 2468 455 2540 libertatern
476 2469 651 2530 obtinuisse
674 2471 874 2549 comperitur
905 2468 1115 2544 christianos;
1138 2474 1212 2528 cnm
1235 2474 1321 2530 esset
1341 2474 1385 2529 ta·

272 2588 343 2630 men
367 2568 514 2630 Pontifex
539 2567 771 2642 Eleutberius,
792 2589 854 2632 non
876 2567 998 2631 Victor.
1023 2567 1192 2630 Praelatus
1226 2567 1385 2631 Eusebius

271 2672 301 2731 in
323 2669 420 2732 Libro
437 2668 474 2731 V.
494 2689 520 2732 o.
539 2668 607 2732 xx.
629 2673 756 2733 scribit:
775 2693 790 2730 a
807 2669 877 2733 lloc
898 2672 1010 2733 endem
1033 2679 1191 2748 tempore,
1208 2667 1386 2733 Commodo

272 2773 444 2851 imperium
467 2790 635 2834 romanum
652 2775 862 2850 gubernante,
880 2783 987 2835 nostra
1005 2772 1120 2850 religio
1134 2771 1172 2832 ad
1189 2782 1341 2850 pacatum
1356 2777 1387 2834 et

274 2872 485 2952 tranquillum
507 2862 797 2940 st'atum'traduota
821 2875 904 2949 luit,
929 2881 960 2935 et
981 2891 1044 2953 pax
1067 2873 1196 2942 (diviua
1224 2873 1384 2959 largiente

272 2975 371 3052 gratia
382 2973 397 3049 )¹
414 2991 523 3035 omnes
539 2974 692 3036 eeclesias
707 2975 738 3034 iu
755 2983 821 3035 toto
837 2975 1104 3052 orbe'noeupavit
1121 2982 1181 3035 etc.
1200 2972 1385 3038 »Ceterum

235 3133 238 3137 ,
274 3075 396 3150 Victor,
419 3094 515 3154 quem
538 3074 660 3138 Mareia
686 3095 744 3156 pro
759 3078 940 3138 christianis
961 3095 1056 3157 agens
1078 3079 1116 3137 ad
1139 3095 1173 3138 se
1198 3074 1385 3157 vocalius·
1413 3077 1419 3086 '

274 3188 303 3239 ta
327 3176 485 3260 Anonymi
508 3179 605 3250 dicta,
630 3179 851 3257 pontificatum
874 3180 944 3242 iniit
967 3180 1074 3264 (teste
1094 3177 1233 3241 baronio
1257 3176 1385 3240 curua·

273 3277 343 3351 lits)
361 3289 485 3357 septem
509 3278 576 3340 lere
593 3297 714 3341 menses
731 3288 903 3358 autequam
922 3279 1161 3342 interficeretur
1174 3277 1384 3355 Commodus,

274 3391 306 3442 et
336 3380 467 3458 quidem
500 3397 573 3442 cnm
607 3382 671 3458 ipsa
708 3378 828 3444 Marcia
861 3391 893 3442 et
922 3379 1119 3443 Commodus
1147 3391 1299 3442 mutuam
1330 3376 1386 3441 sibi

272 3483 402 3544 caedem
426 3481 611 3542 intentarint
622 3501 634 3559 3
656 3483 820 3544 etodium
843 3486 996 3560 graecia
1018 3482 1210 3544 christianos
1225 3481 1388 3560 concepis-

271 3588 318 3646 set
341 3580 535 3659 lmperetnr,
558 3600 597 3642 eo
619 3583 705 3660 quod
730 3583 770 3642 ab
790 3585 867 3660 ipsis
884 3582 1107 3661 despiceretur
1130 3584 1160 3642 in
1182 3578 1338 3644 llereulis
1353 3582 1386 3642 ti·

275 3683 345 3747 tulo
366 3684 423 3744 sibi
446 3670 634 3761 assumpto,
659 3688 796 3746 minatus
818 3684 890 3744 ideo
912 3685 956 3745 eis
979 3694 1114 3746 mortem
1129 3718 1144 3755 ,·
1162 3684 1222 3744 nisi
1243 3685 1386 3762 seipsum

275 3795 312 3848 ut
327 3785 423 3847 deum
443 3785 597 3847 colorent.
616 3784 688 3848 Non
705 3795 845 3863 astorgo
863 3786 1054 3864 putandum,
1071 3784 1286 3847 Commodum
1303 3782 1389 3848 blar-

276 3888 344 3950 ciae
366 3887 563 3966 gratificari,
586 3906 686 3966 seque
707 3906 783 3967 erga
812 3888 1008 3950 christianos.
1026 3888 1201 3967 benignum
1232 3887 1387 3965 gessisse,

274 4006 349 4050 cunr
374 3989 465 4051 valde
489 3990 578 4050 illam
607 3990 744 4061 odisset,
770 3989 1014 4069 vehementique
1035 3988 1109 4052 odio
1133 3997 1391 4068 prosequeretur

176 4151 177 4154 ,
276 4089 394 4156 Cbristi
418 4091 538 4154 fideles.
563 4089 689 4166 Quibus
712 4092 844 4170 positis,
868 4090 1020 4153 illuditur
1042 4090 1231 4172 anonymus
1256 4102 1332 4154 cum
1360 4092 1391 4151 ln

274 4207 408 4270 persona
435 4190 594 4267 Victoris,
617 4209 714 4271 quom
736 4192 809 4255 loco
832 4189 1020 4255 Eleutherii-
1037 4191 1239 4270 introdusit,
1265 4195 1334 4254 tum
1357 4190 1390 4254 iu
