2886 4784
167 457 285 522 dantur
305 475 379 522 oum
401 440 555 538 praelatis
575 457 812 538 scriptoribus,
835 478 894 522 nec
913 476 988 523 cnm
1009 477 1035 522 s.
1057 455 1202 535 Basilio,
1221 354 1280 538 iiiii

165 559 312 624 eamdem
335 575 408 622 oum
432 559 495 620 iilis
517 576 629 639 passus
662 567 709 623 est
740 561 934 625 illusionem.
957 559 989 624 si
1011 561 1094 623 euim
1115 562 1281 639 (exeeptis
1407 633 1409 638 ,

164 660 329 725 nonnullis
350 658 533 724 Bibliorum
556 661 636 723 locis
657 660 823 735 obscuris,
846 679 931 741 quae
953 663 1080 724 Auctor
1102 661 1229 742 putavit
1250 661 1281 722 iu

161 780 259 826 sensu
281 761 415 824 litterali
438 760 605 824 intellectu
627 763 702 824 satis
721 761 920 835 difficillima,
939 761 1153 841 proindeque,
1170 761 1280 825 littera

161 863 324 936 exclusa,
347 861 523 940 allegorice
555 862 731 942 aliqnando
765 863 941 942 explanare
969 862 1115 937 studuit)
1147 863 1177 923 iu
1210 861 1281 923 aliis

162 961 450 1043 reprehendendus
473 961 557 1024 iuret
577 962 823 1042 scripturarum
854 965 1113 1036 commentariis,
1135 964 1191 1026 ubi
1213 963 1282 1026 uni·

163 1064 286 1128 versim
308 1064 447 1126 admisso
469 1071 500 1125 et
522 1065 669 1142 exposito
690 1084 785 1128 sensu
814 1065 972 1139 litterali,
1001 1065 1116 1127 deinde
1143 1082 1278 1127 conver·

162 1183 219 1229 sue
241 1173 291 1227 est
313 1181 372 1243 pro
394 1165 582 1227 auditorum
598 1165 820 1231 aedificatione
841 1167 880 1227 ad
902 1167 1106 1246 allegoriam,
1125 1173 1201 1230 tunc
1216 1184 1280 1228 nou

160 1267 271 1330 solum
293 1267 360 1347 ipse
381 1266 595 1344 increpandus
617 1275 712 1339 esset,
734 1267 789 1332 sed
805 1277 837 1330 et
852 1269 958 1330 cuncti
983 1267 1146 1331 Ecclesiae
1169 1266 1280 1330 Patres

161 1369 272 1448 graeci
294 1376 325 1430 et
346 1366 449 1439 latini,
471 1367 502 1428 in
526 1368 643 1447 quibus
666 1368 732 1447 ipse
754 1368 903 1444 Basilius,
923 1368 1124 1445 Augustinus
1140 1375 1171 1431 et
1189 1387 1281 1449 prae·

162 1469 260 1549 cipue
282 1467 463 1546 Gregorius
485 1466 632 1546 Magnus.
648 1466 708 1531 Sed
732 1470 808 1548 quid
831 1470 903 1532 dieo
917 1468 1030 1533 Patres
1051 1471 1276 1548 reprehensio·

162 1589 203 1635 na
224 1571 336 1648 dignos
359 1567 456 1634 iore?
479 1568 600 1633 Verum
626 1572 775 1636 eumdem
791 1571 984 1650 ‘Apostolum
996 1594 1007 1651 ;
1031 1574 1087 1652 qui
1110 1573 1278 1636 hincinde

162 1673 195 1736 in
216 1673 283 1735 suis
304 1671 447 1750 epistolis
469 1688 528 1750 pro
550 1672 792 1750 opportunitate
815 1673 876 1735 hoo
898 1674 1094 1754 allegoricae
1115 1675 1280 1755 interpre-

164 1772 296 1836 tationis
317 1789 418 1850 genus
440 1771 586 1850 protulit.
612 1769 654 1846 (ἢ

245 1869 455 1948 Quapropter
475 1869 619 1930 desinant
641 1868 681 1929 ab
702 1867 860 1949 ejusmodi
882 1869 1150 1948 reprehensione,
1173 1886 1279 1950 eoque

162 1971 264 2050 magis
285 1970 371 2032 haud
394 1971 602 2048 ignorantes,
626 1970 807 2034 haereticos
832 1979 864 2033 et
889 1970 1063 2032 maledicos
1095 1969 1198 2032 eidem
1224 1987 1281 2030 ex·

161 2073 336 2152 probrasse
358 2071 444 2133 hunc
466 2080 710 2151 praesumptum
726 2089 897 2134 errorem:
920 2088 1062 2149 quornm
1079 2071 1202 2149 primus
1216 2068 1279 2130 init

162 2171 379 2255 Porphyrius.
404 2171 433 2235 ls
455 2173 538 2234 euim
561 2172 756 2234 christianae
778 2171 953 2251 Religionis
986 2173 1146 2256 mysteriis
1176 2170 1278 2234 insul·

160 2281 256 2348 tans,
280 2272 319 2334 de
342 2273 403 2335 hoe
423 2275 532 2351 arguit
552 2271 623 2352 ejus
642 2271 840 2352 discipulos,
864 2275 895 2336 iu
924 2272 1043 2353 quibus
1071 2271 1281 2350 peculiariter

160 2372 357 2454 Origenem3
381 2375 427 2437 uti
453 2374 562 2436 ridere
592 2377 641 2435 est
671 2373 702 2434 iu
726 2372 855 2435 Eusebii
877 2370 960 2436 Hist.
987 2371 1074 2435 Eccl.
1096 2370 1196 2436 Libro
1217 2368 1274 2434 Vl.

161 2493 191 2538 c.
214 2473 308 2538 xttt.
331 2494 349 2534 r
370 2472 452 2537 Nam
476 2474 611 2536 dumea
642 2475 709 2548 (ait
743 2473 981 2551 Philosophus)
1012 2489 1099 2554 qnae
1134 2472 1230 2550 plana
1250 2478 1283 2533 et

162 2585 309 2658 aperies
327 2573 441 2659 Moyse
463 2575 545 2637 dicta
567 2577 755 2649 amminoni
780 2576 996 2638 venditatione
1020 2576 1198 2654 aenigmata
1214 2590 1283 2635 esse

157 2678 330 2760 jactitant,
353 2686 386 2740 et
408 2678 498 2741 velut
519 2676 623 2739 divina
647 2678 781 2740 oracula
809 2678 903 2756 plena
933 2694 1129 2741 arcanorum
1162 2681 1280 2760 myste-

162 2779 292 2844 riorum
313 2797 438 2842 summa
463 2780 669 2840 veneratione
691 2780 868 2853 celebrant,
892 2779 1040 2841 insolenti
1063 2777 1204 2857 quadam
1225 2794 1276 2838 ar·

161 2882 309 2959 rogantia
331 2888 363 2942 et
384 2879 512 2942 fastidio
534 2880 631 2950 elati,
654 2881 749 2942 animi
772 2882 822 2943 sui
841 2879 1000 2959 judicium
1033 2879 1277 2958 perstringunta

159 2989 194 3046 et
213 2982 304 3044 leves
326 3000 488 3060 vanasque
510 2982 790 3058 interpretationes
811 2981 1032 3044 introducunt.
1051 2978 1168 3041 Deinde
1180 2979 1282 3059 paulo

154 3092 230 3163 post
248 3080 412 3145 subnectit.
438 3080 544 3163 liujus
566 3083 708 3144 inscitiae
724 3093 755 3146 et
771 3083 892 3145 stultae
913 3083 1070 3162 opinionis
1096 3082 1282 3159 exemplam

159 3184 202 3245 ab
223 3181 363 3262 Origene
384 3194 548 3256 sumatur,
576 3185 647 3245 viro
669 3192 733 3248 eto.
757 3202 773 3241 u
798 3181 843 3245 De
866 3183 982 3246 ceteris
1005 3181 1216 3244 conterantur
1236 3179 1283 3241 di·

160 3302 271 3351 ecnssa
294 3286 325 3346 in
347 3282 450 3349 Tomo
474 3284 514 3349 ΙΙ.
539 3304 566 3348 c.
589 3283 690 3348 XXV.

242 3384 301 3448 llis
324 3386 452 3463 positis,
475 3386 570 3448 sicuti
593 3390 704 3449 cervix
727 3384 950 3448 tautummodo
968 3384 1103 3466 iudaice
1126 3382 1282 3447 obsistere

161 3496 271 3569 potest
294 3487 433 3550 evidenti
456 3487 680 3564 declarationi,
704 3487 787 3550 unde
809 3487 991 3566 colligitur,
1014 3505 1099 3566 qnae
1120 3483 1282 3565 Theophi-

235 3753 268 3826 Γ)
285 3751 351 3809 Huc
367 3752 509 3810 referenda
527 3759 570 3810 est
587 3756 732 3810 temeraria
749 3772 782 3812 ao
798 3755 976 3829 iniquissima
994 3754 1165 3812 insimulatio
1177 3753 1272 3810 adver·

159 3862 211 3902 sus
229 3845 382 3918 Origenem
399 3847 547 3902 instituta:
566 3847 616 3902 nbi
633 3847 736 3903 dieitur
753 3848 815 3920 ipse
832 3851 863 3904 in
881 3849 1025 3905 Genesoos
1048 3846 1191 3903 vocabulis
1209 3844 1276 3903 tuui-

156 3937 195 3994 cis
209 3935 322 4010 pelliceis
339 3938 537 4008 interpretatus
555 3955 617 3994 esse
636 3938 735 3994 Adami
754 3945 783 3994 et
801 3939 875 3996 Evae
893 3957 1005 3996 earnem
1023 3945 1052 3995 et
1070 3955 1143 4004 ossa,
1174 3939 1277 4010 qulbus

159 4029 241 4085 Deus
259 4029 397 4086 induisset
414 4047 462 4086 eos
479 4031 586 4102 :aussi
603 4037 694 4098 antea,
714 4033 877 4105 prinsquam
896 4039 1063 4105 peccarent,
1084 4031 1145 4088 siue
1163 4047 1276 4103 corpore

160 4122 293 4178 risissent.
314 4123 404 4190 Quam
422 4124 678 4197 interpretationem
700 4123 799 4180 falsam
828 4131 857 4181 et
885 4126 1016 4188 stolidam
1045 4124 1121 4181 idem
1150 4123 1272 4197 appellat

160 4213 311 4286 Origenes.
331 4214 406 4271 Vide
424 4215 543 4272 Tomum
561 4215 598 4270 ll.
618 4232 643 4272 c.
663 4214 788 4272 XXXII.
