2886 4784
166 476 216 533 est
236 464 395 547 injustitia
417 466 508 545 apud·
528 463 643 539 Deum,
669 475 716 541 ut,
739 476 911 547 antequam
934 477 1157 549 nascerentur,
1182 476 1233 538 val
1255 494 1289 538 a·

164 577 280 649 gerent
301 567 423 648 ailquid
446 569 477 629 iu
502 568 560 630 hac
585 569 662 643 vita,
678 567 854 642 diceretur,
877 567 954 649 quia
975 570 1079 650 major
1100 573 1210 638 smeiet
1230 577 1289 639 mi·

164 669 259 742 nori‚·
282 677 316 749 et
339 677 375 732 ut
396 669 563 731 invenitur
586 687 647 729 uon
671 690 738 730 esse
761 669 936 749 injustitia,
957 673 1045 751 quod
1070 683 1100 734 et
1122 675 1152 736 iu
1177 685 1290 743 ventre

167 773 304 835 tratrem
326 787 424 834 suum
446 770 668 849 supplantavit
689 769 806 842 Jacob,
829 773 854 832 si
877 792 916 835 ex
940 775 1161 852 praecedentis
1183 778 1288 856 (prae-

165 871 370 946 cedentibus)
394 872 479 933 vitae
501 871 623 933 meritis
644 871 738 950 digua
759 890 834 934 aum
857 873 1011 937 dilectum
1027 894 1096 937 esse
1110 881 1286 944 sentiamus

166 991 183 1035 a
207 972 295 1045 Oea,
319 973 362 1033 ita
387 977 423 1034 ut
445 970 538 1033 tratri
561 971 713 1050 praeponi
737 979 942 1049 mereretur3
967 974 1007 1033 ita
1034 975 1129 1034 etiam
1152 976 1191 1036 de
1212 995 1286 1040 coe-

164 1074 304 1137 lestibus
327 1071 510 1134 creaturis:
533 1074 560 1135 si
581 1072 790 1134 advertamus
822 1073 896 1151 quia
931 1074 988 1134 ista
1021 1075 1190 1139 diversitas
1222 1097 1287 1141 nou

168 1184 344 1237 creaturae
367 1171 559 1250 principium
582 1172 635 1234 sed
659 1190 699 1233 ex
723 1172 989 1250 praecedentibus
1011 1176 1116 1237 causis
1139 1195 1199 1256 pro
1222 1196 1286 1240 me-

165 1276 222 1338 riti
245 1274 399 1352 dignitate
421 1273 586 1337 diversum
608 1273 741 1351 singulis
763 1291 779 1333 a
803 1272 977 1336 Conditore
999 1276 1166 1338 ministerii
1190 1294 1282 1356 para·

167 1386 221 1439 tur
243 1374 385 1437 officium
401 1379 464 1435 etc.
482 1391 498 1429 u
514 1371 546 1435 st
561 1392 579 1435 e
596 1374 699 1436 verbis
710 1373 965 1453 praecedentibus
986 1374 1068 1439 uitae
1083 1377 1215 1455 meritis,
1233 1380 1285 1442 rel

166 1496 206 1539 ea
221 1472 485 1558 praecedentibus
505 1474 626 1550 caesis,
647 1482 705 1539 aut
725 1475 819 1538 sicuti
842 1476 1056 1556 paulopost,
1078 1495 1287 1558 unamquem-

162 1597 223 1658 pae
245 1574 435 1651 coelestiam,
458 1574 656 1639 terrestrium
677 1585 706 1639 et
726 1576 924 1645 internorum
944 1575 980 1639 in
1002 1577 1159 1660 semetipso
1174 1579 1286 1643 labere

162 1698 278 1744 musas
294 1680 512 1760 praecedentes
533 1675 731 1741 nativitatem
759 1696 963 1757 corpoream,
986 1681 1153 1760 redarguit
1185 1679 1286 1762 Frep·

166 1782 273 1860 pelias
296 1783 327 1842 in
349 1780 489 1861 Origene
511 1781 691 1843 animarum
719 1781 1001 1860 praeexistentiam
1013 1801 1025 1861 3
1051 1791 1127 1846 tunc
1148 1802 1212 1847 nou
1233 1804 1284 1847 so·

164 1884 234 1948 lam
273 1881 388 1946 taceat
420 1889 452 1945 et
483 1880 570 1944 Esau
602 1883 739 1944 animam
774 1883 858 1944 vitae
890 1901 1005 1945 eorum
1036 1886 1283 1962 praeexstitisse,

163 1992 323 2062 actusque
346 1983 494 2044 elicuisse
516 1982 704 2061 priusquam
724 1984 846 2044 reniret
868 1983 899 2043 iu
921 2000 1053 2060 corpus,
1070 2001 1283 2063 consequere·

163 2094 217 2146 tur
225 2102 237 2162 3
262 2083 316 2146 sed
335 2084 431 2146 etiam
449 2082 605 2145 coelestes
626 2084 693 2145 sive
715 2083 875 2161 angelicas
898 2091 1078 2157 creaturas,
1094 2085 1283 2163 priusquam

161 2185 332 2247 anilriloa
355 2182 422 2247 Oen
445 2193 650 2258 crearentur,
674 2184 741 2246 sire
765 2184 953 2264 prinsquam
976 2192 1093 2259 esseut,
1112 2186 1189 2266 jaur
1203 2187 1284 2247 erti-

164 2287 240 2348 tisse
262 2285 522 2347 concludendum
547 2285 652 2347 foret:
676 2286 762 2364 quod
787 2287 862 2347 item
886 2293 933 2347 est
953 2285 1144 2348 absurdum.

242 2384 400 2448 Similiter
422 2385 582 2462 Freppelii
605 2397 797 2464 argumento
821 2387 863 2447 nil
891 2386 1063 2448 salutarunt
1086 2387 1281 2450 adminicula

159 2486 218 2548 sibi
242 2495 428 2564 comparata
452 2504 468 2546 a
494 2483 590 2547 Libro
615 2486 670 2547 ΙΙΙ.
693 2484 885 2550 Periareiton
907 2507 935 2548 c.
960 2486 983 2549 l.
1008 2485 1163 2552 u.17.et
1188 2506 1214 2548 a.
1240 2485 1278 2546 V.

162 2604 192 2647 u.
214 2583 247 2650 5.
274 2584 323 2648 Ex
346 2604 374 2647 c.
399 2585 422 2647 l.
447 2588 525 2648 haec
547 2588 645 2649 citat:
669 2586 739 2651 Noa
759 2585 850 2650 intra
871 2589 966 2670 lajas
986 2589 1086 2651 secati
1110 2587 1208 2651 vitam
1234 2587 1282 2649 di-

156 2683 317 2766 spensatio
338 2685 480 2750 inmane
501 2686 718 2762 conciuditur,
741 2690 795 2752 sed
808 2687 1036 2769 saturietatem
1051 2708 1283 2770 causamprae·

159 2795 223 2851 stat
244 2805 365 2868 semper
386 2786 529 2851 anterior
550 2786 736 2852 meritorum
756 2798 870 2854 status.
893 2792 986 2867 Quae
1020 2793 1116 2854 verba
1148 2811 1283 2872 prorsus

160 2888 260 2949 aliter
283 2889 424 2951 iudicant
445 2907 543 2968 quam
576 2891 758 2952 animarum
791 2893 1085 2971 praeexistentiam.
1112 2891 1217 2953 Praoit
1239 2892 1281 2954 ibi

161 2989 333 3069 Origenes,
357 2990 474 3051 docens
497 2987 600 3052 Oeam
624 2994 729 3053 omnia
752 3011 826 3055 cum
840 2993 964 3071 justitia
981 2985 1203 3055 moderantem
1219 3011 1280 3072 pro

162 3090 369 3169 singulorum
402 3091 525 3152 meritis
556 3099 588 3152 et
621 3093 725 3154 causis
756 3111 870 3172 regere
899 3093 1098 3155 immortales
1132 3096 1278 3155 animas:

163 3188 289 3253 «llum
313 3209 375 3252 noa
398 3193 480 3253 iutra
515 3191 613 3272 hujus
643 3193 746 3256 seculi
783 3194 879 3276 vitam
911 3193 1104 3273 dispensatio
1137 3195 1277 3256 humana

161 3291 386 3367 concluditur,
406 3293 460 3353 sed
484 3291 589 3355 iuturi
613 3302 714 3357 status
736 3312 866 3357 causam
890 3304 1027 3376 praestat
1051 3312 1178 3373 semper
1192 3301 1280 3356 aute·

160 3394 228 3455 rior
252 3393 444 3455 meritorum
467 3403 582 3469 status,
605 3403 637 3457 et
658 3397 702 3457 sio
729 3396 904 3458 immortali
927 3392 1112 3458 ct'aeterno
1134 3398 1279 3476 aequita-

162 3497 200 3556 tis
220 3495 300 3576 jure
322 3503 355 3557 et
375 3496 594 3559 moderamine
616 3497 746 3560 divinae
768 3498 999 3577 providentiae,
1024 3500 1216 3560 immortalis
1248 3515 1280 3558 a·

158 3599 244 3659 nima
266 3598 306 3659 ad
336 3615 496 3662 summam
527 3598 734 3676 perfectiouis
756 3599 942 3662 adducitur.
966 3618 981 3657 u
1006 3599 1088 3662 llinc
1109 3603 1277 3675 cernitur,

161 3697 258 3760 talem
282 3700 477 3761 anteriorem
501 3701 694 3762 meritorum
714 3707 834 3762 statum
869 3719 931 3762 nou
964 3703 1124 3779 respicere
1156 3702 1279 3764 animas

157 3802 350 3878 priusquam
376 3804 503 3863 veniant
525 3802 556 3863 iu
581 3821 724 3881 corpus3
748 3811 796 3863 ast
827 3809 1028 3880 praesentem
1064 3805 1095 3864 in
1129 3803 1188 3864 ltaa
1211 3805 1275 3865 vita

159 3917 274 3962 earum
297 3899 512 3963 conditionem
537 3901 640 3962 relate
662 3901 700 3960 ad
725 3900 873 3961 loturum
897 3901 1069 3978 seculum;
1094 3901 1148 3962 nbi
1171 3903 1274 3963 anima

156 4000 251 4079 juxta
275 4009 408 4063 actuum
432 4021 567 4064 suorum
592 4004 705 4062 merita
729 4020 745 4062 a
769 3999 836 4062 Oea
860 4003 1072 4064 retribuetur.
1098 4004 1137 4066 Et
1159 4004 1200 4064 ob
1216 4004 1278 4067 hoa

157 4098 251 4161 docet
273 4097 443 4180 Origenes,
467 4102 604 4163 sumsit
628 4101 819 4163 immortalis
843 4102 945 4162 auimo
969 4111 1000 4162 et
1022 4102 1053 4162 in
1078 4103 1139 4169 rita
1165 4102 1276 4166 lutura
1337 4164 1341 4171 ,

158 4207 300 4278 maneat,
326 4199 429 4266 Deum
454 4222 513 4284 pro
536 4221 592 4265 sua
615 4204 767 4284 sapientia
792 4211 921 4278 cuneta,
938 4203 996 4266 etsi
1014 4204 1190 4281 varimodc,
1211 4193 1278 4270 mo·
