2886 4784
180 371 221 438 72

174 475 313 557 epistola
336 474 451 538 Leonis
475 473 514 537 ll.
531 476 570 537 ad
594 477 837 542 Constantinum
860 484 1092 561 imperatorem
1106 485 1161 562 ¹(si
1183 495 1266 549 tanto

176 578 312 656 genuina
336 576 495 656 habetur)
517 597 590 641 cum
613 580 723 641 eadem
747 582 935 643 exclusione
955 580 1121 648 Tbeodori
1143 589 1265 650 occurrit

175 680 345 741 anathema
371 681 467 742 trium
484 680 710 760 Capitnlorum
733 692 764 744 et
784 681 950 763 Origenis:
975 688 1062 765 quod
1079 707 1155 752 snos
1171 691 1266 763 mirum

176 793 235 854 est,
259 800 333 844 cum
363 779 555 844 Theodorus
587 794 833 861 mopsuestenus
865 789 1080 852 constitueret
1116 794 1267 855 maximum

147 874 338 964 'nogotium
363 887 393 946 ln
417 883 562 948 Concilio
585 884 622 945 V.

254 986 304 1047 Ab
328 987 497 1064 bucusque
519 989 672 1065 expositis
693 991 796 1051 sexies
819 1000 942 1053 constat
964 1010 980 1053 a
1008 993 1157 1057 Patribus
1178 997 1207 1056 lu
1225 995 1265 1078 Si·

174 1085 258 1148 nodo
283 1085 334 1148 Vl.
358 1089 551 1149 mentionem
575 1087 644 1148 steri
675 1088 880 1150 decretorum
912 1089 1109 1155 Consiliiv.
1132 1095 1208 1173 quin
1234 1101 1265 1153 ta·

173 1207 244 1251 men
266 1190 324 1250 sibi
346 1189 537 1251 coalescant.
562 1189 655 1252 Alius
677 1192 759 1251 enim
783 1189 857 1250 dicit
874 1193 903 1251 io
920 1192 981 1255 boc
996 1193 1143 1256 Concilio
1158 1196 1264 1256 damna·

175 1299 242 1352 tum
264 1287 450 1367 origenem,
470 1288 645 1368 Evagrium
669 1299 700 1351 et
723 1289 895 1374 Didymum
919 1312 982 1355 una
1007 1313 1081 1356 cum
1108 1295 1208 1356 tribus
1225 1292 1266 1355 Ct-

171 1389 292 1467 pitnlis.
317 1388 411 1451 Alter
444 1390 486 1451 ait
516 1391 703 1451 damnatum
733 1390 906 1469 Origenem
928 1411 1002 1454 com
1026 1394 1169 1456 suissed
1192 1402 1262 1456 extra

99 1556 100 1559 Ἴ
173 1490 254 1552 hane
275 1490 450 1571 Synodum.
477 1490 572 1552 Alius
595 1509 652 1554 nec
673 1489 842 1572 aSyuodo
866 1489 904 1553 V.
923 1511 980 1554 nec
1004 1512 1147 1572 uuquam
1165 1510 1261 1555 memo·

174 1603 223 1656 rat
254 1594 558 1655 anathematizatum
592 1592 777 1670 (trigenum.
804 1591 897 1654 Alter
927 1602 1016 1654 notat
1039 1613 1055 1654 a
1079 1595 1214 1655 concilio
1234 1588 1259 1652 l.

171 1694 373 1757 anathemate
397 1714 564 1775 percussos
585 1693 759 1772 Origeoem
782 1702 812 1754 et
833 1695 949 1769 socios,
967 1693 1040 1754 lbae
1059 1693 1227 1775 Epistulam
1238 1700 1260 1754 et

171 1794 365 1861 Theodoreti
387 1798 505 1877 scripta
517 1817 529 1875 3
552 1797 606 1858 sed
629 1795 670 1855 ab
692 1796 751 1858 buc
773 1797 977 1857 anathemate
998 1797 1147 1857 excludit
1177 1811 1261 1873 perso·

169 1918 241 1962 uam
264 1909 295 1963 et
315 1900 417 1961 libros
439 1897 602 1961 Theodori
625 1898 853 1976 mopsuesteni.
878 1897 1013 1959 Cuinam
1036 1917 1116 1976 ergo
1146 1900 1257 1961 istorum

167 2001 363 2081 credendum
386 1998 462 2063 est?
484 1998 566 2062 Hinc
588 1999 721 2076 colligas
744 1997 820 2076 quid
845 2001 1023 2077 putandum
1046 2003 1087 2062 sit
1109 2001 1149 2062 de
1169 1996 1256 2062 simili·

168 2101 229 2164 bns
254 2104 495 2182 quaestionibus
517 2101 557 2162 ab
580 2101 712 2162 historia
743 2100 909 2177 repetitis:
941 2110 972 2163 et
1001 2106 1114 2181 quanti
1148 2101 1255 2162 illorum

166 2203 309 2266 iacienda
342 2205 383 2268 sit
413 2205 541 2285 opinio,
572 2201 714 2284 quiiude
740 2201 912 2282 Origenem
943 2205 1130 2267 damnatum
1159 2215 1255 2284 propo·

167 2314 262 2385 guent
284 2306 314 2367 iu
336 2306 447 2368 eadem
471 2305 611 2387 Synodo.

245 2406 394 2469 Attamen
417 2425 444 2468 c.
464 2405 584 2468 Censor
605 2405 750 2484 confugit
771 2405 810 2466 ad
835 2403 1054 2468 testimouium
1077 2405 1189 2490 Cyrilli
1205 2416 1252 2464 no·

165 2507 278 2583 uocbi3
302 2509 357 2584 qni
380 2506 410 2567 in
433 2507 493 2568 fine
517 2509 600 2567 ritae
614 2527 638 2568 s.
656 2505 780 2567 Sabbae
801 2508 931 2568 scribite
950 2529 965 2566 a
985 2507 1099 2586 ltaque
1120 2516 1252 2571 cumsan-

164 2616 214 2671 cta
228 2618 258 2670 et
276 2609 465 2669 universalis
480 2612 589 2688 quinta
606 2608 753 2692 Synodus
764 2605 1038 2686 Constantinopoli
1051 2619 1132 2669 esset
1146 2613 1246 2673 coacta,

163 2709 326 2771 communi
348 2715 380 2770 et
401 2710 541 2788 generali
563 2711 759 2771 anathemati
781 2709 930 2772 submissi
955 2718 1028 2772 sunt
1060 2709 1207 2789 Origenes
1230 2707 1252 2763 et

163 2806 354 2871 Theodorus
377 2819 623 2888 mopsuestenus
645 2829 718 2872 cum
743 2810 790 2884 iis,
814 2827 898 2888 quae
921 2809 959 2871 de
982 2808 1252 2888 praeexistentiam

161 2912 363 2972 restitutione
384 2911 466 2972 dicta
490 2913 625 2973 suntab
650 2910 789 2989 Evagrio
811 2920 842 2973 et
865 2909 1027 2992 Didymo,
1051 2908 1249 2988 praesentibus

162 3019 306 3091 quatuor
328 3015 532 3092 patriarchis,
549 3024 647 3093 atque
670 3014 796 3075 decreta
822 3014 1120 3090 comprobantibus.
1145 3031 1160 3068 o
1182 3009 1251 3071 lleio·

163 3113 202 3174 de
222 3114 330 3175 subdit
350 3114 516 3177 decretum
542 3112 799 3196 Hierosolymam
825 3117 956 3176 missum
987 3113 1087 3173 tuisse
1109 3120 1141 3173 et
1161 3105 1250 3172 confir·

162 3222 284 3275 matum
306 3215 346 3274 ab
367 3216 544 3292 episcopis:
570 3216 653 3275 unde
677 3216 795 3275 lactum
819 3225 888 3284 est,
913 3222 948 3274 ut
973 3214 1120 3274 monachi
1144 3210 1250 3273 neolau-

160 3317 244 3384 ritae
265 3333 281 3376 a
305 3317 462 3377 catholica
486 3318 711 3378 commuuione
733 3337 766 3375 se
788 3325 988 3392 separarent.
1112 3322 1116 3328 “

241 3413 312 3479 Hoc
334 3434 432 3496 porro
455 3418 686 3480 documentum
710 3422 794 3478 inter
815 3417 892 3477 laisa
928 3418 1047 3494 rejeci3
1082 3427 1113 3478 et
1145 3412 1250 3495 quidem

156 3523 244 3602 iore.
270 3520 412 3597 decepto
434 3521 516 3580 enim
540 3519 653 3599 Cyrilli
678 3520 859 3579 testimonio
889 3520 1136 3595 supponendum
1168 3518 1249 3580 esset,

161 3622 227 3685 duo
252 3621 386 3684 concilia
410 3622 616 3681 oecumenica
640 3621 752 3679 eodem
777 3630 922 3695 tempore
945 3616 1213 3696 Constantinopoli
1229 3627 1249 3670 a·

159 3726 278 3785 donata
303 3722 423 3785 luisse:
448 3738 549 3782 uuum
573 3720 611 3780 de
633 3739 699 3799 qno
721 3721 871 3798 loquitur
892 3719 1058 3800 cyrotus,
1081 3730 1114 3781 et
1145 3720 1194 3782 ubi
1220 3711 1251 3771 dl·

157 3834 338 3904 sceptatnm
361 3835 408 3886 est
431 3823 470 3884 de
491 3821 640 3899 Origenis
662 3824 851 3897 erroribns3
873 3831 904 3882 et
927 3820 1015 3882 alind
1039 3820 1080 3882 de
1096 3824 1195 3883 tribus
1208 3813 1250 3876 Cr·

159 3926 281 4005 pilulis.
305 3925 523 3990 Nihilominus
545 3926 673 4002 saepius
691 3924 813 3985 laudati
833 3922 967 3985 Romani
986 3922 1156 3986 Pontifices
1173 3929 1249 3983 unoto

159 4028 383 4089 tantummodo
403 4035 552 4088 asserunt
574 4025 605 4083 in
629 4026 746 4086 borum
778 4023 1006 4104 Capitulorum
1037 4023 1249 4085 damnationem

159 4129 335 4191 adunatum
357 4148 436 4191 esse.
460 4125 500 4190 m
521 4127 648 4205 saepius
671 4126 732 4188 boc
754 4127 906 4189 obtestati
928 4132 1012 4188 sunt.
1035 4125 1162 4201 Quibus
1190 4128 1249 4192 elil

160 4228 358 4296 credendum
380 4225 456 4293 est?
477 4224 570 4290 lland
592 4226 737 4289 arbitror
758 4225 929 4291 Censorem
954 4225 1062 4305 potius
1084 4222 1201 4308 Cprillo
1223 4212 1249 4273 fi·
