2886 4784
170 465 223 546 qui
247 464 483 527 manducabant
504 465 543 526 ds
566 465 654 527 micis
676 464 864 526 cadentibus
885 464 924 525 de
948 480 1053 525 mensa
1076 464 1281 529 dominorum

167 577 325 644 'suorum3
348 585 389 627 ex
412 566 530 644 quibus
552 582 705 626 conversa
729 564 898 628 Cbananea
923 565 1005 626 lacta
1028 573 1076 626 est
1101 563 1159 628 Dei
1192 566 1278 640 lilia,

163 667 343 730 secundum
366 667 452 746 quod
476 667 551 727 dieit
573 666 612 727 ad
635 684 705 727 earn
721 665 891 728 Salvator:
911 665 1035 745 Ofilio,
1053 685 1169 746 mcpca
1183 678 1227 728 cst
1240 671 1279 747 fi·

161 769 216 830 des
238 777 305 829 tua.
329 768 523 834 sicutenim
548 769 650 829 virtus
673 770 768 828 animi
792 769 917 830 conlert
940 770 1115 846 uuicuique
1139 772 1228 831 ntsit
1243 770 1279 830 c·

162 870 230 931 lius
255 869 335 946 llei3
358 869 400 930 ita
425 869 543 930 malitia
568 870 702 942 mentis,
726 878 757 929 ot
781 871 956 933 verborum
979 873 1096 930 insania
1119 879 1149 930 ct
1174 872 1280 944 impu·
1352 854 1355 859 ’

160 971 272 1032 dentis
297 970 370 1032 lacit
395 988 662 1049 unumquemque
683 971 859 1033 secundum
882 972 1070 1048 Scripturas
1102 975 1278 1032 auctorita·

162 1080 229 1132 tem
253 1071 410 1149 appellari
436 1089 558 1133 canem.
584 1071 737 1133 Similiter
759 1080 867 1133 autern
890 1074 1132 1151 intelligendum
1164 1083 1211 1134 est
1240 1075 1279 1136 dc

159 1181 351 1235 ceterorum
374 1173 560 1233 animalium
584 1182 749 1233 mutorum
773 1173 1053 1250 appellationibus.
1077 1194 1093 1230 a

247 1272 373 1334 Pariter
394 1293 434 1334 ex
457 1272 696 1335 Commentario
727 1273 762 1334 in
788 1273 959 1356 Proverbt'a
990 1276 1171 1339 Salomonis
1202 1277 1275 1338 talia

157 1375 296 1452 collegit
320 1372 506 1451 Pamphilus
529 1374 567 1435 de
590 1376 698 1434 entem
723 1379 931 1453 quaestione:
956 1396 973 1434 tt
996 1372 1135 1438 Videtur
1165 1385 1275 1438 autem

160 1476 240 1537 mibi
264 1481 296 1536 ct
319 1474 374 1536 illa
398 1478 544 1546 assertio,
568 1491 652 1552 quae
676 1474 898 1536 transformari
927 1478 1048 1537 animas
1072 1477 1110 1536 de
1133 1477 1277 1552 eorpori-

158 1578 221 1640 bus
243 1578 276 1637 in
297 1577 359 1636 alia
384 1593 522 1652 corpora
545 1583 730 1650 asseverat,
755 1577 937 1654 pervenisse
964 1579 1058 1638 etiarn
1090 1578 1119 1637 in
1150 1579 1276 1657 aliquos

157 1695 301 1750 corum,
325 1677 380 1755 qui
403 1674 532 1737 Christo
554 1676 688 1737 credere
712 1675 862 1736 sidentur
893 1695 933 1737 ex
967 1678 1159 1755 quibusdam
1192 1679 1276 1742 Scri·

156 1786 278 1859 pturae
299 1789 429 1840 sanctae
450 1777 687 1850 occasionibus,
710 1794 772 1838 non
794 1778 1018 1856 intelligentes,
1042 1781 1206 1858 quomodo
1228 1781 1274 1841 in·

154 1882 261 1959 telligi
277 1881 426 1955 debeant,
443 1898 527 1960 quae
548 1880 666 1957 scripta
690 1877 870 1941 sunt..Non
893 1881 976 1942 cuim
991 1881 1177 1952 advertunt,
1195 1900 1275 1961 quo-

155 1983 255 2045 modo
277 1983 375 2044 bomo
397 1980 557 2043 efficiatur
580 1987 637 2040 aut
660 1981 770 2058 pullus
794 1992 850 2041 aut
872 1999 997 2059 equus:
1021 1990 1053 2043 et
1077 1990 1276 2061 putaverunt

155 2085 370 2145 transmutari
393 2084 529 2144 animam
555 2082 726 2144 humanam
750 2083 779 2141 in
803 2082 964 2158 pecudum
987 2100 1139 2162 corpora,
1164 2093 1198 2144 ut
1220 2103 1272 2144 ae·

153 2185 349 2258 stimarcnt,
372 2184 459 2262 quod
482 2183 657 2262 aliquando
677 2184 834 2260 serpentis
865 2184 999 2258 suscipit
1030 2201 1171 2260 corpus,
1196 2183 1269 2257 vel,

154 2286 302 2364 viperae,
325 2285 500 2363 aliqnando
522 2286 610 2362 equi,
629 2284 678 2344 vel
698 2283 899 2360 reliquorum
917 2282 1115 2344 animalium.
1133 2282 1206 2346 lam
1222 2303 1272 2346 er⁴

151 2404 196 2465 go
219 2404 420 2464 consequens
441 2395 501 2457 est,
525 2395 557 2445 et
579 2385 640 2446 boc
663 2385 735 2447 illos
758 2385 865 2446 dicere
885 2385 1024 2457 debere,
1047 2383 1135 2462 quod
1163 2385 1272 2464 diabo-

154 2488 224 2559 lus,
240 2489 298 2564 qui
319 2487 371 2548 leo
393 2487 424 2547 in
445 2484 622 2563 scripturis
644 2486 778 2559 dicitur,
794 2504 932 2563 corpore
954 2487 1054 2549 leonis
1071 2493 1196 2561 utatur,
1213 2495 1271 2547 aut

152 2588 309 2649 draconis
330 2588 494 2660 carnibus,
512 2604 585 2648 cum
608 2588 707 2649 draco
729 2587 924 2649 nominatur.
950 2584 993 2648 lta
1017 2587 1079 2648 erit
1102 2595 1137 2648 nt
1157 2604 1271 2647 secun·
1301 2619 1304 2623 ⁴

153 2689 235 2751 dum
260 2690 333 2750 illos
357 2689 581 2750 transmutatio
615 2690 656 2748 ita
690 2690 871 2749 animarum
903 2679 1123 2763 perveniatet
1145 2687 1174 2747 iu
1197 2686 1272 2748 dac-

152 2807 290 2853 mouum
312 2798 486 2861 naturam,
510 2790 608 2849 utsii
628 2789 803 2869 aliquando
828 2789 878 2849 vel
899 2789 964 2862 leo,
990 2789 1040 2850 tel
1062 2789 1173 2861 draeo,
1202 2790 1268 2848 ani-

151 2907 242 2952 mam
266 2888 384 2951 liabens
406 2889 554 2950 diabolus
576 2933 583 2948 .
609 2935 616 2948 .
640 2934 647 2948 .
672 2936 679 2948 .
703 2886 763 2950 Sed
787 2887 969 2964 superlluae
991 2896 1065 2948 sunt
1087 2887 1167 2949 istae
1195 2905 1267 2948 om·

149 3009 210 3052 nes
231 2991 482 3050 adinventiones.
508 2986 713 3050 Manifestum
736 2997 782 3049 est
816 2990 918 3060 enim,
949 2986 1035 3065 quod
1070 3005 1131 3047 una
1165 3005 1266 3065 poena

149 3102 218 3155 tam
241 3092 434 3152 daemonnm
458 3100 605 3164 naturae,
629 3109 725 3168 quam
751 3093 891 3152 hnmano
914 3091 1034 3167 generi,
1059 3100 1265 3168 peccatorum

147 3213 168 3255 a
192 3191 333 3255 Domino
356 3191 522 3269 praefinita
545 3194 584 3252 sit
606 3203 666 3252 etc.
690 3209 706 3246 n

232 3291 274 3354 Et
297 3293 372 3371 quid
407 3294 454 3353 bis
483 3294 668 3355 testimoniis
700 3292 898 3353 manifestius
930 3300 1041 3352 contra
1075 3288 1264 3372 Hieronymi

145 3397 449 3474 praesumptionem
479 3394 518 3455 dc
540 3394 688 3472 Origonis
709 3411 822 3455 errore
844 3393 928 3454 cirea
951 3388 1267 3470 metempsychosim?

142 3497 225 3562 Sino
248 3498 339 3576 loqui
362 3499 401 3561 de
422 3518 489 3571 eo,
520 3498 608 3576 quod
640 3498 750 3559 scribit
772 3499 802 3558 in
825 3495 923 3558 Libro
948 3494 1002 3558 tv.
1027 3513 1055 3556 u.
1078 3494 1127 3558 ti.
1151 3505 1262 3557 contra

141 3601 307 3674 Celsum,
338 3599 465 3662 Platoni
496 3600 697 3679 exprobrans
729 3601 854 3660 animae
885 3599 1197 3675 transmigrationem
1228 3597 1267 3656 de

140 3719 290 3781 corpore
312 3702 342 3763 in
363 3720 501 3780 corpus;
517 3703 702 3780 etamplius
719 3703 750 3763 in
768 3700 865 3763 Libro
882 3700 940 3762 lll.
956 3719 986 3761 n.
1002 3699 1054 3762 75.
1075 3700 1128 3761 ubi
1146 3699 1184 3759 de
1201 3699 1263 3759 illis

140 3805 365 3884 conqueritur
386 3805 605 3882 pbilosophis,
629 3805 738 3884 quod,
762 3822 835 3866 cum
859 3801 945 3865 Deus
967 3804 1147 3863 animarum
1170 3810 1286 3861 curet'

140 3906 394 3969 conversionem
416 3914 449 3966 et
470 3906 628 3980 salutem,
654 3906 727 3968 illos
748 3907 792 3967 ait
814 3905 921 3964 insana
945 3903 1000 3964 illa
1023 3901 1203 3964 animarum
1233 3903 1264 3960 in

142 4009 238 4069 varia
268 4024 406 4085 corpora
438 4009 725 4084 transmigrationis
758 4007 906 4084 opinione
936 4022 1003 4066 esse
1036 4003 1221 4064 infatuatos.
1245 4023 1260 4056 u

141 4112 301 4169 attamen
319 4094 676 4190 juxta'llieronyntum
698 4125 840 4184 suosque
862 4105 900 4164 ad
924 4106 1005 4166 banc
1028 4112 1164 4164 aetatem
1180 4121 1265 4164 asse·

140 4211 226 4283 ctas,
255 4204 412 4286 Origenes
441 4205 560 4272 Christi
588 4210 749 4286 negligens
770 4208 962 4279 doctrinam,
994 4205 1071 4276 bac,
1100 4222 1199 4282 quam
1229 4207 1261 4266 iu

140 4311 218 4377 aliis
240 4311 415 4391 corripuit,
436 4310 600 4379 laborant
620 4311 780 4375 fatuitate.
803 4307 845 4373 Et
866 4309 909 4371 ita
931 4324 1007 4372 sane
1028 4307 1090 4371 hoe
1113 4304 1201 4370 crit?
