2886 4784
164 345 225 413 tati

163 450 292 513 vocavit
312 465 370 511 nec
393 446 557 508 damnavit
579 446 800 507 haeretienmz
824 443 990 525 quomodo
1011 445 1076 508 boe
1098 463 1196 510 ausus
1222 454 1259 510 est

166 546 384 627 Hieronymus
408 547 500 608 valde
521 547 562 607 ab
584 548 667 607 urbe
686 544 832 608 distans?
853 546 1006 608 Ceterum
1030 546 1107 608 nihil
1129 547 1192 609 boe
1218 546 1263 608 mi·

166 668 239 712 rum
262 649 300 710 de
324 645 536 730 Hieronymo,
558 648 615 725 qui
638 648 668 706 in
690 645 770 707 cella
795 647 1012 708 bethlemitica
1034 648 1187 721 clausus,
1207 664 1264 725 per·

166 748 272 810 ssdiam
296 750 454 827 ignoravit
476 745 647 825 Theophili
680 747 836 808 adversus
858 746 1029 826 Origenem
1053 758 1086 809 et
1108 749 1265 810 monachor
1290 766 1293 771 ’

165 850 355 921 nitrienses,
382 856 414 910 et
441 867 525 927 quae
547 848 586 908 de
611 846 701 908 ltalia
726 848 818 909 anviei
845 847 1075 911 fraudulenter
1095 850 1125 910 ei
1146 849 1266 928 scripse·

165 957 238 1011 rani
258 951 297 1012 de
320 948 437 1011 Ruffivvi
462 951 492 1009 in
515 950 628 1012 urbem
651 951 803 1015 adventu.

246 1049 430 1127 Anastasius
454 1053 575 1127 pariter
590 1049 705 1111 loanni
728 1055 878 1127 episeopo
902 1048 1111 1127 respondens,
1135 1049 1179 1110 ait
1200 1046 1268 1110 bul·

165 1149 263 1213 linum
287 1168 344 1228 per
368 1148 560 1213 Peridrrivon
582 1152 713 1212 latinam
737 1153 916 1212 versionem
941 1150 1083 1212 voluisse
1099 1149 1266 1211 dissolvere
1293 1196 1295 1201 .

165 1251 260 1313 fidem
282 1252 515 1332 apostolicam,
538 1270 595 1314 nee
621 1262 726 1313 tamen
757 1251 834 1313 dicit
856 1253 907 1330 (o.
930 1249 984 1320 3.)
1007 1269 1124 1311 revera
1158 1248 1269 1313 Romae

165 1355 276 1433 plures
297 1355 338 1414 ab
359 1373 395 1415 ea
418 1354 568 1432 deceptos
593 1357 750 1427 versione,
770 1363 1011 1430 praesumptam
1029 1353 1189 1415 haeresim
1205 1371 1269 1431 pro·

164 1455 258 1516 litori.
275 1453 356 1518 Nam
372 1456 471 1535 paulo
494 1465 563 1533 post
586 1455 624 1516 de
645 1472 681 1516 ea
706 1457 770 1533 ipsa
788 1458 829 1530 tn.
846 1451 889 1532 5.)
908 1455 1032 1516 subdit:
1051 1473 1068 1512 e
1084 1453 1178 1517 Certa
1199 1470 1267 1517 curt

164 1571 228 1616 non
244 1555 347 1616 deerit
362 1555 527 1633 Evangelii
550 1556 644 1617 tidem
667 1557 752 1617 cirea
777 1574 863 1617 meos
885 1557 1052 1617 custodire
1073 1557 1266 1635 populos...

163 1672 268 1733 nequa
291 1657 476 1734 prophanae
498 1657 770 1734 interpretationis
792 1656 884 1734 oripo
914 1656 1092 1735 subrepat3
1117 1674 1201 1736 qnae
1221 1654 1265 1717 de

165 1763 255 1816 votas
277 1766 398 1819 mentes
420 1757 558 1819 immissa
582 1759 633 1819 sui
655 1756 791 1832 ealigine
813 1755 1010 1818 labefactare
1032 1766 1181 1820 conetur.
1197 1773 1213 1812 n
1230 1751 1269 1818 Da

164 1853 291 1932 laturo,
313 1874 373 1920 nee
394 1857 433 1919 de
455 1859 643 1938 praeterito,
661 1876 719 1919 nee
740 1857 779 1919 de
802 1859 960 1936 praesenti
983 1857 1136 1936 loquitur
1155 1874 1181 1919 a.
1198 1855 1267 1919 Pon·

164 1955 254 2020 tifex.

244 2056 416 2121 Praeterea
437 2059 475 2121 ad
499 2060 581 2123 illud
605 2059 854 2123 incumbendum
876 2066 937 2132 est,
953 2058 1041 2137 quod
1058 2056 1265 2144 Hieronymus

164 2159 195 2219 in
217 2157 529 2240 miserabantur
552 2163 624 2223 ideo
639 2163 772 2224 scribit:
796 2181 813 2220 «
835 2159 1043 2239 Quamquam
1066 2160 1189 2223 celebri
1209 2175 1267 2222 ser·

164 2277 257 2321 mone
279 2260 449 2339 vulgatum
471 2263 524 2334 sit,
539 2263 668 2324 beatum
692 2281 825 2342 qnoque
848 2264 1054 2324 anastasium
1076 2263 1191 2325 eodem
1212 2259 1265 2322 ier·

164 2377 255 2431 rore,
272 2363 347 2439 qnia
370 2362 483 2426 eodem
504 2365 700 2440 spiritu-est,
718 2363 878 2424 latitantes
900 2364 931 2423 in
953 2362 1055 2424 lovois
1076 2363 1145 2425 suis
1168 2364 1265 2423 haere·

163 2461 241 2524 ticos
264 2470 483 2540 persecutum:
500 2464 636 2543 ejusque
659 2464 787 2525 litterae
809 2466 944 2525 doceant
966 2463 1156 2525 damnatum
1171 2463 1200 2523 in
1214 2459 1264 2522 Oe·

162 2562 299 2635 eidente,
318 2564 403 2642 quod
426 2566 457 2624 in
479 2565 611 2627 Oriente
633 2566 818 2626 damnatum
841 2574 901 2626 est.
925 2583 941 2620 n
967 2563 1006 2627 Et
1028 2566 1090 2626 hoc
1113 2559 1263 2625 dicitllte

163 2680 317 2742 ronymus
338 2681 378 2724 ee
397 2663 508 2725 celebri
537 2683 676 2726 sermone
706 2666 895 2743 culpatum,
919 2682 981 2725 non
1004 2681 1083 2724 vero
1116 2681 1158 2726 ex
1189 2666 1263 2726 certi

52 2842 55 2849 Ι
161 2764 313 2838 seientia,
337 2763 375 2825 de
397 2764 535 2842 Origene
558 2764 679 2826 Romae
703 2785 776 2827 cnm
802 2763 929 2826 liuffivvo
952 2774 983 2825 et
1004 2767 1099 2826 sociis
1123 2759 1263 2824 damnatis

163 2875 199 2926 ut
222 2865 402 2927 haereticis.
426 2862 467 2927 Et
488 2866 617 2944 quidem
641 2875 846 2928 monumenta
880 2883 999 2927 coaeva
1031 2874 1063 2926 et
1094 2865 1262 2927 successiva

163 2963 239 3025 huic
260 2965 485 3027 contradicunt
505 2968 677 3044 'supposito
700 2968 911 3029 anathematis
934 2968 1079 3040 decreto,
1103 2967 1197 3029 sicuti
1216 2977 1263 3023 na·

162 3080 221 3142 par
241 3064 377 3126 ostendi.
957 3120 959 3125 ,

240 3164 315 3227 Post
337 3167 397 3227 hoe
419 3183 481 3227 oon
502 3167 608 3228 solum
632 3185 690 3246 pro
712 3165 852 3248 Origene
873 3167 927 3230 sed
951 3168 1093 3229 maxime
1116 3184 1176 3245 pro
1206 3180 1261 3227 me·

159 3265 268 3327 naebis
289 3266 331 3326 ob
352 3266 466 3328 oeulos
488 3269 548 3328 rite
571 3268 751 3330 habendum
774 3279 834 3344 est,
851 3269 937 3347 quod
957 3270 1130 3346 hueusque
1149 3267 1262 3329 videtur

160 3368 423 3446 praetermissum
447 3368 487 3428 ab
510 3368 607 3449 hujus
629 3371 825 3448 quaestionis
857 3370 1110 3443 tractatoribus,
1134 3379 1166 3431 et
1185 3361 1258 3447 quod

160 3466 289 3544 quidem
311 3485 475 3528 summum
497 3479 566 3529 est:
590 3469 670 3531 idest
692 3473 888 3548 quaestionis
910 3472 988 3531 initii
1012 3488 1163 3545 examen,
1191 3465 1261 3531 unde

160 3568 190 3626 in
213 3563 356 3629 Ecclesia
381 3578 503 3630 tantum
526 3580 635 3632 ortum
659 3579 705 3631 est
726 3573 913 3646 opinionum
944 3572 1140 3644 discrimen,
1170 3569 1260 3632 initu·

157 3677 205 3729 ste
228 3687 361 3746 pergens
383 3669 421 3730 ad
446 3671 526 3734 hanc
551 3690 654 3749 nsque
676 3681 826 3746 aetatem,
852 3673 1016 3733 hominum
1040 3683 1182 3734 mentem
1204 3678 1260 3732 tnr-

157 3769 256 3830 hans:
280 3779 311 3831 et
334 3769 417 3832 unde
440 3772 615 3832 universim
638 3790 733 3834 carisa
755 3773 899 3852 judicata
922 3792 959 3834 ac
981 3772 1113 3834 definita
1135 3779 1258 3834 osteum

158 3866 328 3947 Origenis,
352 3872 586 3933 monachorum
615 3873 815 3933 nitriensium
848 3881 878 3934 et
913 3872 1054 3934 aliorum
1088 3879 1261 3933 sanctorum

161 3970 307 4030 virorum
330 3969 458 4049 injuria.

237 4068 441 4144 Quaestionis
462 4089 478 4131 a
501 4074 568 4136 suis
591 4073 774 4153 primordiis
808 4073 891 4136 inter
912 4071 1132 4151 Theophilum
1154 4077 1187 4133 et
1206 4083 1261 4130 mo

139 4169 278 4233 nacbos
298 4177 424 4250 status,
447 4173 486 4236 ad
509 4192 605 4254 quem
630 4180 706 4240 tuno
728 4181 800 4241 erat
821 4180 852 4239 et
873 4180 920 4240 cst
944 4171 1040 4239 modo
1064 4168 1258 4240 revocanda·
