2886 4784
161 442 253 506 Esau·
268 442 431 521 disputans
453 445 518 510 nit:
546 440 622 508 Citra
644 438 729 506 enim
750 439 892 507 nondum
914 444 987 508 neti
1006 440 1155 526 fuissent,
1178 456 1273 524 ntqttt

158 544 291 625 epissent
310 542 439 623 aliquid
457 544 530 608 boni
552 547 599 608 uel
619 543 698 608 moti
719 543 978 625 (etpropositttm
998 546 1084 627 quod
1103 547 1271 609 secundum

156 646 331 709 eiectionem
355 644 412 706 Dei
429 648 550 726 suetum
572 655 637 719 est,
657 647 870 727 permaneret)
891 663 954 707 non
975 665 1014 707 ee
1033 639 1211 725 operibns,
1225 646 1272 708 sed

157 765 197 808 ec
216 755 345 808 coeunte
365 745 486 810 dietum
506 756 551 809 est
571 746 599 809 ei
608 767 618 807 .·
637 745 716 826 quia
737 747 839 828 major
861 745 973 810 serviet
994 745 1124 809 minori.
1143 768 1161 804 »-
1181 746 1220 810 tu
1235 749 1270 808 ita

157 851 306 927 sequitur
327 847 481 927 Origenes
504 850 605 912 citans
627 859 658 910 et
679 867 855 928 exponens,
875 867 958 929 quae
974 850 1025 910 ait
1043 849 1224 928 Apostolus
1245 851 1270 911 in

161 967 208 1011 cc.
228 946 314 1010 viti.
339 958 369 1009 et
393 947 446 1010 tx.
469 951 508 1010 ad
535 947 715 1011 Romanos:
740 949 794 1010 ubi
817 952 960 1012 omnium
986 949 1121 1012 Petrum
1145 965 1272 1012 cousen-

160 1068 198 1111 ro
221 1047 387 1127 agiturzde
404 1049 716 1127 praedestinatione;
739 1052 770 1110 in
792 1052 878 1129 quod
902 1060 1132 1129 argumentum
1155 1059 1190 1113 et
1212 1052 1270 1130 ipse

160 1149 317 1228 Origenes
339 1151 505 1212 incumbit.
532 1147 750 1213 Nihilominus
775 1147 965 1227 Freppeiius
986 1151 1083 1212 aliter
1112 1151 1212 1231 hujus
1233 1151 1270 1212 di·

160 1251 333 1313 soussioois
358 1268 493 1328 scopum
516 1252 770 1328 interpretatus,
793 1251 832 1312 ad
855 1251 1036 1314 animarum
1059 1252 1270 1332 praeexisten-

163 1352 238 1413 tiam
262 1351 451 1439 transtulit,
474 1353 526 1413 cui
549 1369 611 1413 non
633 1352 801 1412 convenio.
1240 1374 1244 1379 ’

136 1435 144 1446 ’
243 1449 284 1514 Et
304 1453 456 1532 primum,
479 1454 505 1514 si
527 1471 567 1513 en
591 1452 650 1512 bec
670 1448 820 1529 Origenis
842 1451 881 1512 de
902 1450 1026 1514 Jacobo
1049 1459 1083 1513 et
1108 1448 1196 1514 Esau
1218 1450 1268 1512 dis·

162 1553 334 1631 quisitioue
359 1553 430 1614 taiis
452 1552 630 1615 inferretur
651 1552 816 1626 doctriua,
839 1561 914 1615 tuno
929 1559 1126 1632 sequeretur
1143 1552 1268 1630 aposto

162 1651 231 1714 lum
254 1652 369 1733 (cujus
394 1652 491 1716 rerba
513 1662 545 1715 et
568 1671 654 1714 meos
676 1653 716 1713 ab
737 1664 778 1715 eo
799 1653 1033 1732 explanantur>
1058 1652 1187 1715 Platoni
1205 1669 1267 1715 coo·

163 1754 308 1828 venisse,
331 1755 417 1832 quod
440 1763 486 1816 est
508 1755 696 1815 absurdum.
723 1751 824 1828 item,
846 1756 871 1815 si
902 1756 974 1816 inde
996 1755 1165 1816 iniec-enda
1195 1762 1266 1816 esset

162 1854 343 1916 animarum
366 1854 636 1933 praeexistentia,
660 1853 762 1926 idest,
785 1862 822 1915 ut
846 1854 917 1915 ruit
950 1852 1168 1933 Freppeiius,
1191 1852 1265 1934 quod

165 1956 303 2027 animae,
326 1957 514 2035 priusquam
537 1956 568 2016 in
589 1973 710 2033 corpus
734 1958 900 2029 venirent,
920 1955 987 2035 jam
1010 1962 1166 2030 creatae,
1188 1963 1266 2018 actus

164 2054 284 2119 liberos
308 2058 360 2122 vei
383 2056 482 2120 bonos
506 2058 556 2118 vei
580 2056 682 2118 malos
703 2057 910 2131 elicuissent,
933 2074 970 2118 oc
991 2057 1105 2119 deinde
1140 2071 1265 2136 corpore

167 2165 294 2219 terrena
317 2157 505 2230 induissent,
530 2166 605 2219 tuoe
626 2168 822 2236 sequeretur
842 2175 905 2217 oon
930 2158 1035 2218 solum
1067 2158 1192 2219 animas
1219 2155 1265 2216 bo·

166 2259 287 2319 minum
309 2259 362 2319 sed
385 2269 417 2319 et
438 2258 570 2337 angelos
591 2266 623 2321 et
645 2257 829 2332 daemones,
852 2260 1043 2338 priusquam
1066 2276 1083 2320 a
1108 2255 1265 2320 Deocret·

166 2367 294 2434 rentur,
312 2359 379 2439 jam
402 2361 556 2422 creationi
580 2359 814 2438 praeexstitisse,
830 2361 872 2420 ita
897 2368 932 2422 ut
954 2371 1126 2422 creaturae
1149 2357 1265 2423 Creato-

164 2463 192 2524 ri
215 2461 460 2539 praecessissent
483 2464 512 2523 in
535 2461 647 2522 ordine
669 2462 853 2533 creationis,
877 2462 963 2540 quod
984 2461 1136 2523 similiter
1158 2469 1206 2523 est
1223 2459 1265 2520 ab

164 2563 313 2625 surdum.
338 2563 390 2625 aii
414 2568 552 2641 uanique
574 2561 754 2641 Origenes:
778 2582 795 2620 a
821 2560 939 2623 Eadem
962 2563 1059 2635 euim,
1083 2572 1114 2623 et
1137 2561 1211 2623 mibi
1231 2557 1265 2619 ri·

165 2661 274 2736 detur,
298 2679 383 2741 quae
405 2663 444 2722 de
466 2660 569 2724 Jacob
590 2671 622 2723 et
645 2660 731 2723 Esau
754 2663 901 2739 quaestio
925 2664 1145 2739 proponitur,
1169 2657 1263 2724 baberi

165 2762 261 2824 etiam
285 2762 324 2822 de
346 2761 541 2824 coelestibus
563 2760 711 2823 omnibus
733 2768 765 2822 et
781 2762 989 2823 terrestribus
1005 2763 1179 2835 creaturis,
1196 2759 1266 2823 etde

143 2861 299 2924 infernis
327 2869 443 2941 potest.
469 2861 509 2924 Et
538 2861 687 2923 similiter
716 2863 794 2923 mibi
829 2862 978 2935 videtur,
1011 2863 1107 2924 sicuti
1138 2862 1180 2923 ibi
1210 2860 1263 2919 sit:

167 2980 238 3023 eum
258 2960 341 3034 enirn
362 2963 501 3026 nondum
523 2961 593 3025 nati
612 2961 772 3043 fuissent,
794 2980 891 3043 neque
911 2959 1038 3042 aliquid
1057 2961 1190 3041 egissent
1207 2954 1265 3022 nai

169 3065 218 3126 oet
237 3062 336 3136 rnoli;
358 3066 400 3125 ita
424 3067 519 3127 etiam
543 3065 582 3126 de
604 3067 720 3128 ceteris
741 3065 890 3127 omnibus
907 3065 967 3126 dici
982 3082 1097 3143 posse:
1114 3059 1265 3126 eumenia

166 3166 305 3227 nondum
327 3174 434 3228 ereutu
455 3173 567 3240 essent,
589 3184 688 3245 neque
709 3166 842 3246 epissent
862 3165 989 3244 aliquid
1009 3163 1083 3227 boni
1103 3167 1154 3228 oei
1180 3158 1265 3232 moti,

164 3275 202 3330 ut
221 3267 396 3331 seeundum
416 3265 592 3329 eiectionem
610 3267 805 3347 propositum
830 3266 887 3330 Dei
905 3277 1031 3330 maneat
1052 3268 1150 3345 <sicut
1169 3271 1264 3347 potant

168 3368 312 3450 quidam)
335 3368 418 3430 tacta
440 3377 515 3431 sunt
537 3368 592 3430 iiia
615 3369 744 3445 quidem
768 3370 934 3442 coelestia,
950 3369 1028 3432 baec
1049 3376 1159 3430 autem
1182 3375 1264 3430 terre-

166 3472 257 3543 stria,
280 3477 311 3532 et
333 3470 395 3530 alia
419 3469 554 3543 inferna,
579 3489 640 3531 oon
662 3490 702 3531 ex
725 3471 890 3546 operibus,
916 3479 951 3532 ut
974 3478 1088 3548 putant
1121 3470 1195 3543 ilii,
1220 3463 1261 3529 sed

169 3591 286 3643 exeo,
309 3569 364 3648 qui
390 3571 528 3631 vocavit.
554 3589 569 3627 n
596 3569 644 3631 Ex
666 3570 783 3649 quibus
809 3571 914 3632 verbis
935 3589 1009 3632 cum
1033 3567 1265 3648 penitusexclu·

169 3676 267 3735 datur
287 3674 467 3734 animarum
492 3670 738 3746 praeexistentia
762 3670 939 3731 secundum
968 3667 1108 3731 Platonis
1132 3675 1263 3734 mentem·

171 3774 245 3834 binc
267 3775 446 3835 necessario
470 3772 660 3833 excluditur
683 3790 814 3852 quoque
838 3790 878 3832 ex
902 3774 1082 3832 successiva
1118 3768 1266 3833 discussio·

169 3889 232 3946 oe,
256 3871 359 3933 ubic.
383 3871 516 3935 Censori
542 3871 644 3933 visum
667 3881 716 3934 est
738 3872 818 3932 banc
849 3870 991 3932 tabulam
1022 3870 1187 3933 admisisse
1207 3864 1265 3930 Ori·

170 3988 293 4132 tenea·
312 4088 347 4133 re
368 4073 498 4151 quidem
523 4091 619 4136 rorat
646 4094 660 4132 a
688 4071 790 4153 igitur
810 4068 943 4149 (subditi
966 4070 1051 4133 sicut
1073 4070 1113 4131 de
1136 4068 1216 4133 Esau
1241 4068 1267 4126 ei

168 4166 271 4234 Jacob
293 4173 475 4254 diligentius
498 4176 707 4254 perscrutatis
729 4176 905 4254 scripturis
928 4173 1103 4246 invenitur,
1124 4172 1265 4250 quianon
