2886 4784
262 444 357 525 justis
378 445 560 525 adiutorem
578 442 648 506 iore
663 462 673 522 3
689 441 782 504 tidem
799 461 832 504 se
847 457 975 520 temper
989 441 1138 506 omnibus
1153 449 1382 516 servaturum,

267 556 300 608 et
321 547 460 606 tnesimc
481 546 518 607 iis
540 547 595 623 qui
620 547 797 620 imperant,
820 552 852 604 ct
874 545 917 605 eis
940 543 1258 620 obtemperaturum.
1286 564 1302 600 o

350 643 451 706 Paulo
475 654 545 722 post
566 645 715 722 sequitur
741 640 893 703 Flavius:
918 663 934 700 ι(
956 633 1044 721 Τοιίς
1077 633 1110 708 δὲ
1132 637 1183 708 ἐπ’
1202 637 1392 763 ἀξιοχρέοις

263 739 511 843 ἁμαρτήμασιν
534 739 696 821 ἁλόντας,
720 738 919 831 ἐκβάλλουσι
943 745 1000 813 sio
1033 744 1210 838 τάγματος.
1236 740 1310 814 ὅδε
1338 745 1389 815 ἐκ·

266 842 386 949 κριθείς
400 846 553 943 οἰκτίστῳ
568 845 723 926 πολλάκις
739 852 833 947 μορῳ
849 847 1087 954 διαφθείρεται·
1108 850 1177 931 τὰις
1191 844 1256 944 pap*
1276 841 1387 952 ὅρκοις

265 948 324 1024 καί
345 953 414 1034 τῧις
434 951 537 1025 ἔθεσιν
560 950 771 1042 ἐνδεδεμένος,
795 948 867 1020 ἁνδέ
888 968 946 1035 τῆς
969 951 1058 1057 παρά
1080 954 1150 1034 τὰις
1173 953 1286 1036 ἄλλοις
1315 978 1387 1058 τρο-

266 1072 327 1151 ρῆς
350 1057 486 1129 δύναται
511 1056 798 1151 μεταλαμβάνειν·
815 1067 984 1152 ποηφαγῶν
1002 1052 1037 1129 δέ
1052 1056 1109 1131 καὶ
1132 1060 1218 1154 λιμῷ
1235 1060 1278 1128 το*
1291 1067 1387 1154 σῶμα
1423 1137 1430 1148 ,

264 1163 452 1259 τηκόμενος,
476 1161 707 1262 διαφθείρεται.
734 1163 800 1231 dio*
820 1162 860 1245 δή
885 1164 1018 1246 πολλὰυς
1039 1165 1227 1247 ἐλεήσαντες
1249 1163 1283 1236 ἐν
1314 1171 1386 1248 τᾶις

266 1267 424 1366 ἐσχάταις
447 1267 622 1349 ἀναπνοαῖς
645 1264 817 1359 σἀελαβον,
844 1265 959 1352 ἱκανήν
981 1269 1033 1340 ἐπὶ
1058 1271 1127 1352 τδις
1140 1265 1384 1365 ἁμαρτήμασιν

266 1376 367 1447 ἁντὼν
391 1377 450 1455 τὴν
473 1373 576 1476 μέχρι
607 1371 748 1445 θανάτου
780 1371 929 1464 βάσανον
962 1372 1137 1469 ἡγάυμενοι
1161 1381 1184 1439 i.
1208 1396 1237 1439 e.
1265 1375 1385 1457 Depre·

269 1486 383 1546 bensos
407 1502 484 1543 vero
507 1486 536 1542 in
553 1483 690 1560 peccetis
705 1499 722 1542 a
738 1500 795 1543 sua
812 1489 1058 1562 congregatione
1074 1484 1263 1562 depeltuuts
1279 1486 1383 1564 etqui

272 1585 381 1645 tstiter
403 1584 500 1645 suerit
522 1585 766 1653 condemnatus,
790 1584 964 1647 miserabili
981 1585 1174 1664 plerumque
1189 1594 1295 1648 morte
1311 1603 1384 1672 con·

269 1685 421 1746 sumitur.
447 1683 512 1745 uus
535 1684 663 1762 quidem
679 1685 887 1745 sacrementis
903 1702 940 1747 sc
958 1685 1071 1746 ritibus
1087 1685 1262 1763 obligatus,
1279 1702 1384 1765 neque

269 1802 386 1862 cepere
408 1783 552 1846 oblatum
575 1783 615 1843 eb
636 1784 706 1845 eliis
728 1783 917 1845 elimentum
942 1794 1056 1863 potest.
1074 1782 1200 1846 Herbus
1220 1802 1302 1846 vero
1320 1803 1385 1847 mo·

271 1903 305 1946 re
327 1887 488 1964 pecudum
513 1885 685 1962 decerpens
707 1892 738 1945 et
763 1885 846 1946 teme
862 1904 979 1947 exesus
995 1902 1053 1964 per
1067 1885 1210 1947 membru
1235 1903 1386 1948 corrum-

270 1988 370 2064 pitur.
393 1985 443 2048 Ob
465 1985 552 2065 quod
576 1989 671 2046 etium
695 1986 853 2063 plurimos
876 1986 1071 2064 plerumque
1099 1987 1256 2060 miserati,
1279 1993 1386 2048 extre-

271 2106 358 2148 mum
381 2089 529 2163 spiritum
552 2097 693 2164 egentes,
719 2097 931 2163 receperunt,
954 2086 1163 2150 sufficientem
1186 2105 1248 2166 pro
1275 2105 1385 2166 peccu-

271 2191 309 2250 tis
331 2207 459 2259 eorum,
483 2206 566 2266 quse
589 2188 753 2266 usquead
777 2197 913 2250 mortem
930 2189 1115 2263 adduxerit,
1132 2206 1270 2268 poenum
1286 2189 1384 2253 luisse

254 2299 444 2370 censentes.
468 2309 483 2346 ν

355 2393 542 2474 Anonymus
566 2410 642 2453 vcro
664 2392 745 2453 benc
776 2393 877 2469 ipsum
910 2391 1094 2470 pericopem
1123 2394 1165 2453 ita
1198 2395 1381 2472 expressit:

268 2488 370 2561 Είδέ
391 2514 442 2570 τις
463 2488 495 2559 ἐν
518 2487 738 2585 ἁμαρτήματι
764 2485 830 2561 τινὶ
845 2490 1070 2586 καταγνωσθῇ,
1086 2488 1309 2584 ἁποβάλλεται
1330 2492 1384 2560 siv

265 2597 451 2688 τάγματος·
467 2589 483 2662 ἁ
502 2591 535 2664 δὲ
552 2593 752 2686 doerit-sete
774 2595 864 2690 δεινῷ
887 2597 978 2699 μόρῳ
1000 2586 1065 2665 ’ἐσθ’
1088 2595 1138 2664 ὅτε
1152 2593 1384 2699 διαρθέιρεται.

270 2699 351 2778 Tae
371 2697 433 2793 γαρ
458 2697 566 2799 ὅρκοις
589 2700 647 2771 καί
670 2699 739 2782 τὸις
763 2699 863 2771 ἔθεσιν
888 2698 1087 2793 ἐνδεδεμένος
1110 2699 1181 2769 ἐν’δὲ
1206 2713 1268 2782 τῆς
1302 2693 1387 2804 παρὰ

267 2807 335 2885 τδις
356 2802 468 2886 ἄλλοις
491 2817 609 2906 τροφῆς
631 2803 766 2877 δύναται
795 2806 1072 2899 μεταλαμβάνειν.
1088 2802 1183 2876 'uec’
1206 2800 1262 2875 ἁνν
1289 2813 1385 2897 σῶμα

266 2910 354 3004 λιμῷ
367 2908 626 3011 διαρθείρουσιν·
645 2907 712 2980 ὅθεν
728 2910 759 2980 ἐν
777 2910 931 3005 ἐσχάτοις
947 2907 1019 2980 ποτέ
1035 2909 1152 2983 ἐλεὰυσι
1170 2911 1306 2994 πολλους
1322 2909 1383 2993 ἤδη

268 3015 479 3101 ἐκλέιποντας,
495 3014 611 3098 ἱκανήν
623 3015 733 3099 άντὰις
745 3015 845 3124 μέχρι
858 3017 995 3090 θανάτου
1006 3015 1176 3110 ἐπιτιμίαν
1191 3015 1381 3112 ἡγούμενοι.

270 3128 291 3188 i.
315 3145 344 3188 e.
368 3125 474 3205 Siquis
496 3127 636 3187 criminis
658 3126 797 3204 aiicujus
822 3145 896 3187 rens
918 3126 1184 3204 deprehenditur,
1200 3143 1319 3188 corum
1340 3143 1380 3188 cx

271 3229 384 3290 ordine
406 3227 567 3307 dejicitur.
593 3224 655 3300 Qui
679 3234 787 3286 autem
810 3225 932 3305 ejectus
954 3235 1024 3298 est,
1047 3225 1220 3304 aliquando
1245 3233 1381 3288 mortem

270 3331 373 3393 diram
396 3328 474 3390 obit.
496 3327 577 3391 Nom
592 3327 784 3406 juramentis
807 3338 838 3388 et
861 3327 975 3389 ritibus
993 3320 1166 3406 obligatus,
1183 3344 1221 3387 uc
1243 3316 1381 3390 oliorum

271 3432 401 3510 quidem
423 3431 501 3491 escis
525 3431 570 3490 uti
593 3438 707 3506 potest.
734 3427 822 3491 Unde
843 3431 961 3500 evenit,
987 3437 1021 3490 ut
1044 3429 1206 3490 interdum
1229 3427 1317 3490 teme
1336 3424 1382 3490 'iu-
1431 3413 1439 3433 ’

272 3541 407 3596 tercent.
431 3528 650 3605 Quamobrem
682 3531 739 3608 ipsi
770 3532 910 3593 miserati
942 3537 1016 3592 sunt
1045 3530 1202 3607 plurimos
1234 3537 1383 3591 extrema

268 3635 335 3714 jam
359 3633 525 3711 potientes,
549 3647 608 3708 pro
631 3632 767 3707 peccatis
787 3632 862 3692 setis
878 3648 1068 3708 poenarum,
1084 3627 1170 3708 quod
1187 3627 1227 3689 sd
1244 3636 1382 3692 mortem

270 3734 475 3803 accesserint,
498 3731 620 3793 dedisse
636 3732 794 3793 arbitrati.
812 3750 828 3786 ν
846 3728 925 3792 Hinc
942 3739 1028 3808 potet
1044 3728 1262 3811 Anonymum,
1278 3745 1381 3808 qucu-

272 3836 380 3920 doque
401 3833 512 3895 eudem
538 3831 670 3911 Josephi
696 3832 790 3894 verbo
823 3833 1081 3909 transcripsisse,
1108 3832 1187 3893 atius
1220 3830 1383 3910 quaedum

273 3935 438 4007 omisisse,
464 3953 558 3996 sensu
589 3942 711 3995 tontum
737 3951 913 4009 expresso,
938 3932 1040 4010 glossa
1068 3932 1245 4011 aliquando
1270 3939 1303 3994 ct
1331 3948 1385 3994 ro·

272 4036 398 4098 subulis
414 4037 505 4096 noris
520 4043 552 4097 ct
567 4035 696 4114 quidem
721 4036 910 4096 recentioris
932 4034 1045 4094 aetatis
1060 4051 1178 4111 usum3
1199 4033 1302 4096 vetuti
1320 4032 1386 4114 ipsc

273 4135 350 4198 vidit
372 4134 530 4200 Gruicius.
555 4134 649 4210 Quod
672 4136 834 4196 innostro
856 4141 1047 4214 argumento
1068 4134 1144 4196 sotis
1165 4141 1223 4196 est.

354 4236 387 4298 tn
412 4239 513 4299 attere
541 4245 632 4315 perte
655 4236 843 4320 Anonymus
869 4235 908 4297 de
934 4235 1195 4313 patriarcharum
1221 4234 1383 4299 bebroeo·
