2886 4784
158 434 269 520 colligi
292 435 408 505 debeal
429 457 471 506 ex
496 436 569 517 fais,
591 458 676 521 qnae
701 439 838 521 sparsim
861 439 963 522 posito
986 443 1061 504 runt
1083 438 1113 502 in
1135 438 1279 523 Scriptu-

158 547 214 619 ris,
240 543 410 621 propriam
434 541 573 622 requirit
594 559 688 621 opus.
712 560 729 600 o

236 640 393 720 Quamvis
417 662 494 706 vern
516 641 673 723 Origenes
695 645 774 706 haec
795 642 910 708 doceat
925 634 1012 706 circa
1027 647 1152 707 animae
1167 664 1272 709 essen·

156 745 233 806 tiam
255 744 392 826 eiusque
415 746 594 824 ingressum
616 745 646 806 in
669 763 789 826 corpus
810 747 930 826 quippe
952 749 1102 826 expositu
1117 746 1270 811 difficilia:

157 854 301 907 attamen
324 864 436 920 sensns
459 845 547 908 iliius
569 864 631 908 non
653 847 759 908 solum
792 847 976 927 seiungitur
997 866 1013 908 a
1040 846 1180 910 Platonis
1209 851 1277 926 opi·

157 947 277 1021 nione,
298 949 354 1034 scd
377 965 418 1010 ex
441 947 580 1010 aduerso
604 948 724 1027 ubique
746 951 870 1011 accedit
891 947 1137 1028 Scripturarnna
1163 960 1277 1012 aucto·

159 1048 261 1123 rituti,
285 1065 383 1126 quam
403 1048 480 1129 jure
503 1048 548 1109 ait
568 1067 616 1124 se,
640 1057 673 1112 et
695 1047 837 1112 Platonis
858 1057 891 1112 et
912 1051 1051 1112 aliorum
1069 1051 1278 1130 philosopho·

159 1166 234 1213 rum
258 1148 384 1228 placitis
407 1149 599 1227 praeferrer
631 1157 663 1211 el
691 1153 857 1229 speciatim
888 1152 1076 1231 confugiens
1105 1152 1142 1212 ad
1175 1149 1279 1215 Gene-

157 1269 230 1314 seos
251 1251 357 1314 dicta:
378 1248 538 1329 faciamus
558 1246 713 1314 foeminam
734 1252 777 1314 ud
797 1249 966 1331 irncpirtcm
986 1261 1015 1314 ct
1033 1249 1279 1315 similitudinem

157 1358 313 1414 anstrum.
336 1347 379 1412 Et
398 1347 571 1430 inspiravit
592 1349 629 1412 irc
648 1351 762 1430 [aciem
792 1350 860 1432 ejus
890 1351 1093 1430 spiraculum
1124 1350 1217 1415 vitae.
1243 1354 1277 1416 in

158 1470 305 1534 quornm
323 1452 498 1515 verborum
521 1455 721 1531 expositione
739 1461 885 1516 veterum
910 1451 1043 1516 Patrum
1063 1460 1195 1516 secutus
1209 1472 1280 1516 sen·

159 1554 312 1626 tentiam,
332 1555 409 1616 satis
428 1554 573 1634 satisque
597 1554 802 1634 significavit,
826 1572 888 1616 non
910 1562 1003 1618 antea
1026 1552 1278 1619 creasseiieuna

162 1654 306 1716 animam
337 1671 434 1733 qnam
468 1657 623 1719 existeret
655 1675 797 1735 corpnsr
821 1677 838 1714 «
862 1651 991 1718 Artifex
1020 1655 1104 1718 enim
1130 1658 1278 1732 animae,
1356 1693 1359 1696 -

160 1756 284 1834 inquit,
306 1773 382 1818 cum
403 1774 473 1817 eam
492 1755 637 1836 primum
652 1758 817 1832 conderet,
835 1759 935 1820 dixits
954 1754 1113 1836 sociamur
1126 1756 1281 1821 homiuem

160 1855 207 1918 cd
238 1853 411 1935 imcpittcm
442 1864 470 1917 ct
500 1855 741 1920 similitudinem
770 1866 920 1919 nostram.
943 1875 959 1914 >t
982 1857 1014 1921 Si
1034 1856 1174 1935 primum
1205 1865 1282 1921 tunc

160 1958 291 2020 crearit
312 1955 400 2020 Deus
422 1959 574 2033 animam,
591 1960 723 2040 quando
734 1962 781 2033 ait
794 1956 954 2039 faciamus
974 1957 1130 2020 hominem
1145 1968 1207 2022 etc.
1225 1976 1281 2021 ax·

162 2057 313 2129 cluditur
335 2066 460 2137 tempus
483 2060 559 2122 huic
581 2061 736 2133 creationi
759 2059 965 2137 praecedens.
989 2056 1049 2120 Sed
1075 2076 1137 2121 non
1156 2067 1281 2121 tantum

164 2160 198 2221 in
226 2158 350 2221 lidamo
372 2179 435 2224 nna
458 2179 532 2224 cnm
555 2178 694 2238 corpore
716 2159 858 2223 condidit
884 2151 1022 2220 animam
1045 2176 1150 2234 suam,
1173 2159 1227 2220 sed
1250 2168 1283 2222 et

163 2261 251 2324 lianc
274 2261 303 2323 in
325 2262 461 2341 posteris
482 2263 553 2343 ejas
576 2263 652 2324 dicit
679 2263 790 2324 eadem
822 2262 947 2323 ratione
973 2261 1077 2323 Deum
1105 2259 1283 2324 infudisse:

165 2358 292 2435 «Quia
317 2359 403 2425 Deus
436 2360 596 2441 (Humilia
622 2360 664 2423 ti.
687 2381 716 2423 n.
739 2360 768 2427 f.
793 2365 822 2426 in
845 2360 1065 2441 Hieremiam)
1098 2361 1213 2431 bonam
1239 2364 1284 2424 ri·

165 2470 235 2527 tem
256 2463 413 2542 plantavit
434 2466 572 2527 animam
596 2465 733 2529 hominis
745 2486 756 2545 3
778 2466 832 2529 sed
858 2466 1081 2544 unusquisque
1107 2481 1284 2526 conversus

166 2564 277 2626 factus
298 2572 347 2627 est
368 2565 494 2626 divinae
517 2567 675 2629 voluntati
698 2569 892 2630 contrarius.
917 2585 933 2624 »
958 2564 1044 2629 Alibi
1075 2565 1183 2628 subdit
1204 2565 1284 2628 duas

164 2664 364 2730 snbstantias
387 2664 489 2729 Deum
511 2683 637 2730 creasse
658 2669 778 2729 eodem·
804 2676 948 2746 tempore
971 2669 1002 2729 in
1025 2666 1177 2736 homino,
1209 2663 1283 2726 nni·

163 2784 253 2830 mam
272 2774 300 2827 et
320 2783 444 2845 corpus,
466 2767 621 2830 hominem
642 2766 826 2830 anteriorem
850 2777 879 2828 ct
898 2765 1101 2839 interiorem,
1124 2767 1285 2828 mortalem

165 2873 196 2928 et
217 2863 437 2929 immortalem.
462 2864 508 2929 De
530 2868 664 2947 reliquis
685 2866 927 2930 conferantura
949 2885 999 2929 me
1016 2867 1156 2930 discussa
1180 2863 1286 2928 info-

159 2980 225 3028 ·mo
248 2964 288 3026 ii.
312 2984 340 3028 c.
364 2963 483 3030 XVlii.

252 3063 395 3146 ideoque
415 3084 490 3130 cum
506 3068 551 3131 ait
565 3066 721 3148 Origenes
743 3067 985 3148 expendendam
1007 3085 1076 3131 esse
1099 3085 1116 3128 a
1139 3065 1284 3146 Scripta·

167 3166 216 3230 ris
238 3167 362 3229 animan
384 3169 566 3241 notionem,
601 3170 786 3232 luculenter
818 3169 985 3243 declarat,
1018 3186 1076 3230 nec
1103 3184 1121 3228 a
1154 3167 1286 3229 Platone

166 3268 254 3330 hanc
276 3269 495 3346 repetendam,
512 3287 570 3334 nec
585 3270 729 3351 ejusdem
745 3271 1000 3350 amplectendam
1016 3268 1197 3347 opinionem
1212 3285 1283 3346 spe·

167 3368 280 3432 ciatim
302 3369 409 3447 quoad
432 3370 519 3433 iliius
542 3371 848 3450 praeexistentiam,
871 3389 946 3433 cum
969 3368 1086 3432 nedum
1114 3367 1283 3445 Scriptura

168 3470 291 3544 obstet,
314 3470 368 3532 sed
391 3479 423 3533 ct
445 3472 527 3534 hanc
549 3471 684 3548 refutet,
706 3471 980 3552 quemadmodum
1003 3489 1044 3532 nx
1069 3469 1220 3549 praefatis
1242 3478 1287 3530 te·
1406 3516 1408 3520 .

167 3571 330 3633 stimoniis
352 3573 561 3635 ostendimus.
587 3571 627 3634 Et
647 3590 722 3635 sane
754 3576 785 3636 in
819 3572 959 3652 Prologo
986 3569 1182 3634 Pericrcloo
1203 3587 1233 3631 n.
1257 3566 1286 3632 5.

170 3673 441 3753 interamnano
473 3674 670 3736 enucleanda
701 3675 759 3736 sibi
796 3675 966 3753 proponit,
998 3674 1123 3734 animae
1154 3689 1288 3751 quoque

167 3775 327 3854 pertingit
348 3776 593 3854 quaestionem:
619 3796 635 3835 «
658 3773 744 3841 Num
766 3776 889 3839 scilicet
919 3796 962 3838 ex
992 3775 1120 3839 seminis
1153 3773 1286 3836 traduce

168 3877 329 3949 ducator,
351 3876 395 3938 ita
417 3883 453 3938 ut
475 3877 557 3939 ratio
579 3878 678 3956 ipsius
702 3878 754 3962 rei
772 3878 950 3940 substantia
973 3878 1091 3939 inserta
1108 3875 1182 3955 ipsis
1195 3873 1289 3936 semi·

168 3975 271 4047 nibus
291 3977 520 4056 corporalibus
540 3978 714 4053 habeatur,
736 3998 775 4041 an
800 3998 877 4042 tero
900 3978 988 4042 alind
1012 3977 1128 4040 habeat
1150 3977 1290 4050 initium,

164 4087 204 4144 et
229 4077 291 4140 hoo
314 4078 418 4158 ipsam
441 4079 567 4143 initium
588 4079 614 4142 si
636 4080 780 4158 genitum
802 4090 862 4155 cst,
884 4087 942 4142 aul
964 4095 1027 4140 non
1050 4078 1214 4158 genitum:
1241 4075 1292 4134 rei

168 4187 268 4244 corte
287 4180 314 4242 si
335 4180 537 4244 extrinsecus
560 4182 690 4260 corpori
714 4183 836 4245 inditur
858 4199 916 4245 nec
937 4199 988 4258 ne,
1011 4180 1170 4274 nonsatis
1192 4176 1292 4239 maui-
